3900 6112
1841 343 1913 405 1504

671 346 915 411 GUITMUNDI
935 343 1201 408 ARCHIEPISG.
1224 346 1437 410 AVERSANI

137 351 279 416 '1503

184 551 216 604 in
231 549 305 605 Filio
321 564 391 619 pars
408 550 464 617 est,
488 547 560 601 nihil
576 547 654 600 enim
668 545 735 617 ejus
751 546 810 600 nisi
824 562 861 600 ex
880 545 975 614 Patre,
993 547 1020 599 et
1034 525 1060 578 Α
1074 544 1174 599 lumen
1190 546 1225 599 de
1241 545 1361 600 lumine.
1379 544 1437 598 Sed
1452 542 1521 615 quia
1535 558 1588 614 per
1605 541 1712 596 Filium
1735 540 1911 596 infirmatum

184 639 214 693 in
230 639 316 693 Patre
332 641 397 706 est,
414 653 449 690 ex
464 636 562 690 Patris
576 650 666 705 porro
682 633 739 703 (ll)
762 635 872 688 unitate
893 650 1020 704 prorsus
1075 632 1106 686 in
1126 649 1214 688 earne
1230 638 1257 688 et
1272 634 1446 688 stultistiarn
1468 633 1569 687 erucis
1586 631 1653 702 eius
1669 646 1726 686 nos
1742 630 1861 698 infirmi,
1887 635 1913 686 61

185 728 338 782 individua
355 729 383 780 et
394 742 542 796 nunqnam
554 726 711 796 geminata,
728 724 854 792 partium
871 723 1023 792 pluraliter·
1077 723 1168 792 stulti,
1187 723 1279 777 lortes
1296 724 1323 777 et
1339 723 1482 792 sapientia
1496 721 1564 775 faeti
1576 736 1700 791 sumus3
1716 722 1745 774 et
1761 720 1806 773 sic
1823 720 1913 775 sactus

184 821 243 870 tem
254 815 365 869 habere
376 831 434 869 non
446 818 552 884 potest.
565 813 609 866 Ex
619 817 678 867 toto
690 813 881 883 igitnrtotns,
893 827 947 865 nec
960 828 1023 865 rna-
1078 814 1123 865 est
1138 811 1225 866 nobis
1241 813 1305 882 ipse
1321 828 1337 865 u
1352 812 1414 865 Deo
1430 811 1583 880 sapientia,
1594 809 1733 880 ettvirtus
1748 812 1778 862 et
1790 806 1912 879 justitia,

184 904 234 976 jor
246 905 274 957 in
286 905 395 974 aliquo,
408 920 462 957 nee
477 903 584 968 minor,
598 902 674 955 idem
686 901 722 955 de
734 900 837 956 eodem
852 901 882 953 in
893 899 1025 954 essentia
1076 903 1108 953 ut
1121 915 1174 969 per
1189 901 1285 969 ipsius
1309 900 1506 954 infirmitatem
1530 905 1558 954 et
1573 903 1696 954 mortem
1720 897 1874 967 justificati
1889 904 1914 951 et

187 997 273 1047 natus
284 996 339 1046 est.
348 992 378 1046 Si
390 994 467 1045 enirn
477 992 656 1060 partemnon
666 990 764 1057 hebet,
775 1005 841 1042 eum
853 1003 888 1042 ex
900 989 949 1042 illo
961 988 1024 1042 etin
1078 989 1272 1055 corroborati,
1288 989 1324 1042 ad
1339 989 1581 1060 eognsseendum
1597 1004 1652 1058 per
1666 988 1768 1056 ipsum
1783 987 1913 1057 quando·

186 1081 236 1135 illo
248 1084 276 1135 et
284 1079 505 1151 jamindividuo
516 1079 565 1144 sit,
577 1078 743 1132 nullatenus
755 1076 940 1131 ditier·t.Nam
952 1077 977 1131 si
989 1077 1024 1130 de
1077 1091 1134 1146 que
1145 1077 1261 1130 Patrem
1277 1077 1521 1131 convalescamus
1534 1095 1541 1142 ;
1558 1077 1624 1130 ideo
1640 1076 1721 1131 enim
1735 1075 1818 1146 juste
1832 1075 1913 1144 qnasi

185 1170 235 1223 illo
252 1172 307 1232 cst,
318 1168 426 1238 aliquid
441 1167 507 1238 ejus
517 1167 692 1234 inselrabet,
705 1166 750 1219 vel
762 1165 860 1235 potins
871 1165 981 1235 aliquid
998 1177 1024 1230 si
1078 1165 1246 1233 specialiter
1261 1166 1313 1219 ilci
1324 1165 1480 1237 justitiam,
1493 1169 1579 1236 atque
1595 1167 1739 1219 virtutem
1755 1167 1783 1217 61
1799 1163 1913 1233 sapien·

186 1257 254 1327 ejus
270 1257 335 1326 ipse
351 1260 405 1310 est.
422 1256 515 1310 Porro
531 1256 558 1309 si
579 1255 688 1324 aliquid
712 1254 778 1324 eJus
795 1258 876 1323 parte
895 1252 1024 1307 carentis
1076 1252 1145 1306 tiam
1160 1254 1343 1308 confitemur.

188 1343 784 1413 habetvelest,totumilluminsepotius
797 1342 953 1411 habet,vel
967 1357 1026 1395 ma·
1113 1341 1161 1395 t'r.
1179 1341 1249 1396 ltem
1265 1342 1393 1412 Spiritus
1410 1347 1531 1397 sanetus
1548 1358 1614 1395 cum
1634 1341 1737 1395 Patris
1754 1345 1783 1394 et
1798 1340 1862 1395 Filii
1876 1341 1914 1394 di·

187 1436 246 1506 gis,
263 1436 355 1488 totum
370 1433 449 1504 quod
465 1435 511 1487 est
526 1433 584 1501 ille,
603 1433 667 1503 ipse
683 1435 739 1486 est.
755 1431 786 1485 Si
799 1446 871 1485 vero
883 1431 927 1485 sic
945 1430 1025 1483 illam
1078 1430 1153 1484 citur·
1168 1430 1306 1506 charitas,
1330 1430 1376 1485 vel
1393 1446 1486 1500 amor,
1503 1433 1551 1483 aut
1562 1431 1714 1499 voluntas,
1728 1446 1788 1484 non
1807 1430 1912 1485 idcirco

188 1522 284 1592 ipsam
312 1521 411 1574 Patris
435 1521 596 1575 essentiam
626 1522 655 1573 in
680 1536 712 1574 so
737 1521 825 1573 totam
846 1520 943 1587 habet,
968 1519 1024 1571 im·
1078 1518 1231 1574 amborum
1254 1519 1381 1589 qualitas
1407 1520 1544 1588 ereditur,
1568 1517 1657 1588 eujus
1682 1520 1780 1589 gratia
1803 1519 1913 1590 utrique

187 1613 265 1665 mota
280 1609 329 1662 illa
353 1610 483 1663 essentia
500 1609 563 1678 ipse
584 1612 639 1675 est,
657 1624 723 1661 enm
742 1609 770 1662 et
789 1608 884 1677 ipsius
909 1606 1024 1675 simpli·
1077 1607 1192 1677 quales,
1217 1610 1350 1662 amantes
1374 1608 1512 1662 videlieet
1534 1609 1604 1676 sint,
1620 1612 1670 1661 aut
1698 1607 1846 1673 volentes,
1869 1611 1914 1661 aut

187 1700 263 1753 eitaa
277 1697 428 1751 individua
445 1701 556 1767 partem
572 1696 722 1764 nesciens,
739 1696 968 1749 additamentum
982 1710 1025 1749 re·
1077 1697 1156 1749 certe
1173 1695 1354 1764 spirituales
1379 1696 1432 1750 sed
1449 1711 1515 1749 curn
1536 1697 1595 1750 sint
1610 1696 1701 1749 etiam
1725 1696 1838 1767 singuli
1856 1696 1913 1765 spi·

186 1786 433 1842 cusetzinnnllo
463 1801 589 1855 prorsus
615 1785 815 1840 essentialiter
830 1783 936 1838 dissert.
953 1783 1024 1837 ltem
1076 1784 1151 1836 ritus
1180 1787 1302 1838 sanctus
1332 1786 1410 1852 (nam
1438 1787 1466 1837 ct
1492 1785 1578 1838 Pater
1598 1786 1644 1838 est
1675 1784 1816 1854 spiritus,
1844 1785 1913 1838 sir-ut

185 1876 277 1948 igitur
294 1875 411 1929 omnino
432 1875 467 1928 ad
483 1874 643 1929 essentiam
658 1874 800 1944 quidquid
817 1876 862 1928 est
877 1874 974 1942 Pater,
997 1875 1026 1927 ot
1077 1872 1281 1941 scriptumest
1297 1888 1303 1927 :
1321 1873 1402 1928 Deus
1418 1879 1463 1927 est
1478 1873 1604 1944 spiritus
1620 1888 1627 1927 :
1646 1875 1677 1926 et
1693 1872 1791 1926 Filius
1812 1887 1912 1927 seeun-

189 1963 282 2018 Fitius
298 1965 353 2017 est.
1076 1959 1145 2013 dum
1160 1960 1352 2031 divinitatem)
1370 1962 1516 2031 spiritus),
1533 1964 1561 2015 et
1577 1962 1665 2015 Pater
1682 1966 1820 2027 sanctae,
1836 1964 1863 2016 et
1876 1960 1914 2014 Fi·

223 2052 270 2105 lV.
283 2051 392 2105 Eadem
403 2051 456 2105 tibi
475 2051 587 2106 ratione
600 2050 635 2105 de
653 2052 755 2105 sancto
777 2065 894 2121 quoque
912 2049 1024 2120 Spiritu
1039 2023 1062 2079 Β
1076 2048 1134 2102 lins
1150 2053 1282 2118 sanetus,
1300 2053 1401 2104 atrion
1419 2054 1480 2104 tres
1495 2048 1623 2119 Spiritus
1639 2050 1750 2116 sancti,
1769 2050 1823 2105 sed
1842 2065 1910 2104 nnus

190 2139 324 2194 satisfiat.
337 2139 392 2204 Qui
406 2141 482 2193 enirn
498 2140 563 2193 sine
577 2142 658 2208 parte
670 2139 706 2192 de
715 2139 867 2192 individua
879 2142 925 2192 est
935 2139 1023 2193 subs·
1075 2135 1206 2206 Spiritus
1217 2142 1350 2192 sanetus.
1366 2138 1478 2192 Etcum
1495 2139 1605 2210 singuli
1618 2139 1681 2193 sint
1696 2138 1841 2205 charitas,
1851 2139 1912 2208 qnia

189 2230 279 2285 tantia
300 2228 408 2296 Patris,
429 2245 484 2283 una
500 2232 527 2282 ct
542 2229 644 2282 eadem
661 2243 726 2282 curn
752 2228 840 2282 Patre
858 2227 1024 2282 substantia
1076 2223 1157 2278 Deris
1171 2225 1306 2280 alteritas
1322 2230 1377 2294 est,
1403 2231 1431 2281 et
1448 2227 1557 2298 singuli
1584 2242 1670 2280 arnor·
1695 2229 1747 2279 aut
1772 2227 1910 2294 voluntas,

187 2320 249 2383 est;
268 2317 354 2387 etqui
365 2320 447 2386 parte
463 2331 571 2370 carens
587 2316 623 2370 de
638 2315 845 2393 individuaest
860 2314 1024 2369 substantia
1076 2328 1131 2367 nec
1147 2317 1244 2368 tamen
1261 2316 1321 2368 tres
1334 2314 1506 2383 charitates,
1523 2315 1568 2368 vel
1579 2330 1713 2383 amores,
1731 2315 1913 2368 6616616616-

190 2405 263 2469 Filii;
289 2420 346 2458 nna
369 2408 397 2459 et
423 2405 524 2459 eadem
550 2421 616 2458 oum
632 2404 706 2458 Filio
728 2403 894 2458 substantia
909 2405 965 2458 est.
990 2403 1025 2457 Et
1076 2405 1133 2472 tos,
1152 2402 1272 2456 seduna
1287 2403 1426 2472 charitas,
1440 2420 1519 2457 unus
1533 2419 1627 2467 amor,
1643 2420 1706 2458 una
1722 2405 1871 2458 voluntas.
1886 2402 1912 2455 ll-

188 2509 284 2548 euma
302 2493 387 2547 Patre
399 2493 486 2546 simul
504 2494 642 2562 procedat
654 2496 682 2547 et
693 2493 777 2561 Filio,
790 2508 847 2547 non
866 2493 932 2546 duae
955 2494 1024 2546 sunt
1077 2490 1137 2545 lum
1154 2496 1250 2546 tamen
1261 2493 1312 2562 qui
1327 2508 1362 2546 ex
1378 2492 1464 2546 Patre
1475 2493 1607 2562 procedit
1617 2496 1647 2547 et
1662 2492 1752 2562 Filio,
1768 2493 1912 2564 quasipro

188 2582 410 2653 processiones,
422 2582 473 2635 sert
487 2597 542 2635 una
554 2582 719 2652 processio,
732 2597 786 2635 nec
797 2582 855 2634 dno
866 2583 936 2635 sunt
955 2580 1023 2649 Spi-
1079 2580 1142 2649 prio
1154 2579 1293 2649 Spiritum
1307 2582 1451 2649 sanetum,
1466 2581 1513 2636 vel
1524 2582 1766 2651 charitatem,vet
1781 2596 1910 2648 amorem,

185 2672 262 2726 ritus
279 2671 383 2738 sancti,
401 2671 455 2724 sed
471 2686 548 2724 unus
570 2670 696 2740 Spiritus
712 2673 846 2723 sanetus
868 2669 940 2733 Quia
956 2684 1023 2723 cum
1078 2668 1126 2722 vel
1141 2669 1319 2723 voluntatem
1341 2670 1438 2724 Patris
1454 2673 1482 2724 et
1498 2668 1562 2723 Filii
1584 2670 1734 2735 dicrmus;
1753 2676 1787 2725 ut
1801 2687 1853 2741 per·
1865 2670 1911 2723 hoe

187 2775 243 2814 nec
258 2758 323 2813 loco
348 2759 452 2827 divisa,
478 2774 532 2812 nce
557 2763 699 2827 tempore,
717 2774 773 2812 una
798 2757 837 2812 sit
852 2773 977 2828 prorsus
995 2760 1024 2812 et
1079 2757 1157 2826 qnod
1173 2757 1252 2812 velut
1269 2773 1357 2812 sunm
1372 2758 1459 2812 habet
1475 2760 1505 2812 in
1519 2760 1650 2828 nomine,
1667 2760 1752 2831 quod
1769 2772 1911 2815 commune

186 2847 290 2902 eadem
314 2847 410 2901 Patris
427 2850 455 2902 et
478 2846 543 2901 Filii
557 2847 733 2917 substantia,
749 2847 878 2917 Spiritus
901 2849 1023 2901 sanetus
1077 2847 1124 2898 est
1139 2844 1176 2899 iis
1186 2860 1224 2899 ex
1238 2846 1347 2916 quibus
1362 2849 1408 2900 est
1420 2846 1449 2900 id
1457 2847 1632 2918 designetur
1643 2847 1912 2918 aliquatenus,tquia

186 2935 274 2990 simut
291 2937 326 2990 ab
343 2938 468 3007 utroquo
487 2936 662 3004 procedens,
688 2935 791 2990 eodem
806 2936 871 3005 ipso
891 2935 971 3006 quod
986 2935 1022 2989 ab
1078 2932 1144 3002 ipse
1160 2934 1196 2988 ab
1212 2936 1337 3005 utroque
1353 2935 1496 3005 existens,
1515 2937 1685 2991 eommunis
1700 2941 1761 3005 cst,
1776 2936 1911 2991 consubs-

186 3040 246 3080 uno
256 3025 398 3095 procedit,
410 3025 498 3079 simul
510 3025 586 3079 idern
608 3024 741 3094 procedit
751 3025 787 3079 ab
799 3024 900 3079 altero.
914 3024 977 3078 Hoc
993 3025 1024 3077 in
1078 3022 1217 3092 tantialis,
1234 3026 1262 3077 et
1275 3039 1371 3078 nexus
1387 3024 1551 3079 amborum.

187 3113 351 3186 Evangelio
373 3112 529 3168 Dominum
558 3113 712 3168 docentem
736 3114 863 3181 attendo,
890 3113 941 3168 ubi
959 3113 1023 3168 ait:

190 3201 260 3255 Cum
276 3201 392 3255 venerit
409 3199 586 3254 Paracletus
601 3216 684 3272 quem
707 3217 761 3271 epo
776 3201 890 3254 mittam
908 3199 1023 3255 vobisc

185 3289 291 3345 Patre.
309 3289 373 3362 Ego
386 3290 522 3343 mittama
536 3289 623 3343 Patre
634 3289 717 3358 dixit,
732 3290 803 3344 acsi
818 3289 930 3343 diecret
942 3305 948 3343 :
959 3289 1024 3344 Una

188 3381 234 3432 est
250 3378 316 3449 ejus
333 3379 489 3448 processio
515 3393 531 3430 a
547 3392 593 3432 me
615 3382 642 3431 et
657 3378 752 3432 Patre.
774 3377 809 3432 Et
830 3379 998 3447 paulopost
1016 3393 1022 3433 :

186 3466 242 3521 Ille
258 3483 313 3534 me,
332 3467 435 3538 inquit,
454 3464 643 3533 clarificabit,
661 3465 727 3536 quia
752 3466 789 3520 de
804 3482 867 3521 meo
886 3467 1024 3554 accipiet,

187 3559 216 3609 et
232 3553 420 3608 annuntiabit
439 3552 532 3608 vobis.
551 3552 653 3607 Omnia
670 3570 844 3626 qnareonqnc
859 3555 948 3610 dabat
966 3557 1022 3610 Pa-

189 3647 246 3711 ter,
260 3657 324 3695 mea
336 3647 423 3707 sunt,
436 3642 671 3712 proptercadiai
686 3644 751 3714 qnia
767 3645 804 3699 de
815 3646 1021 3716 mcoaceipiet,

188 3737 218 3785 et
234 3729 423 3784 annuntiabit
442 3729 534 3785 vohis
551 3731 581 3785 ld
598 3734 643 3785 est
658 3732 823 3787 substantia
834 3749 921 3803 quam
936 3733 1024 3790 habet

188 3819 284 3884 Pater,
302 3821 331 3873 61
346 3834 409 3874 mea
424 3835 482 3872 nna
498 3823 564 3889 est3
586 3823 740 3890 propterea
758 3822 808 3892 qui
823 3838 860 3875 ex
875 3822 962 3876 nobis
978 3825 1024 3877 est

189 3907 319 3978 Spiritus
337 3913 469 3978 sanetus,
488 3925 552 3963 eum
570 3911 605 3964 (16
619 3911 707 3966 Patre
718 3915 774 3980 est,
787 3912 882 3973 dame
898 3916 953 3967 est.
971 3912 1024 3967 Est

188 3997 279 4069 igitur
299 3997 426 4067 Spiritus
450 4001 571 4053 sanctus
596 4015 653 4053 una
672 4000 833 4071 eademque
858 4000 1025 4056 substantia

188 4102 255 4141 curn
278 4087 365 4140 Patre
387 4091 414 4140 61
436 4087 527 4157 Filio;
553 4091 601 4142 est
621 4104 699 4143 unus
721 4089 887 4159 utriusque,
908 4105 1024 4161 unaque

1116 3109 1177 3165 Vll.
1195 3111 1236 3165 ltu
1249 3128 1316 3166 cunr
1331 3116 1360 3166 et
1373 3113 1462 3166 Pater
1484 3114 1612 3168 essentia
1628 3117 1659 3168 61
1674 3114 1857 3184 principium
1870 3114 1911 3180 sit,

1080 3201 1109 3253 et
1123 3198 1310 3271 Filiusaeque
1326 3202 1456 3256 essentia
1477 3207 1506 3256 et
1520 3203 1701 3272 principium
1718 3204 1772 3270 sit,
1798 3202 1912 3273 Spiritus

1080 3302 1198 3358 quoqne
1215 3292 1336 3344 sanetus
1348 3290 1539 3345 nihilominus
1551 3292 1686 3345 essentia
1701 3296 1734 3346 et
1747 3290 1911 3362 principium

1081 3376 1129 3443 sit,
1146 3391 1200 3430 nee
1215 3380 1276 3432 tres
1292 3380 1443 3449 essentiae,
1459 3382 1509 3433 aut
1533 3380 1588 3433 tria
1604 3379 1771 3449 principia,
1796 3380 1847 3433 sed
1864 3392 1910 3431 um

1080 3465 1211 3519 essentia
1226 3469 1254 3520 et
1269 3482 1358 3521 unum
1374 3468 1568 3538 principium3
1584 3470 1621 3523 de
1640 3469 1731 3523 Patre
1748 3472 1845 3523 tamen
1858 3468 1911 3522 hac

1081 3555 1166 3624 quasi
1182 3555 1299 3624 proprie
1315 3555 1452 3624 dicimuS,
1469 3558 1499 3609 ut
1513 3570 1568 3625 per
1583 3555 1642 3610 hoc
1658 3559 1838 3612 noverimus
1855 3556 1911 3626 quia

1082 3641 1145 3711 ipse
1156 3643 1197 3696 itu
1211 3646 1267 3713 est,
1285 3647 1316 3697 ut
1331 3644 1369 3698 sit
1384 3661 1421 3698 ex
1436 3659 1470 3698 se
1486 3661 1492 3698 :
1509 3650 1537 3699 et
1553 3644 1596 3698 sie
1612 3645 1801 3715 principium
1817 3655 1867 3711 est,
1885 3648 1912 3697 ut

1081 3746 1140 3786 non
1165 3732 1272 3786 exalio
1300 3733 1340 3786 sit
1367 3733 1520 3803 principio,
1544 3735 1660 3787 tantum
1675 3750 1716 3788 ex
1733 3750 1782 3802 se,
1807 3740 1909 3789 caeterae

1080 3835 1153 3875 vero
1164 3836 1301 3890 personae
1312 3836 1350 3875 ex
1364 3822 1439 3891 ipso.
1452 3822 1526 3875 Nam
1537 3821 1633 3876 Filius
1645 3823 1798 3895 quidquid
1808 3824 1910 3878 omnino

1081 3913 1137 3978 est,
1155 3925 1214 3964 non
1229 3925 1265 3964 ex
1279 3925 1323 3979 se,
1334 3910 1388 3965 sed
1403 3927 1441 3964 ex
1455 3911 1558 3979 Patre,
1575 3911 1647 3965 item
1655 3910 1795 3981 Spiritus
1806 3916 1911 3967 sanctie

1080 4013 1139 4052 non
1153 4013 1190 4052 ex
1207 4014 1251 4068 se,
1269 4000 1322 4054 sed
1338 3999 1480 4070 quidquid
1501 3999 1621 4054 omnino
1637 4005 1696 4068 est,
1713 4016 1754 4056 ex
1779 4003 1862 4056 Putre
1874 3998 1911 4053 Fi·

1081 4086 1179 4157 lioque
1196 4090 1252 4142 est.
1278 4087 1336 4143 Sed
1359 4086 1410 4160 [et]
1425 4091 1457 4142 ut
1472 4104 1510 4142 ex
1524 4087 1597 4141 Filio
1608 4090 1775 4159 ‘procedat
1789 4091 1911 4161 Spiritus,

105 5744 117 5751 .
185 5700 348 5777 pareest:
365 5711 431 5752 nam
442 5711 572 5771 primum
583 5714 632 5773 pr.
648 5700 707 5757 inc.
723 5708 771 5757 ast
785 5721 794 5757 ι
809 5718 874 5758 nec.
896 5743 903 5759 .
925 5744 933 5760 .
956 5746 962 5761 .
985 5745 992 5762 .
1016 5745 1023 5763 .

188 4174 324 4246 ejusdem
339 4175 376 4229 ab
392 4177 515 4245 utroque
526 4177 691 4246 processio.
703 4175 949 4247 Quaproptertria
960 4178 1025 4232 haec

187 4263 227 4318 ita
243 4265 272 4317 in
288 4279 345 4318 uno
362 4263 433 4333 Deo,
450 4264 497 4318 vel
508 4264 546 4318 ita
561 4280 638 4319 unus
651 4265 730 4320 Deus
746 4268 825 4331 sunt,
843 4269 874 4320 ut
887 4281 976 4320 unum
988 4267 1024 4321 ad

186 4353 315 4408 invicem
338 4353 403 4407 sine
430 4352 489 4406 ulta
513 4353 651 4408 distantia
676 4354 725 4424 sit,
750 4354 891 4425 quidquid
914 4370 967 4425 per·
990 4371 1023 4410 se
1081 4354 1208 4426 aPatre,
1231 4359 1262 4410 ut
1285 4356 1401 4426 exipso
1421 4355 1460 4410 sit
1482 4355 1623 4425 Spiritus.
1650 4356 1790 4426 Spiritus
1811 4369 1911 4429 quoqne

188 4440 307 4513 singula
322 4440 520 4495 essentialiter
535 4443 612 4496 sunt.
1040 4468 1065 4522 D
1081 4448 1202 4500 sanetus
1213 4445 1399 4514 procedendo
1410 4460 1426 4498 a
1438 4444 1533 4512 Patre,
1543 4444 1580 4498 ab
1591 4444 1661 4515 ipso
1673 4445 1910 4516 habetntexipse

225 4530 259 4583 V.
271 4529 400 4584 Proinde
418 4529 496 4600 quud
514 4530 658 4599 sapientia
668 4530 715 4585 vel
735 4531 829 4587 virtus
844 4533 940 4587 Patris
956 4532 1026 4587 dici·
1079 4534 1117 4588 ita
1131 4534 1179 4604 sit,
1197 4540 1228 4587 nt
1248 4534 1337 4588 simul
1354 4534 1441 4588 etiarn
1467 4533 1574 4588 existat
1596 4549 1637 4588 ex
1660 4534 1756 4591 Filio.
1778 4537 1819 4592 lta
1837 4537 1912 4607 ip‘tur

187 4621 237 4673 tur
249 4617 353 4687 Filius,
366 4619 505 4688 qnoniam
516 4634 621 4689 sapere
637 4620 683 4674 vel
700 4635 789 4689 posse
807 4621 967 4676 essentiale
982 4621 1026 4675 illi
1080 4626 1149 4676 sunt
1160 4622 1278 4694 singula
1287 4622 1426 4693 omnium,
1437 4624 1465 4677 ct
1484 4623 1579 4677 omnia
1596 4623 1808 4695 singulorum,
1820 4632 1846 4682 et
1859 4639 1909 4678 om·

190 4710 247 4777 est,
263 4707 457 4777 nonqualitas
476 4708 727 4775 eroditnri‘atris,
744 4725 801 4779 qua
814 4710 901 4764 Pater
917 4711 1024 4780 qualis,
1080 4712 1127 4765 nia
1139 4727 1245 4781 unum,
1265 4715 1347 4767 certo
1360 4715 1468 4782 tamen,
1480 4716 1511 4766 ut
1527 4711 1600 4781 dixi,
1621 4714 1758 4769 rationis
1774 4713 1907 4786 misteria

190 4795 312 4866 sapiens
329 4794 466 4849 videlicet
491 4795 598 4849 dieitur
611 4799 640 4850 et
658 4795 754 4865 tortis,
772 4798 883 4851 sedeat
897 4798 1027 4867 per-fecta
1079 4800 1214 4870 qnaedam
1226 4801 1311 4872 quasi
1325 4803 1446 4872 proprie
1460 4801 1495 4856 (16
1506 4801 1594 4855 Ρ61(6
1606 4801 1768 4873 dicuntur,
1780 4809 1812 4857 ut
1824 4815 1908 4857 essen·

190 4883 334 4953 sapientia
353 4897 407 4937 sna
426 4883 632 4953 ctvirtnssua,
646 4884 794 4956 singulus,
807 4886 886 4939 utita
902 4885 1027 4941 dixerim
1079 4889 1146 4942 tiele
1171 4891 1367 4960 principium,
1394 4890 1529 4962 quadam
1554 4889 1591 4944 de
1624 4890 1716 4962 Filio,
1750 4890 1906 4962 utjustitia,

188 4971 291 5037 Putem
304 4971 435 5043 perlecta
450 4972 633 5042 sapientiaet
644 4972 749 5041 virtus,
762 4974 899 5044 singulus
914 4974 1025 5045 Filius,
1078 4977 1184 5046 virtus,
1203 4979 1344 5048 sapientia
1353 4997 1360 5045 ;
1377 4979 1511 5050 quaednm
1526 4979 1561 5032 de
1576 4978 1697 5047 Spiritu
1715 4985 1830 5048 saneto,
1843 4976 1907 5031 vetut

189 5060 320 5130 perlecta
335 5060 479 5131 sapientia
495 5065 522 5115 et
540 5061 646 5129 virtus,
666 5062 805 5133 singulus
819 5063 945 5131 Spiritus
962 5080 1027 5119 san·
1080 5065 1136 5120 hoc
1152 5067 1230 5137 quod
1243 5068 1371 5138 Spiritus
1385 5071 1506 5122 sanctus
1524 5067 1644 5136 dicitnr,
1668 5071 1755 5139 quod
1775 5084 1851 5124 amor
1869 5061 1905 5116 vel

190 5151 256 5202 etue
274 5164 280 5203 :
297 5153 325 5203 et
337 5149 426 5203 simul
442 5165 500 5204 non
513 5152 575 5203 tres
592 5150 754 5221 sapientiae,
767 5152 1026 5221 autvi1·tute8,sed
1080 5155 1220 5225 charitate,
1239 5158 1286 5211 vel
1301 5158 1436 5212 voluntas
1451 5156 1593 5211 Potris'et
1618 5157 1688 5211 Filii
1715 5159 1903 5227 nuncupatur:

189 5252 247 5290 nna
267 5238 421 5307 sapientia,
440 5241 536 5292 etima
554 5239 649 5292 virtus
665 5242 785 5308 :estque
807 5238 899 5294 Filius
910 5242 1026 5311 supien—
1080 5248 1225 5314 qnatenus
1248 5261 1301 5315 per·
1322 5246 1388 5315 hoc,
1414 5246 1492 5299 sicut
1510 5245 1704 5317 dietumssest,
1730 5263 1787 5301 non
1802 5261 1836 5299 ex
1849 5242 1902 5307 alio,

189 5324 230 5379 tia
251 5323 460 5400 deysapientia
484 5326 581 5396 Patro,
613 5327 708 5381 virtus
727 5328 762 5382 (16
783 5328 890 5383 virtute
913 5330 1023 5386 Patre:
1080 5333 1648 5403 sedexseessePatrem3perFilium
1659 5327 1902 5404 veronosjnstil·

191 5411 269 5468 sicut
277 5414 408 5467 essentia
418 5415 454 5469 de
468 5416 609 5485 essentia,
620 5415 679 5470 vita
689 5417 725 5472 de
736 5417 804 5487 vita,
816 5417 895 5472 Deus
906 5418 942 5472 (16
953 5419 1024 5491 Deo,
1079 5428 1171 5493 certos,
1180 5423 1273 5479 sortes
1284 5424 1446 5495 doctosque
1456 5438 1526 5478 esse
1537 5437 1572 5478 ae
1584 5421 1797 5483 tuturosesse:
1808 5439 1823 5478 e
1834 5421 1900 5475 Patre

1081 4191 1097 4228 a
1113 4176 1198 4231 Patre
1213 4177 1269 4232 hoc
1285 4178 1375 4233 trabat
1389 4177 1493 4232 Filius.
1509 4177 1581 4231 Nom
1609 4179 1637 4231 si
1661 4179 1910 4250 quidquidlibet,

1081 4280 1118 4318 ex
1134 4264 1218 4320 Patre
1233 4266 1277 4319 illi
1291 4271 1352 4336 eet3
1377 4269 1406 4321 et
1419 4267 1449 4320 id
1472 4282 1509 4321 ex
1526 4267 1614 4320 Patre
1643 4269 1818 4340 nascendo,
1837 4268 1911 4323 habet

226 5625 285 5698 (ll)
299 5623 350 5680 Ex
365 5623 472 5680 Patris
483 5640 586 5706 porro.
606 5626 744 5684 Ediderat
757 5631 905 5686 Acherins
923 5647 929 5686 :
947 5632 1025 5689 nulla
1078 5636 1089 5690 i
1109 5652 1142 5691 se
1158 5651 1219 5692 corn
1240 5636 1327 5692 osuit.
1343 5637 1416 5692 Item
1431 5650 1486 5692 nee
1502 5678 1508 5691 .
1527 5675 1535 5691 .
1553 5677 1560 5691 .
1580 5644 1636 5696 ,61
1658 5639 1694 5696 in
1712 5638 1804 5697 Patre
1819 5639 1898 5694 ester
1943 5630 1949 5649 ¹

1105 5707 1193 5766 atris.
1237 5723 1308 5765 orro
1323 5710 1446 5781 unitate,
1463 5710 1520 5765 etc.
