3908 6112
115 259 175 323 507
630 257 662 319 S.
680 259 868 321 ANSELMI
886 256 1091 322 LUCENSIS
1106 256 1312 322 EPISCOPI.
1772 260 1832 326 5OE

155 459 201 516 75.
215 461 298 528 Quod
313 474 371 514 non
386 456 482 515 solnm
497 472 513 509 a
528 472 649 511 munere
664 456 807 522 pecuniae,
824 455 876 509 sed
893 457 944 509 eta
960 435 989 497 Α
1038 454 1099 511 103.
1112 456 1354 513 UtEcclesianon
1364 456 1602 529 judiceturnisia
1613 458 1832 528 sucepiscopo,

116 567 238 608 munere
254 549 390 618 obsequii
405 552 432 601 et
447 546 557 616 linguae
574 544 818 600 cessandum'ost.
1001 545 1051 615 qui
1062 546 1087 599 si
1095 551 1269 614 persecutus
1279 546 1366 601 inerit
1377 549 1405 601 in
1413 563 1475 612 stra,
1491 546 1833 619 iugiatadaliam.Autsi

151 642 195 696 76.
211 640 293 705 Quod
304 638 488 692 Simoniacus
498 638 542 688 est
553 635 601 706 qni
610 651 661 704 pro
671 635 813 688 electione
826 634 945 702 praemia
1000 634 1229 690 utilitatisrausn
1242 636 1328 690 inerit
1337 636 1503 699 mutandus,
1516 653 1573 691 non
1582 652 1674 705 perse
1686 636 1742 691 lroc
1751 640 1832 707 agat.

116 732 250 802 largitur.
1035 723 1095 777 llll.
1119 723 1201 788 Quod
1224 741 1282 779 non
1304 728 1418 794 oportet
1439 727 1611 796 episcopum
1634 725 1680 780 vel
1696 726 1832 795 reliquos

150 818 194 874 Π.
206 818 260 882 Qui
271 814 573 870 contraSimoniaram
585 816 612 868 ct
624 813 836 883 neoplrptorum
853 811 946 865 iratre-
999 803 1119 866 ordines
1137 813 1315 885 demigrare.

117 908 174 962 sim
187 903 380 961 ‘vehementer
397 919 455 957 non
470 904 587 971 arserit,
603 906 717 972 partem
745 900 865 955 habebit
880 915 946 953 cum
1034 900 1094 956 105.
1118 901 1200 966 Quod
1222 903 1251 956 in
1277 903 1445 958 civitatibus
1460 904 1570 974 quibus
1585 903 1653 957 olim
1672 902 1760 973 primi
1777 903 1832 957 ssa·

116 996 176 1051 illis
191 1013 208 1050 a
223 996 332 1066 quibus
348 993 466 1062 incepit.
998 990 1093 1045 mines
1108 995 1200 1061 erant,
1217 992 1359 1062 primates
1381 996 1409 1046 et
1423 991 1607 1062 patriarchas
1622 1006 1692 1047 esee
1705 995 1833 1046 sanctus

150 1085 194 1139 78.
212 1086 253 1138 lle
270 1083 455 1138 damnatione
471 1096 573 1135 eorum
588 1081 638 1150 qui
655 1080 762 1134 donum
779 1080 829 1134 Dei
846 1082 946 1134 emunt
998 1079 1104 1135 Petrus
1119 1082 1269 1151 praecepit,
1281 1082 1310 1136 in
1325 1081 1435 1152 quibus
1448 1080 1668 1136 archiflamines
1683 1080 1832 1152 arehiepi-

116 1175 163 1229 vol
179 1173 317 1228 vendunt.
999 1170 1083 1238 scopi
1098 1172 1211 1224 essent.

152 1261 197 1316 79.
215 1263 256 1316 Ite
271 1261 458 1315 damnatione
473 1260 599 1314 haeresis
614 1259 800 1314 Simoniacae.
1034 1256 1094 1312 ⁴06.
1112 1259 1153 1313 De
1169 1258 1270 1313 eadem
1282 1275 1325 1314 re.

151 1351 195 1405 80.
215 1351 253 1405 Ut
265 1350 361 1405 omnis
371 1349 422 1420 qui
433 1350 633 1420 per-pecunias
648 1348 815 1402 dederitvel
826 1362 946 1416 accepe-
1034 1345 1095 1400 tot.
1118 1347 1201 1412 Quod
1221 1348 1375 1418 provincia
1398 1353 1445 1404 est
1459 1364 1525 1419 quae
1546 1349 1634 1403 habet
1655 1348 1759 1403 decem
1784 1348 1832 1403 vel

116 1441 153 1494 rit
168 1455 285 1494 sacrum
297 1439 439 1502 ordinem,
456 1456 473 1493 a
491 1440 585 1511 gradu
602 1455 656 1492 suo
673 1437 797 1492 decidat.
999 1435 1135 1490 undecim
1150 1437 1284 1492 civitates
1309 1453 1374 1491 cum
1393 1438 1553 1508 episcopia,
1568 1442 1596 1492 et
1610 1452 1700 1492 unum
1715 1452 1831 1508 regem.

149 1528 193 1584 8i.
208 1527 290 1593 Quod
307 1543 365 1581 non
375 1531 494 1598 oportet
509 1542 667 1597 episcopos
679 1530 728 1580 aut
737 1525 897 1597 quemlibet
911 1540 948 1578 cx
1035 1524 1096 1579 108.
1110 1525 1147 1579 Ut
1158 1526 1376 1596 metropolitani
1386 1541 1458 1581 suas
1469 1526 1640 1596 provincias
1651 1527 1832 1598 gubernent,

115 1617 194 1672 clero
205 1633 258 1686 per
273 1616 414 1686 pecunias
431 1617 572 1670 ordinari.
1001 1615 1195 1668 salvatamen
1210 1616 1371 1684 apostolica
1388 1616 1569 1670 auctoritate.

149 1704 192 1760 82.
209 1705 290 1760 Sicut
315 1721 419 1760 sacros
436 1706 566 1773 ordinae,
583 1705 667 1759 itaet
694 1704 824 1774 pallium,
851 1719 946 1774 neque
1038 1703 1098 1758 loe.
1111 1703 1192 1767 erod
1205 1704 1344 1773 primatos
1357 1705 1385 1757 in
1396 1701 1834 1775 majoribusurbibosdebeant

114 1811 167 1864 per
182 1795 305 1866 gratiam
322 1794 367 1848 vel
379 1808 485 1864 preces
497 1794 558 1848 (lari
571 1796 695 1863 oportet.
961 1783 988 1846 B
1002 1808 1081 1862 esso,
1099 1795 1148 1847 ubi
1164 1795 1290 1864 gentiles
1302 1795 1370 1848 olim
1380 1796 1581 1863 suospropter
1590 1793 1701 1864 maJ'ora
1713 1792 1836 1864 negotia

149 1881 193 1937 83.
211 1883 249 1937 Ut
264 1899 316 1952 pro
333 1883 516 1937 ordinatione
533 1882 579 1937 vel
608 1899 664 1937 usu
680 1882 770 1951 pallii,
789 1897 842 1936 scu
858 1882 945 1935 char·
1002 1883 1142 1951 primates
1157 1882 1351 1952 appellabant.

115 1976 210 2026 tarum
223 1975 310 2043 atque
326 1973 453 2042 pastelli,
471 1972 542 2027 nihil
559 1972 704 2026 commodi
720 1972 814 2026 detur.
1037 1972 1097 2024 llll.
1116 1972 1153 2025 l't
1168 1971 1299 2041 episcopi
1322 1972 1357 2025 ad
1372 1971 1539 2026 comitatum
1561 1987 1619 2025 non
1639 1972 1757 2040 vadant,
1775 1972 1834 2025 nisi

149 2060 193 2114 84.
207 2060 245 2113 Ut
260 2062 285 2113 si
301 2062 368 2131 quis
395 2061 638 2130 metropolitanus
653 2061 729 2113 intra
744 2064 806 2114 tres
823 2075 945 2115 menses
1000 2061 1152 2114 formatam
1169 2077 1184 2113 a
1200 2061 1331 2114 llomann
1350 2060 1484 2114 Ecclesia
1502 2061 1656 2129 accipiant.

114 2149 348 2203 consecrationis
360 2165 423 2203 suae
433 2150 468 2204 ad
485 2150 570 2204 fidem
580 2165 663 2204 suam
673 2149 876 2219 exponendam
888 2149 946 2218 pal·
1035 2148 1096 2202 tlt.
1114 2150 1152 2203 Ut
1174 2149 1273 2203 nullus
1295 2149 1454 2219 episcopus
1478 2150 1514 2203 ad
1533 2150 1698 2204 comitatum
1716 2151 1834 2220 pergat,

113 2237 243 2307 liumque
259 2238 482 2307 suscipiendum
497 2238 532 2291 ad
563 2239 665 2292 sedem
680 2238 871 2307 apostolicam
887 2253 944 2291 non
1000 2239 1056 2291 nisi
1069 2240 1192 2292 vocatus
1209 2254 1224 2290 a
1240 2237 1390 2309 religiosis
1407 2239 1643 2308 imperatoribus.

114 2327 238 2390 miserit,
255 2327 416 2381 commissa
426 2327 485 2381 sibi
501 2330 599 2381 careat
614 2327 766 2399 dignitate.
1036 2327 1096 2380 lta.
1121 2328 1158 2381 Ut
1173 2328 1223 2397 qni
1245 2327 1274 2379 in
1298 2327 1391 2381 canali
1414 2332 1483 2382 sunt
1504 2327 1647 2397 episcopi,
1670 2330 1777 2381 euntes
1795 2325 1834 2380 ad

150 2412 194 2469 85.
213 2415 250 2469 Ut
279 2416 468 2485 honorpnllii
495 2416 553 2470 nisi
574 2416 763 2487 exigentibus
787 2430 945 2469 carisarum
1000 2417 1168 2471 comitatum
1183 2416 1308 2471 sollicite
1324 2417 1493 2470 discutiant.

116 2505 235 2559 meritis
247 2503 420 2576 fortiterque
435 2505 593 2576 postulanti
608 2506 669 2560 dari
687 2520 744 2559 non
760 2505 873 2558 debeat.
1037 2505 1097 2559 ll3.
1123 2505 1164 2559 Do
1180 2506 1320 2575 episcopo
1343 2505 1458 2560 Sereno
1485 2506 1574 2559 invite
1600 2505 1636 2559 ud
1660 2505 1835 2559 comitatum

150 2592 193 2647 86.
209 2592 292 2657 Quod
309 2609 374 2647 cum
391 2610 447 2648 usu
464 2594 543 2664 palbi
554 2594 776 2664 semporaliqua
792 2593 945 2664 privilegia
1001 2610 1053 2665 pro
1071 2594 1136 2649 lacti
1153 2594 1362 2649 inhumanitate
1377 2595 1475 2649 ducto.

117 2685 186 2737 sunt
201 2683 391 2737 concedenda
408 2683 444 2737 ab
460 2684 633 2753 apostolico.
1038 2684 1065 2736 tl
1076 2683 1097 2736 t.
1124 2684 1193 2736 ltom
1215 2688 1245 2737 ut
1268 2684 1400 2754 episcopi
1423 2684 1458 2736 ad
1484 2683 1651 2738 comitatum
1663 2698 1724 2737 non
1738 2683 1835 2753 profi-

150 2770 194 2824 87.
211 2769 294 2834 Quod
309 2771 524 2840 archiepiscopi
539 2788 596 2825 non
613 2770 719 2826 debent
735 2771 776 2824 nti
791 2771 877 2840 pallio
889 2771 946 2825 nisi
1002 2772 1217 2826 ciscantnrnisi
1232 2771 1366 2826 consulto
1378 2772 1550 2841 apostolico.

115 2858 145 2913 in
157 2861 271 2917 missis.
1038 2866 1097 2921 tt5.
1107 2868 1144 2922 Ut
1152 2883 1236 2922 nemo
1244 2865 1741 2939 subjectusregulaeecclesiasticae
1750 2866 1839 2923 adeat

149 2947 193 3005 88.
206 2950 250 3005 Ne
261 2952 373 3023 absque
383 2953 501 3007 licentia
513 2951 595 3007 sedis
606 2949 944 3020 apostoliceeepiscopus
1001 2959 1218 3028 imperatorem,
1243 2957 1302 3010 nisi
1325 2972 1391 3010 cum
1415 2954 1539 3010 consilio
1553 2955 1773 3026 metropolitani
1786 2956 1837 3011 vel

114 3038 161 3092 vel
176 3040 318 3095 diaconus
335 3045 433 3097 utatur
448 3041 623 3095 dalmaticis.
1001 3046 1182 3119 reliquorum
1195 3046 1412 3116 episcoporum.

149 3128 193 3182 89.
208 3129 249 3184 lto
264 3132 436 3185 auctoritate
452 3130 637 3185 Arelatensis
653 3129 795 3198 episcopi.
960 3139 986 3204 c
1037 3136 1096 3190 ttss.
1111 3137 1213 3205 incipit
1229 3133 1353 3205 epistola
1368 3134 1491 3189 formata
1503 3151 1518 3188 a
1528 3133 1669 3188 trecentis
1686 3133 1836 3188 decernet

148 3216 193 3271 90-
209 3218 291 3282 Quod
307 3222 418 3274 lantum
434 3219 511 3274 intra
527 3220 688 3273 missarum
699 3215 841 3271 8010m11i⁸
857 3216 944 3285 pallio
1001 3228 1066 3280 octo
1081 3224 1240 3294 episcopis,
1258 3228 1286 3277 et
1300 3224 1395 3276 Attico
1407 3221 1738 3292 Constantinopalitanae
1751 3223 1837 3277 urbis

114 3306 253 3360 utendum
269 3309 316 3361 sit.
1000 3314 1140 3384 episcopo
1156 3313 1241 3366 edita.
1259 3312 1301 3366 lle
1313 3311 1416 3366 litteris
1428 3310 1629 3365 formatarum.

148 3392 192 3448 9¹·
210 3395 291 3459 Quod
308 3396 599 3468 sanctusGregorius
624 3393 797 3449 electionem
812 3393 945 3463 episcopi
1036 3401 1096 3456 tll.
1113 3402 1156 3455 Ne
1171 3403 1239 3472 quis
1264 3400 1424 3470 episcopus
1440 3400 1555 3454 ordinet
1578 3401 1627 3452 ant
1640 3398 1770 3454 retineat
1784 3399 1833 3455 vel

114 3481 251 3552 affirmat,
270 3485 424 3553 etpallium
444 3485 502 3538 det·
995 3490 1109 3562 judicet
1124 3491 1264 3544 clericum
1281 3489 1402 3543 alterius
1417 3489 1531 3559 absque
1548 3487 1614 3557 ejus
1628 3487 1792 3542 voluntate.

148 3571 192 3624 92.
210 3572 252 3625 lle
268 3572 369 3626 eadem
386 3588 429 3627 re.
1039 3579 1095 3633 tls.
1114 3580 1151 3633 Ut
1164 3579 1263 3633 nullus
1275 3579 1433 3648 episcopus
1449 3577 1484 3631 de
1500 3577 1621 3631 alterius
1635 3577 1780 3646 parochia
1796 3592 1831 3632 se

148 3658 292 3724 esocen
319 3661 612 3730 palliumnondcbet
633 3659 857 3729 cuiquamderi,
885 3659 943 3713 nisi
999 3670 1157 3742 quidquam
1173 3668 1345 3722 intromittat
1359 3666 1418 3719 nisi
1432 3669 1566 3737 rogatus.

113 3753 180 3820 post
193 3754 365 3804 consuetam
381 3749 447 3805 lidei
463 3749 693 3819 professionem.
1033 3757 1093 3813 119,
1112 3759 1153 3812 De
1168 3757 1270 3812 eadam
1287 3772 1329 3811 re.

148 3837 192 3893 el.
209 3839 291 3903 Quod
307 3840 482 3893 mutationes
498 3840 706 3909 episcoporum
715 3838 860 3892 communi
878 3852 943 3892 con·
1033 3848 1093 3902 120,
1111 3848 1152 3901 [te
1168 3847 1269 3901 eadam
1286 3861 1328 3899 re.

114 3927 180 3981 silio
196 3930 224 3982 et
238 3928 361 3982 utilitate
384 3943 437 3999 per
452 3928 644 3998 apostolicam
658 3927 860 3981 auctoritatem
879 3927 943 3981 lieri
1034 3936 1080 3991 1⁹21
1096 3937 1133 3991 Ut
1141 3937 1300 4006 episcopus
1311 3932 1480 3988 conleviter
1489 3932 1626 4003 cuiquam
1637 3930 1832 3990 dimissorias

112 4019 248 4087 possunt.
996 4026 1084 4081 faciat
1099 4026 1222 4079 litteras.

147 4103 191 4160 95.
204 4106 286 4171 Quod
302 4107 473 4161 sacerdotes
488 4107 523 4160 ad
540 4104 941 4176 ecelesiascupiditatisgra-
1031 4115 1091 4169 ηρ,
1109 4114 1153 4168 Ne
1167 4111 1347 4168 universalis
1361 4110 1518 4182 quisquam
1534 4111 1665 4163 vocetur.

113 4196 150 4250 tia
166 4196 294 4268 migrare
304 4212 363 4251 non
378 4196 495 4250 debent.
1033 4202 1094 4258 tte.
1112 4203 1153 4256 De
1170 4202 1271 4256 eadem
1287 4217 1329 4255 re.

146 4283 190 4338 96.
206 4283 289 4349 Quod
305 4285 330 4338 si
346 4285 516 4354 episcopus,
534 4284 673 4355 despecta
690 4283 806 4337 civitate
824 4298 887 4349 sua,
905 4281 941 4335 ad
1029 4291 1091 4348 m,
1107 4291 1189 4356 Quod
1204 4306 1277 4361 papa
1292 4290 1464 4359 episcopum
1479 4287 1646 4342 damnatum
1657 4291 1758 4356 possit
1778 4302 1830 4343 η.

112 4373 252 4444 majorem
282 4373 462 4444 migraverit,
490 4377 588 4428 careat
615 4375 673 4425 tam
702 4372 821 4442 propria
851 4385 938 4440 quam
997 4382 1131 4436 stirpare,

111 4462 215 4517 aliena.
954 4495 983 4559 D
1033 4468 1094 4524 1025.
1121 4469 1158 4524 Ut
1188 4467 1319 4538 episcopi
1344 4467 1508 4521 seeundum
1537 4465 1734 4520 ordinationis
1766 4482 1831 4522 anae

145 4550 190 4605 97.
206 4550 288 4615 Quod
301 4567 390 4605 eausa
402 4551 589 4606 necessitatis
602 4553 650 4604 aut
662 4549 940 4603 utilitatismutntio-
997 4561 1112 4629 tempus
1129 4558 1250 4612 sedeant
1265 4557 1294 4609 in
1311 4557 1436 4611 coneilio
1452 4559 1479 4610 et
1495 4554 1697 4609 subscribant.

110 4654 164 4693 nes
180 4640 387 4709 episcoporum
404 4639 466 4693 lieri
478 4641 613 4709 possunt.
1032 4648 1093 4702 1⁶36,
1112 4648 1149 4701 Ut
1163 4646 1262 4701 nullus
1274 4648 1434 4716 praesumat
1457 4659 1491 4699 ea
1506 4659 1573 4716 quae
1602 4643 1660 4697 sibi
1676 4658 1735 4697 non
1762 4648 1833 4699 sunt

146 4724 198 4784 985
211 4728 294 4794 Quod
315 4728 493 4799 episcopalis
518 4727 608 4782 sedes
633 4727 668 4781 nd
688 4727 776 4780 alium
806 4725 941 4797 ejusdem
997 4753 1152 4794 concessu,

8 4802 15 4810 ’
111 4816 251 4873 dioecesis
263 4818 360 4872 locum
377 4817 565 4872 necessitatis
581 4830 671 4870 causa
685 4818 904 4884 transponatur.
1031 4824 1092 4881 127,
1107 4824 1190 4891 Quod
1202 4823 1305 4878 doctor
1317 4823 1475 4892 velpastop
1490 4822 1517 4876 si
1532 4837 1548 4876 a
1564 4820 1621 4876 fide
1634 4821 1831 4878 exorbitem.

146 4904 190 4961 99.
208 4906 249 4963 De
263 4907 388 4978 expulso
403 4906 542 4976 episcopo
557 4907 586 4959 in
598 4905 653 4959 alia
666 4904 799 4959 Ecclesia
815 4903 941 4957 incardi·
995 4918 1042 4985 pir,
1054 4931 1070 4969 a
1080 4914 1220 4972 ¹fidelibus
1235 4911 1433 4984 corrigendus
1454 4910 1519 4964 erit,

111 4996 188 5061 nato,
206 4995 284 5049 etde
300 4995 426 5049 vitandis
439 4994 674 5049 ordinationibus
691 4994 812 5048 illicitis.
1031 5004 1091 5059 las,
1106 5003 1188 5069 Quod
1197 5016 1277 5071 saepe
1291 5004 1427 5071 past-ores
1443 4998 1588 5054 Ecclesiae
1612 4999 1827 5069 depravantur,

146 5082 206 5135 100.
223 5081 306 5146 Quod
322 5083 680 5153 papaduosepiscopatus
697 5083 836 5155 redigere
844 5083 940 5153 possit
995 5097 1025 5148 ut
1036 5093 1131 5165 magis
1147 5094 1283 5146 corruant
1295 5090 1344 5161 qui
1361 5090 1538 5158 sequuntur.

110 5169 139 5224 in
156 5186 255 5225 unum.
1031 5182 1090 5236 tre.
1103 5180 1185 5245 Quod
1195 5179 1290 5250 magis
1301 5178 1472 5249 proficimus
1482 5176 1689 5231 communibus
1704 5177 1830 5233 etalter-

147 5258 207 5313 101-
232 5258 315 5323 Q⁰⁰d
334 5262 494 5330 ⁰l¹i⁵³00l³us
509 5261 629 5331 Pl⁰Pli³
643 5261 793 5315 ’'010111010
809 5260 837 5313 5¹¹
855 5260 939 5313 aliam
994 5270 1229 5327 nisorntionibus
1240 5284 1327 5339 quam
1341 5265 1463 5336 privatis
1478 5271 1506 5320 et
1522 5265 1739 5336 singularibus.

110 5348 256 5402 civitatem
265 5350 394 5402 mutatus
409 5348 495 5403 debet
510 5351 666 5419 removeri,
679 5353 707 5404 et
723 5350 798 5403 alius
816 5349 941 5403 ibiordi·
1030 5361 1090 5414 130,
1108 5359 1145 5413 Ut
1164 5358 1308 5429 imperitis
1323 5360 1352 5411 et
1366 5354 1491 5410 rudibus
1509 5354 1642 5409 Ecclesia
1660 5370 1717 5410 110„
1745 5372 1830 5412 com.

110 5437 185 5490 nari.
1026 5452 1031 5462 '
1116 5465 1153 5501 ·r
1213 5447 1278 5501 nde.

144 5523 528 5596 102··Qt¹0dfll>i⁸0⁰l)011011
543 5526 937 5583 liesstdimiitereossclssssiaffi
994 5452 1295 5606 ml&fullieesspeiscopi
1324 5534 1527 5589 sacrificantes
1557 5547 1661 5588 secum
1693 5533 1826 5591 habeant

109 5631 204 5685 suam,
221 5615 298 5672 sicut
311 5629 365 5670 nec
379 5616 481 5670 marito
495 5631 629 5672 uxorem.
