3908 6112
111 285 166 361 641
412 281 765 355 consubtantialis
783 281 1115 349 caualucaasas.
1128 316 1167 333 -
1180 281 1315 349 INDEX
1325 283 1530 352 caelium.
1773 290 1835 356 642

115 440 185 542 um.
200 484 294 541 XLII.
310 484 355 541 De
378 484 548 541 testivitate
572 482 705 538 OmnInm
726 482 783 538 SS.
804 487 833 538 et
847 496 946 537 recor·
960 464 984 526 Α
1000 481 1071 538 Ciu.
1090 481 1201 538 XXIX.
1223 481 1268 539 De
1291 483 1522 542 hebdomadario
1541 494 1673 558 cantore,
1694 496 1723 545 et
1739 489 1776 546 de
1797 506 1832 546 eo

145 572 267 629 datr'one
281 574 408 629 omnium
423 571 553 628 bdelium
569 571 784 628 delunctorum.
1037 570 1086 647 qui
1100 575 1218 626 notatus
1233 576 1279 627 est
1294 569 1333 626 ud
1348 572 1564 643 invitatorium,
1588 575 1637 630 rel
1650 576 1688 631 ad
1706 576 1832 650 aliquam

116 660 214 717 XLIII.
226 660 271 717 De
280 661 490 718 testivitates.
499 660 635 730 Martini,
645 665 673 714 et
682 659 947 716 consuetudinibus
1034 657 1201 728 lectionem,
1221 658 1270 714 uel
1282 658 1401 732 aliquod
1414 662 1647 732 responsorium.

146 767 209 824 qum
225 758 294 806 tunc
308 749 494 805 lncboantur.
998 746 1092 802 XXX.
1109 745 1153 803 De
1167 746 1325 803 sacerdota
1339 747 1582 805 hebdomadario.

120 838 216 896 XLIV.
232 838 278 895 De
292 838 433 895 Adventu
447 838 575 895 Domini.
998 833 1105 890 XXXI.
1121 834 1166 891 De
1181 834 1371 905 subdiacono,
1387 841 1417 891 et
1436 836 1473 892 de
1488 837 1661 894 cantoribus
1676 840 1833 912 pradualis

120 927 200 984 XLV.
215 926 262 983 Da
276 926 559 1000 septImauajejunii
576 924 705 992 Quatuor
725 924 905 998 Temporum.
1037 923 1087 979 rel
1098 922 1226 989 alleluia,
1248 929 1278 979 et
1297 929 1420 979 tractus.

120 1012 211 1073 XLVI.
228 1014 274 1071 ite
290 1015 403 1087 ciuilia,
419 1021 449 1070 et
463 1013 501 1071 de
516 1014 566 1071 die
584 1013 705 1069 Natalis
722 1014 849 1069 Domini.
997 1011 1121 1069 XXXII.
1142 1011 1186 1068 De
1201 1011 1336 1069 diacono.

117 1103 224 1162 XLVII.
250 1102 295 1160 lia
309 1103 423 1159 octavis
444 1102 564 1158 Natalis
579 1102 707 1172 Domini,
721 1108 752 1158 et
765 1102 942 1175 Epiplruuia.
996 1100 1133 1160 XXXIII.
1150 1099 1194 1157 lle
1208 1100 1414 1157 seroltoribus
1437 1103 1581 1174 ecolesma,
1600 1112 1628 1159 ct
1644 1105 1680 1159 de
1696 1106 1746 1161 liis
1761 1122 1832 1178 quos

112 1189 233 1251 XLVIII.
248 1189 294 1247 Da
307 1188 641 1247 Puridcationesauctae
657 1189 774 1246 Marlae.
1032 1189 1210 1262 appellamus
1224 1190 1381 1245 minIstros
1392 1190 1507 1256 alteris,

113 1279 214 1337 XLIX.
229 1277 276 1335 Da
286 1277 521 1352 SeptuapesImu,
535 1284 566 1334 at
583 1276 840 1352 Quinquapesima.
996 1278 1131 1334 XXXIV.
1147 1278 1192 1334 De
1206 1278 1320 1335 lectore
1335 1279 1373 1335 ad
1386 1294 1528 1336 mensam.

111 1372 143 1427 1..
161 1366 208 1423 De
222 1365 441 1440 capitejep‘uuii
459 1373 489 1423 et
506 1365 749 1439 Quadrupesima.
994 1366 1116 1422 XXXV.
1132 1366 1177 1422 De
1193 1366 1283 1423 cocis.

110 1457 154 1515 1.1.
166 1455 211 1512 lle
225 1454 333 1512 diebus
346 1454 511 1512 QomInicis
532 1455 782 1528 Quadrapesimm.
993 1456 1125 1512 XXXVI.
1142 1455 1187 1512 De
1203 1454 1381 1512 utensilibus
1390 1460 1530 1529 coquinae.

109 1543 167 1604 LII.
186 1543 232 1601 Da
250 1543 380 1601 secunda
394 1543 475 1602 laria
491 1543 742 1616 Quadrupesimae.
991 1545 1142 1602 XXXVII.
1158 1545 1203 1601 De
1231 1545 1281 1601 liis
1296 1546 1345 1619 qui
1359 1546 1473 1602 iaciunt
1485 1548 1665 1604 mandatum.

110 1632 245 1691 LIIIDe'
269 1631 935 1706 'unianatuorTampcrumInmenseMartio.

113 1722 180 1779 LIV.
195 1649 403 1778 [ignasiam
418 1721 551 1789 Dumium
562 1728 593 1779 et
603 1721 707 1778 Remis
720 1720 899 1779 Palmarum.
1075 1687 1270 1745 INOEPIUNT
1285 1687 1422 1746 CAPITA
1437 1688 1588 1746 LIBELLI
1602 1690 1739 1747 TERTH‘

114 1809 166 1866 IV.
181 1808 228 1866 De
245 1809 468 1866 festivitatibus
482 1826 545 1883 qua
558 1810 590 1865 ic
614 1809 847 1883 Quadrupesima
867 1826 935 1868 eve·
950 1811 980 1877 Β
993 1793 1139 1853 Praelatio
1167 1796 1205 1853 de
1236 1795 1381 1852 electione
1408 1795 1543 1869 speciali,
1575 1803 1606 1852 at
1638 1797 1827 1855 ordInatione

144 1899 234 1955 uiuut.
1029 1883 1128 1940 domui
1145 1881 1281 1955 liuponis
1295 1881 1424 1938 abbatis.

991 1971 1062 2028 Cau.
1079 1971 1146 2028 Ille
1161 1971 1308 2028 electione
1322 1970 1451 2026 abbatis.

158 2030 353 2089 ¹NC¹P¹UNT
369 2031 508 2089 ΟᾸΡῙΤᾸ
528 2032 681 2090 ῙᾸΒΕῙᾸᾸ
705 2033 880 2092 SECUNDI·
990 2059 1027 2118 Il.
1044 2061 1088 2117 lie
1102 2058 1240 2133 peneruli
1254 2058 1353 2116 olbcio
1367 2059 1467 2116 domni
1481 2059 1611 2118 abbatis.

123 2146 174 2203 Iu.
189 2146 211 2202 1.
227 2145 274 2203 De
288 2147 321 2211 di
325 2149 470 2206 versitate
484 2149 674 2206 novitiorum.
989 2149 1040 2206 III.
1056 2149 1103 2206 De
1116 2148 1200 2222 culpa
1224 2149 1378 2222 praviore,
1398 2154 1428 2204 et
1447 2148 1485 2205 de
1500 2148 1571 2207 aliia
1583 2151 1748 2222 peceribus
1762 2152 1825 2208 oul-

124 2234 146 2291 lI.
162 2234 306 2302 Quomodo
321 2251 355 2292 ea
369 2236 499 2295 babeant
513 2239 545 2293 in
561 2237 636 2295 cella
653 2240 843 2297 novitiorum.
1021 2254 1137 2312 parum.

124 2321 156 2380 Ill.
167 2323 211 2381 De
223 2323 357 2392 silentiu,
374 2331 405 2382 et
416 2327 448 2381 in
463 2324 720 2400 quibusol'dcinis.
988 2325 1038 2384 IV.
1055 2327 1100 2384 De
1115 2329 1221 2400 priore
1237 2327 1360 2400 majora.

124 2410 156 2468 IV.
167 2412 210 2469 lie
223 2414 325 2487 sipnis
341 2413 490 2488 loquendi.
988 2417 1023 2472 V.
1039 2416 1086 2473 De
1104 2415 1228 2472 decanis
1243 2416 1292 2488 qui
1307 2420 1377 2471 sunt
1395 2413 1532 2471 villarum
1546 2416 1732 2487 provisores.

124 2499 147 2555 V.
160 2499 304 2567 Quomodo
314 2517 350 2560 se
361 2500 462 2559 lrater
471 2502 553 2560 leret
566 2503 605 2560 ud
615 2511 785 2562 nocturnos.
988 2504 1037 2561 Vl.
1065 2504 1110 2561 lie
1124 2502 1280 2560 claustrali
1293 2504 1407 2576 priore.

123 2588 198 2647 tiae
216 2589 394 2649 excessibus
415 2607 471 2664 pro
493 2592 600 2666 quibus
618 2593 650 2648 in
669 2593 797 2667 capitulo
819 2598 934 2652 renium
988 2593 1052 2648 VII.
1069 2592 1114 2650 lie
1129 2590 1337 2649 circatoribus.

145 2681 221 2751 petit.
988 2681 1064 2737 VIII.
1080 2680 1125 2738 De
1132 2682 1247 2754 pueris.
1267 2686 1297 2736 et
1312 2695 1412 2737 eornm
1427 2682 1594 2753 mapirtris.

122 2768 166 2823 Vll.
182 2766 328 2834 Quomodo
341 2784 376 2824 se
388 2769 498 2825 babeat
510 2770 549 2826 ad
563 2771 655 2827 boras
668 2772 835 2844 regulares.
988 2770 1039 2828 IX.
1055 2769 1100 2826 De
1115 2769 1410 2842 custodiajuuenum.

122 2856 179 2912 illl.
196 2856 342 2923 Quomodo
351 2856 497 2915 laternam
507 2859 637 2932 lipneum
644 2867 769 2931 portare
777 2861 885 2918 debeat
896 2862 934 2917 ud
987 2860 1024 2916 X.
1041 2858 1086 2915 De
1098 2864 1288 2933 praecentore
1301 2864 1330 2914 et
1341 2861 1483 2915 armario.

146 2952 306 3003 nocturnos.
989 2947 1039 3004 XI.
1055 2947 1100 3004 De
1116 2949 1293 3005 camerario.

116 3033 154 3091 lX.
165 3033 221 3101 Qua
237 3035 396 3109 disciplina
411 3036 608 3093 recollocatus
615 3039 718 3111 jaceat
732 3041 763 3094 in
781 3037 868 3096 lecto.
989 3035 1054 3092 XII.
1071 3035 1115 3092 De
1131 3037 1326 3109 apocrIsiario

119 3121 146 3177 X.
157 3122 299 3190 Quomodo
317 3114 422 3198 surpat
435 3140 530 3191 mane,
555 3125 605 3182 vel
621 3126 691 3200 quid
714 3128 815 3183 stetim
831 3128 931 3185 iaciat.
950 3123 1067 3225 CXIII.
1083 3124 1128 3181 De
1148 3125 1351 3197 corporalibus
1366 3124 1535 3181 abluendis.

116 3210 147 3267 XI
159 3210 302 3278 Quomodo
314 3213 419 3271 sedeat
436 3215 486 3272 rel
500 3215 629 3272 incedat.
987 3212 1065 3270 XIV.
1081 3213 1126 3270 De
1141 3214 1280 3287 reliquiis
1300 3220 1469 3270 sanctornm
1490 3212 1628 3286 quomodo
1639 3229 1822 3287 prosequan-

115 3298 166 3355 XII.
182 3299 329 3368 Quomodo
346 3303 445 3359 reniat
455 3303 493 3360 ud
512 3303 738 3361 contessionem.
1027 3310 1086 3375 tur,
1101 3305 1168 3361 sire
1181 3304 1377 3377 recipiantur.

113 3387 178 3446 XIII.
195 3388 342 3456 Quomodo
361 3389 413 3447 vel
424 3391 538 3465 quando
549 3408 665 3465 patinos
681 3408 750 3449 suos
760 3395 874 3461 induat.
988 3393 1051 3450 XV.
1072 3393 1117 3451 lle
1130 3408 1237 3449 rasura
1255 3393 1394 3450 fratrum.

115 3476 176 3533 XIV.
196 3481 232 3535 si
246 3487 347 3536 coctus
363 3495 417 3552 que
432 3479 506 3536 bora
526 3482 687 3538 coctionem
703 3497 784 3539 sunm
803 3484 913 3540 rideat.
987 3482 1064 3538 XVI.
1082 3482 1127 3538 De
1140 3480 1258 3539 balneis
1272 3482 1410 3538 fratrum.

111 3565 164 3622 XV.
179 3567 324 3636 Quomodo
334 3583 450 3641 pannos
463 3585 533 3626 snos
548 3568 639 3626 lavet.
988 3572 1080 3631 XVII.
1095 3573 1141 3629 De
1156 3570 1324 3628 cellerario.

113 3652 178 3711 XVI.
191 3656 338 3723 Quomodo
353 3659 391 3714 de
400 3657 537 3731 aepulari
550 3658 623 3715 liora
632 3675 690 3716 non
704 3668 791 3717 excat
807 3663 868 3716 nisi
877 3678 933 3733 pro
987 3661 1090 3719 XVIII.
1107 3662 1151 3718 De
1165 3661 1286 3718 custode
1305 3663 1375 3717 riui.

141 3745 305 3802 ineuitabili
320 3748 513 3803 necessitate.
987 3749 1067 3808 XIX.
1082 3751 1127 3807 lle
1142 3750 1306 3806 lrortulano.

112 3829 189 3889 XVII.
206 3832 353 3901 Quomodo
366 3850 400 3889 sa
412 3841 557 3908 preparat
569 3836 608 3893 ad
618 3838 786 3907 capitulum,
804 3840 853 3895 rel
863 3840 932 3914 quid
988 3840 1052 3897 XX.
1068 3841 1113 3897 De
1131 3838 1353 3896 relectoriurio.

143 3921 225 3979 iaciat
237 3922 267 3979 si
282 3930 329 3980 est
343 3922 405 3979 eibi
423 3925 560 3980 conscius
576 3924 673 3980 ullius.
984 3928 1065 3985 XXI.
1087 3929 1131 3984 De
1147 3927 1269 3983 custode
1283 3927 1416 3999 bospitii.

111 4005 200 4067 XVIII.
216 4011 261 4067 De
279 4009 363 4085 culpa
378 4011 504 4069 leuiore.
985 4014 1077 4072 XXII.
1093 4016 1137 4072 De
1151 4014 1329 4072 stabulario.

112 4092 177 4155 XIX
191 4097 363 4175 Ubicunque
378 4102 511 4173 steterit,
525 4102 665 4177 quomodo
676 4108 760 4158 stare
775 4104 893 4161 debeat.
985 4102 1092 4160 XXIII.
1104 4104 1148 4160 De
1163 4103 1410 4178 eleemosynario.

114 4178 168 4242 XX.
189 4187 234 4246 lie
250 4189 302 4245 Iria
326 4205 388 4262 qum
411 4204 468 4247 nou
489 4189 561 4248 licet
575 4189 678 4249 iacere
695 4191 756 4247 nisi
775 4190 814 4247 ad
828 4191 930 4249 boram
985 4190 1090 4249 XXIV.
1106 4191 1150 4248 De
1165 4191 1341 4248 infirmario.

146 4272 283 4350 loquendi.
985 4279 1076 4337 XXV.
1093 4280 1137 4337 De
1151 4280 1270 4336 tumulis
1285 4281 1323 4337 ad
1333 4280 1446 4337 domum
1461 4277 1645 4336 intirmorum
1657 4281 1817 4352 pertiuen-

116 4355 176 4418 XXI.
191 4364 234 4422 De
247 4367 411 4423 minutione
426 4368 591 4440 campomis.
1023 4368 1112 4425 tibus.

119 4442 191 4508 XXII.
206 4451 268 4521 Qun
283 4454 441 4528 disoipIIna
456 4457 488 4512 in
504 4455 631 4513 ecclesia
646 4466 764 4515 manent
774 4459 812 4515 ad
826 4459 929 4516 solem·
984 4457 1091 4515 XXVI.
1107 4458 1153 4515 Da
1166 4455 1306 4515 intirmis.

148 4542 184 4597 uiu
201 4544 370 4602 missarum.
462 4586 464 4590 -
940 4509 970 4577 n
984 4546 1103 4605 XXVII.
1120 4548 1165 4605 Da
1180 4548 1316 4603 unctione
1330 4546 1527 4620 cujuscunque
1539 4543 1659 4602 fratris.

124 4620 206 4688 XXIII.
223 4631 284 4700 Qua
299 4632 459 4707 disciplina
473 4640 591 4691 maneat
604 4635 636 4693 in
649 4635 823 4693 relectorio.
983 4636 1117 4694 XXVIII.
1136 4635 1213 4702 Quid
1226 4636 1371 4708 apendum
1386 4641 1432 4692 est
1447 4634 1478 4693 iu
1493 4633 1552 4692 liae
1568 4635 1677 4691 exitus.

123 4706 203 4775 XXIV.
225 4720 270 4777 De
284 4722 471 4778 liabitatione
490 4738 542 4779 sua
568 4730 597 4779 et
617 4731 685 4797 post
704 4726 874 4798 prandium,
897 4734 928 4782 at
982 4727 1088 4782 XXIX.
1105 4726 1139 4780 Si
1155 4725 1221 4798 quia
1236 4723 1495 4796 obierIIInaquua
1509 4722 1595 4780 oolla.

148 4813 198 4872 ubst
215 4824 337 4866 omnam.
982 4813 1075 4870 XXX.
1098 4813 1174 4880 Quid
1187 4819 1294 4886 apatur
1304 4828 1361 4886 pro
1380 4812 1510 4887 quolibet
1524 4811 1625 4868 lratre
1638 4812 1670 4866 in
1687 4810 1816 4885 ampulla

126 4881 191 4950 XXV.
207 4895 267 4964 Qua
291 4897 450 4972 disciplina
475 4915 508 4957 se
532 4908 600 4974 post
628 4901 849 4975 completorIum
881 4912 927 4961 est
1016 4901 1208 4959 obedientiis.

68 5050 72 5073 ι
148 4983 337 5044 collocuturus.
980 4991 1090 5053 XXXI.
1107 4991 1150 5047 De
1166 4990 1247 5047 obitu
1264 4990 1362 5047 domni
1379 4988 1507 5046 abbatis.

126 5057 202 5161 XXVI,
217 5074 262 5133 lte
281 5077 481 5149 coulessIone,
497 5086 526 5134 at
542 5080 688 5151 petitione
709 5081 898 5137 novitiorum.
980 5080 1100 5138 XXXII.
1119 5081 1162 5136 De
1178 5095 1212 5136 eo
1226 5080 1275 5153 qui
1293 5080 1324 5134 in
1342 5077 1575 5151 Quadrupesima
1597 5078 1719 5149 obierit,
1739 5084 1768 5135 et
1783 5079 1814 5134 in

126 5146 214 5218 vau.
229 5163 275 5220 De
291 5165 500 5225 benedictione
514 5169 703 5227 novitiorum.
1018 5171 1059 5226 12
1074 5169 1254 5226 lectionibus
1269 5173 1315 5224 est
1330 5165 1528 5239 sepeliendus.

125 5236 230 5307 illvm.
244 5253 291 5309 De
304 5252 490 5313 babitutione
500 5256 617 5315 illorum
632 5257 664 5315 ln
677 5258 731 5315 illo
746 5259 846 5316 triduo
857 5266 925 5332 post

144 5332 377 5399 benedictionem.
719 5362 720 5366 ’
