3908 6112
143 338 222 406 1269
423 336 600 403 APPEND.
618 339 641 401 1.
661 370 700 389 -
717 338 983 405 GENEALOGld
1001 341 1154 434 DUCUM
1171 341 1579 408 NORTHMANNORUE.
1783 346 1862 410 1270

179 549 255 621 Regi
269 564 304 604 ea
325 553 499 621 tempestate
516 551 694 606 Eustachius
713 567 813 606 comes
842 533 1117 620 BoloniaeAptano
1133 550 1352 603 convincerem.
1371 548 1472 618 Neque
1501 549 1861 604 sententiaerravitdicta

140 638 366 706 adversabatur,
393 640 442 710 qni
469 640 560 693 fllium
589 641 701 695 deiide
731 646 797 695 ante
817 641 972 695 bellumin
1029 654 1180 693 consensu
1206 638 1366 708 hnglorum
1397 641 1425 691 et
1445 636 1604 705 Gallorum,
1635 652 1692 707 qua
1720 638 1756 692 dc
1776 643 1860 693 reatu

138 727 353 782 Northmounia
384 728 518 782 obsidem
548 729 677 783 dederat.
696 729 729 783 Ei
749 730 927 799 persuadent
943 729 972 783 hi
1028 728 1118 782 multo
1134 728 1288 781 convictus
1304 731 1358 781 est.
1373 725 1431 779 Sed
1449 725 1779 793 parcendumsentimus
1793 742 1858 796 per-

138 815 480 886 maximequitlantium
509 817 680 883 inhabitant,
700 819 885 872 alicastrum
913 817 971 871 llo·
1027 833 1099 871 sona
1128 815 1315 870 multifariam
1344 815 1462 881 illustri,
1493 814 1592 869 comiti
1620 815 1778 884 nominato,
1808 815 1858 885 qui

136 919 239 958 voram
253 904 381 974 invadat,
399 905 473 975 ipsis
500 911 587 960 utens
604 906 810 977 adjutoribus
829 906 971 977 Equidem
1026 906 1235 959 reconciliatus
1252 920 1328 957 nuuc
1345 904 1374 958 in
1390 904 1533 973 proximis
1550 903 1631 974 regis
1649 903 1820 957 honoratur.

136 991 212 1063 fore,
226 992 253 1047 si
277 991 450 1046 firmissimo
472 994 537 1048 loco
553 994 608 1048 hoc
624 995 663 1048 sit
678 995 786 1065 potitus
803 1010 868 1048 cum
885 998 969 1064 portu
1061 993 1242 1048 Eodemfere
1254 995 1385 1061 tompore
1397 992 1476 1046 tloxo
1488 1008 1598 1062 conice,
1609 991 1856 1063 quemplacuisse

135 1079 262 1151 marino,
281 1084 310 1134 ut
325 1082 453 1149 potentia
470 1081 537 1153 ejus
553 1082 640 1136 latius
655 1083 848 1151 distendatur,
867 1084 969 1152 sieque
1024 1083 1236 1138 Northmunnis
1266 1082 1405 1151 diximuS,
1437 1081 1856 1136 morteoroiditimmeritact

134 1170 295 1239 potentiam
322 1168 592 1224 Northmannorum
617 1171 787 1225 diminutam
818 1172 863 1225 iri.
881 1172 967 1240 Nam,
1023 1189 1110 1243 quam
1127 1172 1231 1225 deccat
1253 1172 1420 1241 propagari.
1444 1171 1481 1224 Ut
1495 1171 1585 1241 igitur
1599 1171 1679 1224 vivat
1693 1171 1759 1223 laus
1775 1169 1853 1240 ejus,

134 1257 204 1329 quia
223 1256 445 1312 Northmaunos
461 1260 560 1329 odere,
578 1275 643 1313 aum
673 1259 833 1313 Eustochio
856 1260 969 1328 pridem
1022 1266 1109 1332 atque
1125 1277 1177 1330 per
1189 1259 1354 1328 exemplum
1367 1259 1514 1312 oriaturin
1529 1258 1695 1327 posthumis
1710 1259 1853 1312 innocen-

133 1345 193 1399 sibi
209 1346 416 1401 inimicissimo
426 1348 653 1402 concordavere.
671 1348 880 1401 Eumbellandi
892 1349 968 1417 pori·
1023 1351 1060 1403 tia
1072 1349 1200 1403 defuncti
1222 1348 1328 1402 litteris
1353 1347 1472 1401 efficere
1483 1347 1577 1417 juvat.
1595 1347 1737 1416 Prosopie
1752 1362 1786 1400 aa
1801 1363 1853 1416 po·

132 1436 206 1501 tum,
223 1437 310 1504 atque
327 1434 357 1487 in
380 1435 481 1503 praelio
496 1435 612 1490 felicem
628 1436 838 1506 experimentis
855 1452 967 1508 cogno·
1023 1441 1134 1493 tcntatu
1152 1436 1332 1507 Anglushia
1358 1436 1624 1506 juxtapraeoelsuS,
1653 1435 1749 1507 magis
1763 1435 1852 1489 animi

132 1525 247 1576 verant.
265 1523 296 1576 Si
312 1526 374 1576 erat
389 1525 579 1578 serviendum
595 1541 654 1579 non
670 1527 881 1594 compatriotae,
898 1529 967 1580 noto
1020 1526 1224 1597 singularitute
1240 1525 1392 1594 prudentis
1408 1528 1435 1578 et
1445 1524 1563 1578 omnino
1573 1524 1689 1578 honesti
1700 1524 1848 1579 excelluit.

131 1611 352 1681 ser-virentque
376 1613 473 1667 vicino
503 1613 597 1666 satius
626 1613 777 1683 putabant.
806 1613 967 1668 heriditut
1020 1617 1075 1670 llio
1091 1616 1173 1687 regis
1189 1630 1309 1668 causam
1326 1619 1353 1668 et
1367 1615 1465 1682 ipsum
1480 1613 1581 1667 favore
1594 1613 1683 1666 multo
1694 1613 1848 1682 probabat.

131 1700 254 1753 occasio
283 1701 426 1770 temporis
455 1704 592 1756 eventum
618 1703 661 1756 rei
690 1702 966 1773 quamafloctabaut
1018 1705 1068 1759 Sui
1086 1721 1156 1758 voro
1173 1703 1318 1756 satellites
1333 1703 1370 1755 ab
1395 1703 1461 1771 ipso
1478 1701 1674 1769 dissidebant,
1689 1701 1850 1755 factionum

130 1788 325 1857 promitteret.
343 1789 484 1843 Abierant
499 1791 574 1843 ultra
589 1791 697 1845 flumen
722 1791 862 1844 'tamisim
878 1791 963 1860 primi
1018 1794 1168 1849 deterrimi
1179 1792 1310 1846 fautores
1327 1807 1360 1843 ac
1377 1791 1461 1844 socii.
1478 1789 1604 1844 Proinde
1620 1789 1734 1843 eumab
1749 1788 1848 1843 officio
1882 1843 1888 1859 ,

128 1875 460 1945 munitioniscustodes,
473 1880 583 1947 praesul
594 1879 962 1950 ttaj0consisatquallugo
1017 1887 1217 1937 transvertere
1234 1881 1392 1947 tentabant,
1419 1894 1499 1947 saepe
1514 1881 1667 1932 morientes
1692 1875 1779 1948 quasi
1793 1892 1848 1947 per

129 1964 166 2018 do
183 1964 362 2034 monteforti,
380 1966 502 2019 militum
526 1972 608 2035 parto
625 1968 728 2037 maj0ri
745 1983 848 2021 sorum
863 1968 958 2021 ducta.
1018 1971 1173 2025 amicitiam
1190 1971 1226 2023 de
1241 1969 1354 2038 privato
1370 1968 1491 2036 honoro,
1518 1969 1549 2020 ut
1564 1967 1726 2020 libertatem
1742 1981 1758 2019 a
1780 1980 1847 2035 pro·

128 2051 567 2124 Eustachiusitaquo,acoopto
584 2057 684 2109 nuntio
702 2056 875 2126 :lngiorem
895 2072 961 2109 cum
1016 2061 1080 2114 avis
1107 2058 1242 2112 traditam
1272 2055 1463 2124 defenderet3
1491 2070 1568 2108 nuuc
1597 2053 1846 2107 obsecrantosat·

128 2141 196 2193 suis
211 2141 248 2194 ad
264 2156 316 2195 eos
335 2143 431 2196 noct-is
456 2144 613 2198 conticinio
637 2144 783 2213 transivit,
801 2145 961 2198 utincauta
1015 2164 1071 2219 quc
1088 2148 1280 2214 obtestantes,
1311 2147 1450 2214 tanquam
1479 2144 1573 2215 gratia
1599 2142 1845 2212 rerumpublica-

128 2228 647 2298 0pprimeretCastellaiios.Classcm
659 2233 742 2286 ‹tiixit
756 2233 899 2286 militibus
914 2233 961 2286 do-
1015 2253 1088 2305 rum,
1107 2234 1465 2289 utoxtraneosdoscrcns
1493 2232 1669 2300 optimorum
1693 2230 1846 2284 hominum

125 2315 213 2370 lectis
234 2322 382 2371 oneratam
413 2319 524 2373 relictis
552 2321 637 2390 aquis
667 2324 774 2390 prater
804 2321 960 2375 adumdum
1015 2319 1845 2392 snaenationisetconsanguinitatisvoluntatomscque·

127 2419 251 2474 paucos.
281 2406 392 2459 Viciuiu
417 2409 513 2462 omnis
530 2408 622 2462 adfuit
637 2413 756 2476 armata,
775 2412 889 2463 auctior
904 2427 959 2463 nu·
1014 2417 1102 2467 ratim.
1120 2412 1196 2466 Saue
1213 2411 1322 2465 diutina
1335 2410 1476 2479 variaque
1493 2407 1649 2462 calliditate
1661 2407 1725 2461 haea
1737 2420 1845 2478 sugge-

127 2509 230 2547 merus
246 2510 282 2548 ex
295 2495 485 2550 ulterioribus
505 2498 669 2559 accederet,
687 2499 713 2551 si
737 2515 818 2552 mora
833 2499 958 2553 biduana
1012 2502 1125 2568 rebant,
1136 2499 1344 2570 othujusmodi
1356 2499 1421 2551 alia.
1440 2496 1498 2550 Sed
1514 2496 1564 2550 uhi
1578 2499 1705 2550 mentem
1721 2495 1844 2549 firmiter

126 2581 245 2636 obsidio
257 2583 431 2639 traheretur.
444 2584 589 2640 Caeterum
605 2587 768 2641 custodiam
784 2587 959 2643 invenerunt
1011 2591 1041 2643 in
1057 2594 1157 2644 tonora
1173 2590 1241 2642 boni
1264 2588 1350 2641 lixam
1381 2587 1476 2640 taliter
1504 2586 1654 2639 dimovere
1681 2587 1841 2655 nequeunt,

125 2672 225 2725 minus
241 2672 378 2742 opinione
395 2675 561 2739 remissam,
581 2676 647 2745 plus
665 2680 740 2730 metu
757 2676 793 2729 ad
805 2676 959 2730 ‹teionear-
1013 2677 1277 2748 comprovinciales
1292 2675 1327 2728 ad
1345 2674 1677 2728 invidiamconcitavaro
1693 2688 1780 2743 quam
1795 2688 1845 2727 nc-

125 2759 196 2813 dum
213 2760 349 2814 validam.
374 2761 507 2831 Eripiunt
523 2763 664 2818 velocitas
688 2765 766 2836 eqni,
783 2765 883 2820 notitia
898 2770 958 2819 tra·
1012 2768 1145 2821 cessario
1159 2766 1288 2835 placarat
1303 2765 1339 2817 ab
1356 2779 1427 2833 rogo
1444 2762 1617 2816 deficiendo.
1630 2762 1783 2815 Postremo
1793 2777 1842 2815 au·

124 2847 219 2916 mitis,
235 2851 378 2920 navisque
394 2852 532 2919 paratior.
564 2853 776 2907 Nobilissimus
792 2858 888 2908 autem
904 2857 959 2909 tiro
1013 2860 1154 2927 gesoento
1171 2856 1199 2907 in
1208 2855 1273 2907 ilios
1287 2852 1490 2906 malevolentia
1499 2852 1643 2920 ipsorum,
1659 2848 1842 2919 cumillepo·

125 2951 222 3006 nepos
239 2937 547 3008 ejuscomprehonsus
557 2948 611 2996 est.
624 2944 713 3013 Angli
724 2960 776 3011 por
787 2944 959 2999 diverticula
1013 2944 1158 3014 palariam
1174 2943 1249 3009 odia,
1265 2957 1440 3013 omnemque
1455 2939 1594 3009 injuriam
1617 2937 1738 3008 perpeti,
1755 2953 1843 3009 quam

126 3024 213 3094 plura
224 3040 258 3079 eo
276 3026 392 3080 facilins
411 3034 580 3098 evaseruut,
595 3033 758 3102 quominus
773 3034 957 3087 commodum
1012 3033 1207 3103 integritatem
1224 3031 1290 3084 fidei
1302 3034 1445 3084 temerare
1463 3028 1570 3095 mallet,
1582 3042 1637 3097 por
1649 3026 1772 3080 insidias
1788 3040 1842 3095 op-

126 3116 192 3166 erat
208 3114 345 3183 paucitati
361 3116 594 3173 (lastollanorum
612 3120 727 3190 insequi
755 3137 809 3189 per
827 3122 956 3177 diversa.
1011 3136 1150 3191 pressum
1162 3120 1346 3173 interfecere.
1357 3119 1397 3171 lta
1412 3117 1538 3171 eximius
1553 3116 1601 3168 vir
1611 3130 1666 3169 suo
1679 3114 1843 3186 rasu,quod

122 3201 197 3256 «lure
214 3202 242 3255 id
258 3202 417 3260 Eustochio
429 3206 559 3260 dedecus
570 3212 656 3278 atquo
673 3209 876 3263 detrimentum
893 3228 959 3265 oon·
1012 3210 1153 3279 majestas
1169 3208 1277 3262 domini
1291 3208 1337 3260 sui
1357 3209 1437 3260 staro
1452 3205 1571 3258 deberet
1587 3203 1727 3257 asseruit.

122 3290 200 3362 tigit.
212 3290 355 3361 Equidem
372 3293 398 3347 si
415 3297 544 3349 rationes
560 3312 626 3365 quac
641 3297 707 3367 ejus
724 3298 764 3350 liti
782 3304 956 3353 controver-
973 3325 998 3386 c
1047 3300 1123 3351 Sane
1134 3297 1288 3366 pontifices
1296 3295 1415 3365 quidam
1424 3293 1568 3363 obsequio
1580 3291 1662 3362 regio
1673 3289 1840 3360 studebunt,

123 3380 229 3433 santur
244 3380 457 3449 depromerem,
476 3385 556 3455 ragis
572 3386 768 3456 emngratiam
780 3389 957 3459 atqueregis
1013 3387 1137 3440 maxime
1154 3385 1281 3438 hdolred
1297 3385 1406 3454 primas
1421 3381 1620 3437 Eboracancis
1625 3417 1702 3433 .......
1718 3378 1841 3452 Ileliqua

123 3467 203 3522 dono
217 3473 337 3538 accepta
352 3470 496 3525 beneficia
511 3488 547 3526 ex
563 3489 648 3544 aequo
665 3476 693 3527 et
707 3475 784 3529 bono
801 3476 858 3529 ami
875 3476 956 3532 sisso
1012 3475 1119 3530 desunt
1138 3475 1169 3528 in
1189 3488 1242 3526 ms.
1257 3473 1374 3528 Codice.

117 3797 675 3913 Arrhuutuusm)
687 3801 916 3917 Gusrn
934 3805 1284 3920 Wluhumtl
1314 3802 1838 3946 uoupuhsrouls

938 4040 1065 4050 ..ιιι-ι-

802 4170 1050 4250 dPPENDlX
1079 4170 1242 4252 Pallii.

588 4365 831 4420 GENEALOGIA
852 4365 984 4422 DUCUM
1004 4366 1370 4422 NOltTHMANNORUM.

810 4540 860 4594 Er
872 4541 968 4595 veteri
978 4541 1078 4597 codiee
1088 4540 1146 4596 Ma.

863 4719 1055 4732 ——n

154 4857 241 4910 Anno
250 4855 408 4910 Dominioae
419 4856 632 4909 incarnationis
644 4857 851 4929 harpagonum
863 4858 950 4913 Eran-
962 4845 989 4905 D
1007 4858 1233 4930 Longa-Spatha
1248 4861 1351 4933 genuit
1360 4860 1539 4915 Richardum
1551 4861 1722 4915 senemflic
1734 4859 1837 4933 genuit

114 4959 223 4999 corum
240 4960 313 5015 rege
327 4944 442 5012 Carolo,
458 4946 507 5013 qui
523 4945 653 5013 Simplex
668 4947 831 5015 appellatus
846 4952 892 5001 est
902 4949 948 5016 pi-
1007 4948 1106 5016 liliam,
1124 4950 1240 5002 nomino
1256 4949 1397 5018 Emmam,
1409 4951 1444 5003 de
1454 4966 1510 5020 qua
1521 4953 1607 5004 notus
1618 4952 1664 5004 est
1679 4948 1836 5004 Eduardus

114 5032 347 5087 rataeDanorum
363 5047 400 5086 ex
416 5033 510 5085 insuta
525 5035 655 5103 scanzia,
674 5051 740 5105 quae
765 5035 946 5107 Northvega,
1007 5053 1061 5091 rex
1075 5037 1249 5108 Anglormn.
1267 5037 1432 5092 ltiabardus
1447 5042 1545 5092 autem
1565 5054 1657 5092 senor
1672 5039 1775 5110 genuit
1790 5037 1837 5092 lti-

116 5120 239 5187 dieitur,
255 5122 386 5191 egrossi,
403 5136 467 5174 cum
486 5121 514 5173 in
529 5121 654 5175 Francia
672 5124 761 5177 multa
779 5125 948 5195 gessissent
1008 5124 1159 5178 ohardum.
1179 5125 1421 5180 ltiehardusvcro
1433 5127 1584 5181 secundus
1596 5128 1699 5198 genuit
1714 5127 1836 5182 llichar·

108 5207 250 5277 praeliare
261 5209 639 5279 gnumquedevastassent,
656 5211 948 5282 tlaroluspraedictus
1007 5214 1202 5268 dunitertium
1219 5217 1246 5267 et
1262 5214 1433 5269 liobertum.
1452 5214 1618 5270 llichardus
1630 5218 1837 5289 autemgenuit

101 5296 252 5365 ¹incaeptis
268 5297 481 5363 otisidihuspis
494 5298 660 5352 Noustriam
677 5299 794 5354 tradidit
810 5318 896 5371 quam
912 5302 948 5356 ab
1008 5302 1160 5356 Nicolaum
1168 5302 1268 5356 Sancti
1289 5303 1423 5357 hudocni
1438 5303 1583 5358 abbatem.
1601 5305 1750 5361 ltobertus
1764 5320 1836 5361 vero

114 5382 183 5452 ipso
199 5386 330 5452 tempore
355 5390 535 5439 vocaverunt
549 5385 802 5456 Northmanniam,
818 5405 852 5442 eo
870 5390 947 5459 quod
1007 5391 1697 5462 genuitWillelmumNothum,quipostmortem
1708 5394 1837 5451 Eduardi

114 5470 152 5525 ab
163 5471 239 5540 ipsis
251 5473 299 5541 qui
316 5487 353 5525 ex
364 5473 536 5543 Northvega
552 5477 694 5528 venerant
715 5492 859 5545 possessa
875 5479 946 5531 erat.
1007 5480 1211 5535 transfretavit
1223 5480 1836 5556 inhugliamannoDominildbtimegnum-

116 5557 385 5630 Robertusigitur,
415 5561 620 5629 ltoltodictuS,
640 5565 949 5634 eorum-primuserat
1007 5585 1064 5640 qno
1078 5570 1202 5623 obtinuit
1227 5569 1296 5640 ,jure
1324 5569 1523 5637 haereditario,
1554 5572 1622 5643 quia
1650 5573 1836 5643 aJ'usatavus

115 5647 177 5701 dux
194 5662 354 5717 comesque
369 5648 600 5706 Northmanuiai.
619 5654 768 5708 ltohertus
779 5654 835 5708 iste
847 5657 949 5726 genuit
1009 5658 1174 5712 ltiohardus
1190 5672 1283 5711 senex
1297 5655 1402 5727 fuerat,
1419 5657 1508 5730 eujus
1530 5658 1632 5714 Emma
1646 5659 1704 5713 lilia
1726 5659 1837 5714 Eduar-

109 5734 310 5817 'Willelmum
328 5737 377 5807 qui
406 5738 629 5810 liongasspatha
651 5742 877 5814 cognominatus
891 5747 946 5815 est,
1007 5745 1192 5818 dumragem
1214 5748 1369 5818 genuerat.
1388 5744 1557 5802 Willalmus
1573 5748 1629 5803 iste
1643 5745 1759 5801 Nothus
1773 5753 1836 5803 tres
1888 5764 1892 5771 ·

114 5838 206 5897 quem
220 5822 328 5883 Franci
355 5824 423 5884 dolo
445 5827 624 5886 occiderunt.
653 5830 822 5889 Willolmus
850 5835 947 5890 autem
1006 5821 1090 5892 filios
1099 5834 1211 5905 habuit,
1231 5834 1840 5893 Robertumvidelicetetwillelmumttu-
