3900 6112
181 269 257 336 1031

182 474 276 548 Cujus
292 478 436 533 mandatis
453 478 498 533 t'as
515 478 718 533 contradicere
734 480 853 533 nonsit.

182 567 314 638 Cumque
329 566 426 621 locum
443 567 525 621 sedis
540 569 642 638 primae
658 569 771 622 munire
788 571 933 637 pararent,
972 611 977 620 .

186 653 323 726 Undique
339 655 432 709 densa
448 656 543 725 palus,
557 673 609 711 nec
622 672 678 709 non
695 662 722 710 et
732 657 820 710 multu
832 671 961 710 coaxans

184 741 274 813 Cepia
287 758 436 811 ranarum,
452 744 588 814 prohibet
603 747 761 799 munimina
779 746 871 800 sedis,

185 831 270 886 Haud
287 832 389 902 procul
406 832 483 903 inde,
496 836 560 888 suis
572 835 657 890 alium
675 835 851 889 stationibus
863 839 961 905 aptum

186 921 329 976 Invenere
344 921 450 991 lecum,
466 938 564 992 quom,
581 923 660 979 nulle
677 925 762 978 dante
776 925 917 995 juvamen

184 1008 345 1079 Culterum,
361 1011 472 1080 patriae,
490 1028 543 1083 pro
559 1029 592 1066 se
602 1014 717 1068 munire
733 1009 851 1069 tuendis

184 1097 351 1153 Conantur:
369 1099 414 1153 sie
430 1116 473 1154 sc.
491 1101 566 1156 laete
582 1103 752 1169 munimine,
770 1103 886 1158 cuidam
905 1104 971 1175 (⁰20),

184 1185 239 1252 Qui
254 1187 394 1256 princeps
410 1187 567 1258 Capuanus
587 1195 659 1261 erat,
677 1191 860 1263 conjungere
875 1195 1014 1266 gaudent.

186 1274 373 1345 Principibus
389 1277 464 1331 leutii
477 1279 560 1349 prior
574 1284 662 1350 atque
677 1282 823 1350 potentior
837 1283 901 1352 ipse

184 1363 267 1419 Tune
283 1370 363 1430 eret;
380 1366 486 1420 affines
501 1371 660 1438 properant
672 1369 728 1424 hoc
744 1371 875 1440 principe
892 1372 944 1425 tuti

188 1452 349 1509 Devastare
359 1454 453 1522 locos,
472 1456 634 1528 hostesque
649 1458 774 1513 viriliter
789 1464 910 1531 angunt.

184 1541 243 1597 Sed
252 1545 321 1614 quia
337 1545 492 1600 mundanae
501 1546 607 1600 mentis
617 1547 802 1602 meditamina
817 1564 909 1618 prena

184 1631 258 1686 Sunt
271 1633 307 1687 ad
321 1633 483 1702 avaritiam,
501 1635 649 1706 vincitque
666 1637 788 1705 pecunia
805 1637 928 1706 passim,

183 1719 270 1775 Nunc
282 1721 338 1775 hee
350 1737 428 1776 nunc
444 1722 494 1777 ille
510 1725 686 1795 contempto,
706 1726 772 1794 plus
786 1725 928 1781 tribuenti

186 1810 311 1880 Semper
321 1810 530 1881 adhaerebant3
547 1813 661 1867 servire
677 1814 815 1869 libentius
830 1814 871 1868 illi

185 1898 294 1953 Omnes
309 1898 476 1954 haudebant
491 1915 508 1953 a
523 1917 581 1972 que
593 1901 659 1971 plus
671 1903 862 1972 accipiebant.

185 1987 268 2042 Bella
284 1989 380 2060 magis
395 1989 504 2058 pepuli,
515 2004 602 2059 quam
619 1989 727 2044 taedere
742 1992 825 2061 pacis
836 1995 978 2063 amantes,

186 2075 364 2148 Servitiique
375 2077 458 2131 vices
473 2092 525 2146 pro
541 2078 658 2132 viribus
675 2083 703 2133 et
717 2082 829 2135 ratione

186 2164 340 2235 Temporis
356 2167 543 2237 expendunt3
559 2167 738 2236 plusdantes
754 2170 848 2238 pluris
860 2170 1014 2226 habebant.

185 2253 247 2308 Illis
263 2253 445 2325 principibus
460 2254 627 2310 dominandi
646 2272 750 2328 magna
767 2257 856 2313 libido

186 2342 268 2397 Bella
281 2342 482 2412 ministrabat3
497 2345 560 2399 vult
574 2346 702 2416 quisque
717 2348 864 2416 potentior
874 2363 953 2403 esse.

186 2431 268 2487 Alter
278 2435 307 2486 et
322 2431 443 2487 alterius
458 2433 577 2488 molitur
589 2433 655 2504 jura
672 2435 783 2489 subire.

186 2520 433 2575 Proeoduntlites
447 2521 502 2575 hec
518 2521 628 2592 fomite,
644 2524 755 2592 praelia,
772 2527 899 2594 mertes3

187 2608 265 2663 Inter
280 2609 419 2663 mortales
431 2609 496 2664 ideo
512 2610 585 2664 mala
602 2610 726 2680 plurima
742 2616 890 2667 creseunt.

188 2694 270 2751 Heul
287 2697 387 2751 miseri
404 2698 514 2752 munde
525 2699 666 2770 quidquid
682 2705 833 2770 conantur,
849 2702 935 2756 inane
946 2705 992 2757 est
1008 2718 1014 2759 :

186 2784 361 2840 Innumeros
371 2802 446 2839 vana
461 2787 544 2856 passi
558 2803 610 2857 pro
625 2787 709 2842 laude
725 2788 853 2858 labores,

186 2873 259 2929 Plus
275 2873 485 2928 cruciabuntur
499 2879 655 2946 postquam
670 2878 815 2932 mundana
839 2878 1014 2951 relinquent.

186 2961 344 3033 Nunquam
359 2962 548 3032 Normannis,
566 2980 602 3019 ne
617 2980 702 3033 poena
716 2967 824 3023 rediret
840 2969 870 3023 in
881 2970 975 3039 ipsos,

187 3051 417 3122 Longobardum
432 3053 541 3121 placuit
553 3053 675 3108 victoria
691 3071 827 3125 prorsus,

186 3139 331 3194 Funditus
346 3141 438 3195 everti
454 3140 620 3195 discordem
633 3159 778 3215 quemque
793 3146 932 3200 vetabant

185 3228 272 3283 Nune
285 3227 368 3282 iaver
387 3228 503 3284 additus
519 3229 577 3298 his,
594 3233 706 3285 etnunc
720 3233 804 3288 lavor
818 3236 936 3289 additus
945 3235 1013 3301 illis;
1030 3200 1054 3261 C

185 3316 299 3386 Decipit
314 3317 465 3372 Ausonios
480 3318 634 3387 prudentia
644 3318 768 3385 Gallica;
781 3323 891 3378 nullum

185 3405 274 3459 Plena
289 3404 373 3459 lance
388 3405 451 3474 capi
473 3406 613 3475 permittit
624 3408 659 3461 ab
671 3408 756 3463 hoste
773 3412 960 3481 triumphum.

185 3493 234 3548 Sic
250 3475 423 3562 desperatos
439 3493 513 3546 Latii
524 3494 672 3550 discordia
685 3496 784 3552 Galles

185 3581 231 3634 Ad
249 3595 343 3650 spem,
360 3595 427 3651 quae
441 3581 537 3635 tuerat
551 3582 633 3652 prius
645 3585 797 3655 extirpata,
813 3590 964 3647 reformat.

185 3667 220 3722 Et
230 3667 312 3722 vires
321 3671 350 3723 et
360 3684 432 3740 opes
443 3674 632 3742 augmentum
644 3674 688 3727 sie
704 3677 857 3745 cupiebant
870 3695 875 3733 :

185 3753 218 3811 Si
227 3756 391 3812 vicinorum
408 3758 476 3829 quis
493 3760 680 3828 perniciosus
696 3765 732 3817 ad
748 3764 816 3820 illos

185 3844 390 3917 Confugiehat,
401 3862 466 3900 eum
476 3852 834 3922 gratantersuseipicbant
845 3872 851 3925 ;

116 4002 119 4007 ¹
185 3933 319 3989 Moribus
334 3936 362 3990 et
377 3935 487 4008 lingua,
504 3954 698 4011 quoscunque
714 3942 814 3998 venire
829 3945 977 4018 videbant,

184 4022 346 4078 lnfermaot
359 4025 490 4094 propria,
506 4042 582 4099 gens
599 4028 782 4085 efficiaturut
795 4049 862 4088 una.

183 4110 255 4166 Post
282 4128 375 4168 annos
400 4112 529 4185 aliquot,
552 4116 702 4173 Gallorum
737 4122 886 4178 exercitus
911 4125 1014 4180 urbem

184 4199 320 4255 Condidit
334 4202 478 4257 Aversam
497 4204 554 4274 (at)
572 4205 699 4262 Radulle
712 4211 834 4265 consule
850 4210 905 4283 (dt)
921 4216 1012 4269 tutus.

184 4288 239 4343 Hic
252 4289 357 4359 opibus
369 4290 578 4364 plenuslecuS,
595 4294 675 4350 utilis
690 4304 736 4350 est
747 4302 774 4351 et
785 4314 919 4355 amoenus
934 4318 941 4371 ς

182 4376 249 4433 Non
264 4380 337 4449 suta,
357 4394 416 4434 non
432 4382 567 4452 fructus,
588 4400 647 4438 non
671 4389 752 4454 prata
778 4386 943 4460 abustaque
961 4391 1013 4446 de·

893 4482 976 4546 suut;

183 4555 291 4612 Nullus
302 4555 332 4610 in
347 4556 419 4611 erbe
429 4556 514 4613 locus
527 4559 706 4630 jucundior:
727 4565 805 4620 hunc
821 4569 961 4638 generosi
1026 4557 1050 4614 ἶ)

183 4643 323 4700 Consulis
334 4644 422 4717 elegit
431 4646 586 4718 prudentia
600 4656 826 4719 prememorati.

107 4774 109 4779 .
184 4733 282 4806 Hujus
303 4734 445 4806 praeolara
465 4739 612 4806 precessit
627 4741 718 4812 stirpe
733 4740 789 4813 (⁶23)
810 4743 979 4801 Richardus

218 4876 574 4948 (DOPandulphoquarto.
592 4880 675 4937 Lero.

219 4947 405 5073 (tttbAversa
421 4950 492 5004 urbs
507 4949 584 5005 inter
600 4951 754 5024 Neopolim
772 4959 800 5010 et
814 4955 943 5027 Capuam
959 4974 1014 5028 po·

186 5021 251 5075 sita.
294 5036 350 5076 ern.

231 5089 446 5160 ttConsulpro
463 5092 577 5147 comite.
594 5094 676 5150 Lam.

232 5161 278 5227 aa)
293 5160 446 5217 Consentit
460 5163 962 5238 WilhelmusGemmetieensis,lib.
975 5188 1016 5225 vn

189 5246 214 5285 e.
234 5230 277 5284 le.
295 5230 431 5288 Sed.Leo
439 5234 587 5289 Ostiensis
596 5235 649 5290 lib.
662 5255 692 5298 n,
701 5255 726 5291 e.
738 5239 781 5305 67,
792 5244 892 5294 narrat
901 5241 1017 5296 Ascilit·

192 5301 282 5355 tinum
293 5300 494 5359 Nermannum
505 5306 628 5361 duxisse
642 5323 775 5363 sororem
792 5311 918 5379 ltannlti,
931 5313 1016 5383 eiquo

190 5372 220 5426 in
229 5371 524 5431 comitatuAversane
532 5378 731 5443 successisse,
749 5381 880 5435 etlilium
896 5383 1017 5437 Richar-

189 5443 269 5509 dum,
286 5445 395 5508 putrem
412 5445 548 5516 terdeni,
566 5465 652 5504 avum
670 5451 809 5505 lliehardi
828 5451 851 5505 ll
864 5454 1016 5525 genuisse.

191 5509 347 5569 Ranultum
364 5515 569 5572 PanduliusCa
593 5536 638 5574 uae
653 5521 1018 5593 princepsAversaeeomi-

189 5590 248 5643 tem
259 5583 378 5666 iecerat.
392 5535 691 5668 llichardusfpostea
698 5592 806 5664 Capua
820 5595 1015 5665 principatum

191 5655 345 5729 occupavit
363 5652 443 5711 1053.
469 5657 534 5728 Vrd,
547 5659 639 5718 Leon.
656 5662 798 5737 Ostiens,
812 5664 831 5721 l.
847 5665 898 5740 [na
920 5681 946 5722 o.
969 5664 1014 5723 16.

846 277 1081 342 GUlLLELMl
1096 279 1238 344 APULI.

1831 280 1890 348 teet

1028 466 1052 530 A
1074 478 1129 544 Qui
1144 483 1211 549 post
1225 480 1382 548 suecessit,
1400 496 1458 551 que
1475 494 1533 535 nen
1549 482 1715 538 animosior
1731 481 1820 553 ullus,

1076 569 1168 622 Nemo
1189 569 1284 639 magis
1300 568 1419 639 largus3
1439 569 1490 639 qui
1505 585 1564 623 non
1577 570 1688 626 virtute
1698 572 1842 627 minorem

1077 657 1355 729 lerdanemgenuit;
1372 657 1511 712 terdenis
1527 661 1555 711 et
1569 658 1638 713 inde
1652 659 1846 730 Richardum,

1076 747 1200 817 tamquo
1215 746 1279 800 rire
1295 747 1375 800 viras
1393 746 1556 818 condignas
1567 748 1625 802 tert
1639 748 1828 803 adolescens.

1076 835 1223 889 lienibus
1240 837 1356 889 Aversa
1372 835 1518 890 llanulius
1535 836 1571 891 ab
1587 837 1662 892 urbe
1677 838 1818 908 peractis,

1076 924 1121 978 Ad
1137 924 1258 993 patriam
1271 923 1350 977 misit
1364 922 1490 994 legateS,
1507 926 1557 996 qui
1572 942 1736 997 properare

1077 1013 1266 1067 Normannes
1281 1011 1402 1082 iaceret,
1419 1015 1447 1067 et
1462 1029 1550 1084 quam
1566 1015 1605 1068 sit
1615 1030 1732 1070 amoena
1748 1014 1881 1071 referrent

1077 1103 1191 1171 Appula
1206 1101 1353 1170 fertilitas,
1370 1103 1474 1172 inopes
1491 1103 1555 1157 tore
1570 1119 1638 1157 mex
1654 1105 1810 1173 opulentos

1078 1191 1224 1245 Divitibus
1240 1191 1330 1245 multe
1350 1190 1417 1259 plus
1434 1190 1627 1260 polliceantur
1642 1193 1819 1247 habendum.

1077 1280 1197 1334 Talibus
1212 1280 1330 1349 auditis,
1347 1283 1376 1334 et
1390 1282 1513 1351 egentes
1529 1283 1557 1336 et
1571 1280 1738 1350 locupletes

1077 1368 1244 1423 Adveniunt
1269 1367 1351 1421 multi
1369 1382 1375 1422 τ
1392 1370 1603 1440 properatque
1618 1368 1702 1424 fasce
1717 1370 1829 1424 levetur

1076 1456 1263 1526 Paupertatis
1278 1457 1374 1525 ineps,
1386 1471 1422 1510 ae
1436 1459 1549 1527 quaerat
1564 1461 1595 1512 ut
1610 1458 1720 1527 optima
1735 1458 1827 1512 dives.

1077 1545 1191 1599 lnterea
1207 1546 1296 1600 multe
1312 1545 1441 1600 decurso
1456 1550 1598 1616 tompore,
1615 1546 1717 1602 nullus

1078 1634 1216 1688 Partibus
1233 1634 1375 1688 Ausoniis
1390 1633 1539 1689 Gallorum
1554 1637 1652 1689 terror
1666 1635 1801 1703 habetur,

1078 1722 1193 1793 Exque
1209 1723 1398 1776 Nermannos
1408 1720 1538 1793 Gatapan
1552 1724 1718 1778 abscedere
1734 1723 1810 1779 iecit.

1078 1810 1198 1880 Imperii
1213 1809 1322 1864 Melum
1338 1811 1505 1881 superando
1520 1810 1650 1867 Basilius
1666 1812 1793 1867 hostem.

1078 1899 1222 1953 Aversam
1237 1899 1336 1954 subito
1351 1900 1432 1954 venit
1448 1900 1596 1955 Ardoinus
1611 1901 1679 1970 (tl),
1697 1905 1728 1956 et
1743 1901 1821 1955 illum

1076 1987 1218 2042 Pluribus
1233 1987 1368 2041 adductis
1383 2003 1496 2057 secum,
1513 1990 1610 2043 tremit
1620 1989 1757 2059 Appulus
1771 1989 1867 2044 omnis.

1078 2077 1107 2130 ls
1123 2076 1309 2130 lombardus
1324 2079 1386 2130 erat
1400 2077 1582 2147 Graecosque
1598 2077 1705 2149 fugare
1721 2077 1842 2133 volebat

1078 2165 1137 2220 Cur
1147 2165 1285 2219 inimicus
1299 2166 1354 2232 eis,
1367 2180 1420 2219 our
1430 2163 1530 2220 Gallos
1546 2166 1673 2234 duxerit,
1691 2166 1777 2221 edam
1792 2183 1799 2220 :

1079 2255 1153 2307 Dum
1169 2253 1233 2307 sedi
1249 2252 1372 2307 Michael
1387 2253 1569 2324 Epilepticus
1585 2255 1642 2324 (tbi
1656 2255 1800 2325 imperiali

1078 2340 1232 2410 Praesidet,
1250 2342 1280 2395 in
1295 2341 1412 2396 Siculos
1428 2341 1531 2396 hostes
1545 2342 1630 2412 jubet
1645 2344 1853 2413 armamoveri,

1078 2430 1131 2495 Qui
1145 2431 1218 2484 fines
1228 2429 1370 2484 Calabros
1386 2446 1444 2484 nen
1461 2434 1584 2485 cessant
1596 2431 1780 2502 depopulari.

1080 2520 1223 2590 Dirigitur
1238 2518 1363 2573 blichael
1378 2518 1548 2574 Dochiauus
1563 2519 1599 2574 ad
1614 2520 1644 2574 id
1655 2522 1856 2593 peragendum,

1077 2607 1131 2672 Qui
1147 2608 1246 2662 multis
1261 2608 1392 2679 equitum
1409 2608 1596 2678 peditumque
1607 2613 1744 2679 potenter
1760 2610 1788 2663 in
1802 2623 1864 2664 arnt

1079 2696 1216 2767 Undique
1231 2695 1373 2765 collectis,
1386 2695 1503 2751 Siculos
1520 2698 1705 2767 compescuit
1713 2697 1821 2752 hostes.

1078 2785 1157 2839 Inter
1171 2785 1312 2840 collectos
1323 2787 1385 2840 erat
1400 2785 1560 2852 Ardoinus,
1572 2788 1600 2840 et
1615 2784 1684 2856 ejus

1079 2875 1232 2929 Asseculae
1247 2874 1365 2944 quidam
1379 2872 1551 2928 Graecorum
1564 2874 1646 2929 caede
1656 2874 1762 2942 relicti,

1076 2962 1167 3017 Plebs
1177 2962 1412 3016 Lombarderum
1428 2962 1517 3017 Gallis
1532 2963 1662 3017 admixta
1678 2962 1841 3034 quibusdan

1077 3050 1131 3116 Qui
1147 3049 1266 3122 protegi
1281 3051 1407 3118 fuerant,
1424 3051 1473 3104 ubi
1489 3050 1565 3104 bella
1577 3051 1710 3105 Basilius
1720 3051 1788 3123 egit.

1078 3140 1210 3209 Cumque
1220 3137 1396 3207 triomphato
1411 3138 1530 3192 rediens
1541 3138 1714 3193 Dochiauus
1730 3140 1765 3193 ab
1779 3139 1846 3192 besto

1080 3227 1202 3281 Praemia
1220 3226 1362 3280 militibus
1378 3227 1492 3297 Regina
1508 3226 1564 3292 rae)
1579 3227 1713 3282 solveret
1725 3227 1804 3282 urbo.

1080 3315 1194 3369 Graecis
1210 3314 1326 3369 donatis
1341 3313 1414 3368 nihil
1431 3315 1578 3369 Ardeiuus
1595 3314 1706 3370 habere

1079 3403 1227 3458 Donerum
1238 3401 1340 3471 potuit,
1356 3402 1447 3456 miser
1462 3402 1662 3472 immunisque
1678 3402 1820 3457 remansit.

1079 3490 1222 3546 Convenit
1236 3490 1304 3545 inde
1320 3506 1393 3544 suos
1408 3491 1511 3558 iratus,
1533 3493 1562 3545 et
1571 3492 1671 3561 arguit
1686 3491 1783 3563 Argos

1077 3579 1185 3649 Turpis
1196 3578 1336 3646 avaritia,
1352 3579 1460 3649 popule
1475 3578 1543 3649 quia
1558 3578 1667 3634 dautur
1679 3580 1765 3634 inerti

1078 3669 1200 3723 Munera
1210 3667 1305 3722 danda
1316 3667 1400 3737 viris,
1419 3668 1538 3722 comsit
1553 3669 1639 3738 quasi
1654 3668 1762 3724 femina
1773 3666 1868 3723 oreon·

1079 3756 1174 3812 lrotus
1184 3756 1310 3811 Michael
1325 3758 1444 3826 propter
1458 3756 1592 3811 convicia
1605 3757 1701 3830 jussit

1077 3846 1250 3902 Graecerum
1271 3846 1337 3915 ritu,
1355 3845 1514 3900 oaedeodus
1529 3849 1560 3901 ut
1575 3850 1745 3917 exueretur,

1077 3932 1222 4006 Cerrigiis
1238 3950 1350 3988 caesum
1366 3934 1498 4006 graviter
1510 3949 1655 4004 peccasse
1669 3936 1799 4006 puderet.

1078 4022 1239 4077 Dedecoris
1255 4023 1326 4076 tanti
1342 4022 1523 4077 eruciatibus
1538 4023 1718 4095 exagitatus,

1078 4111 1195 4166 Mulctae
1207 4112 1398 4166 commissum
1413 4127 1472 4166 nou
1487 4110 1671 4166 dimissurus
1685 4113 1814 4179 inultum,

1077 4201 1157 4254 Clam
1171 4215 1237 4255 eum
1253 4203 1340 4270 gente
1356 4214 1411 4253 sua
1426 4198 1598 4254 Graecorum
1613 4207 1712 4256 castra
1728 4200 1839 4272 reliquit.

1078 4289 1171 4342 Missa
1186 4289 1379 4360 Pelasgorum
1391 4304 1496 4343 manns
1512 4288 1591 4343 hunc
1604 4292 1634 4343 ut
1650 4292 1862 4362 persequeretur,

1079 4378 1220 4448 Repperit
1233 4378 1263 4431 in
1278 4392 1397 4447 cump03
1409 4393 1476 4431 eum
1493 4393 1551 4448 quo
1563 4378 1727 4451 confligere
1736 4381 1846 4441 tentans,

1078 4466 1160 4522 Cedit
1178 4481 1184 4521 :
1202 4468 1230 4520 et
1244 4465 1354 4520 occisis
1370 4465 1471 4521 decies
1483 4466 1524 4520 ibi
1539 4467 1670 4537 quinque
1685 4467 1816 4539 Pelasgis

1078 4554 1221 4608 Aversam
1237 4555 1391 4623 properat,
1406 4553 1586 4608 Nermaunis
1598 4554 1696 4608 omnia
1711 4557 1807 4609 narrat

1078 4643 1149 4707 Quae
1160 4642 1218 4695 sibi
1229 4642 1424 4713 contigerant,
1441 4642 1633 4697 vehementer
1642 4645 1672 4697 et
1680 4637 1872 4713 increpatiloet

1078 4731 1190 4800 Appula
1201 4729 1380 4786 multimodae
1397 4745 1463 4784 eum
1479 4732 1555 4784 terra
1572 4732 1612 4784 sit
1627 4731 1763 4785 utilitatis

1077 4888 1160 4943 Lara.

1113 4959 1170 5028 (lt)
1186 4959 1356 5013 llardeinus
1373 4959 1591 5031 [longobardus
1606 4960 1793 5016 Normannes
1804 4951 1869 5012 ducit:

1078 5030 1127 5100 qui
1143 5045 1209 5083 cum
1225 5030 1254 5082 in
1269 5029 1455 5099 expeditione
1471 5029 1652 5086 Saracenum
1667 5032 1813 5103 quemdam
1826 5035 1869 5105 ΡΝ

1078 5101 1245 5164 stravisset,
1258 5100 1325 5170 ejus
1335 5116 1421 5171 eque,
1432 5116 1519 5171 quom
1529 5102 1868 5173 sibipugnandoquaarr

1079 5174 1131 5239 rat,
1149 5171 1304 5240 spoliatae,
1321 5171 1438 5239 injuriae
1461 5172 1643 5227 ulciscendae
1664 5173 1786 5244 cupidus
1802 5175 1867 5224 const·

1077 5241 1148 5295 lium
1164 5241 1324 5312 eripiendae
1344 5242 1458 5296 Grecis
1474 5243 1589 5313 Apuliae
1605 5246 1692 5314 cepit.
1709 5245 1806 5298 Tinna.

1114 5313 1170 5371 (ibt
1186 5312 1240 5377 Qui
1256 5312 1345 5384 vulgo
1362 5312 1522 5386 Paphlago,
1539 5313 1701 5384 imperator
1716 5315 1803 5369 tactus
1815 5296 1864 5364 tfflb

1077 5383 1150 5438 obiit
1165 5383 1242 5436 tell.
1261 5383 1343 5438 Lnrn.
1566 5440 1576 5451 ‚
1842 5442 1846 5453 ,

1114 5454 1170 5523 (td)
1187 5454 1301 5525 Regina
1310 5455 1393 5521 urbs,
1404 5455 1490 5525 cujus
1500 5453 1568 5508 olim
1581 5455 1690 5527 ingens
1701 5456 1752 5510 tuit
1765 5447 1857 5524 pote-rte

1078 5528 1106 5578 et
1121 5525 1158 5578 eb
1174 5525 1249 5578 hanc
1265 5540 1385 5579 eausam
1400 5525 1517 5594 plurimi
1532 5541 1641 5581 nemen
1658 5527 1783 5581 civitatis
1796 5520 1867 5577 ricton

1078 5611 1147 5650 esse
1161 5599 1322 5665 autumant,
1338 5596 1423 5667 quasi
1433 5596 1516 5667 regia
1534 5597 1608 5652 urbs
1623 5597 1711 5654 teret.
1727 5598 1819 5651 Tinea.
