3908 6112
113 346 116 351 .
186 281 243 345 571
703 279 735 340 S.
755 280 942 342 ANSELMI
962 277 1166 341 LUCENSIS
1181 280 1386 342 EPlSCOPl.
1847 283 1908 345 572

188 495 245 534 nus
257 480 339 534 sanie
355 483 383 533 et
398 479 501 547 letore,
517 494 566 534 ero
584 483 717 533 sanctum
735 478 786 532 Dei
801 477 950 547 templum,
968 457 1056 528 sel
1075 474 1178 529 studeo
1194 475 1331 544 militare,
1350 475 1423 544 Sed,
1443 477 1574 546 domiue,
1595 493 1691 532 nonne
1706 485 1841 534 creatura
1856 484 1907 534 tua

187 567 305 638 pientiae
331 568 434 633 sedec,
456 571 484 621 et
510 566 708 621 babitaculum
724 566 849 637 Spiritus
867 562 975 619 sanctii
995 563 1019 617 O
1074 564 1160 617 sum‘?
1176 563 1255 635 Ergo
1270 564 1410 619 adveniet
1422 581 1545 637 regnum
1561 572 1648 634 ιιιιιιιι,
1660 570 1691 622 ιιι
1704 569 1844 639 princeps
1856 569 1907 623 bu·

188 655 257 710 lelix
273 654 351 710 diesl
368 655 391 710 O
408 656 491 710 beata
508 656 578 709 bora
596 672 661 709 eum
678 658 764 711 talem
779 654 926 724 hospitem
942 670 1018 723 pns-
1069 650 1122 722 jus
1140 653 1238 706 niundi
1253 653 1388 724 ejiciatur
1403 653 1500 721 forne,
1521 659 1550 709 tu
1576 655 1659 710 solus
1675 657 1704 710 iu
1721 673 1765 711 me
1781 673 1905 730 regnes„

188 743 306 800 sidebol
324 745 442 799 Tenebo
458 761 534 812 oiim,
548 761 601 799 nec
617 746 758 800 dimittam
775 761 850 810 cirin,
862 744 955 797 donec
972 744 1018 795 iu·
1073 743 1102 792 tu
1121 742 1203 795 solus
1218 742 1366 796 inhabites
1382 749 1508 797 mentem
1524 759 1628 811 meam,
1644 750 1735 799 totum
1751 762 1798 800 me
1813 762 1907 800 occu-

188 833 338 886 trodueam
355 847 420 886 euna
435 848 441 887 :
458 835 515 888 imo
531 833 594 902 ipsc
610 835 778 888 introducat
793 848 838 886 me
853 832 881 884 iu
899 831 1017 883 domum

188 917 278 981 illius,
299 935 365 992 quse
382 936 501 973 sursum
517 925 562 975 cst
578 921 752 987 Jerusalem,
765 920 868 974 matris
885 934 968 985 mem,
990 920 1018 971 et

189 1006 216 1060 in
233 1007 399 1062 cubiculum
420 1008 574 1080 genitricis
599 1025 686 1077 mem,
712 1009 826 1063 seilicet
842 1009 869 1062 in
887 1009 1016 1061 intimum

189 1097 441 1164 contemplationis
468 1097 612 1166 quietem,
639 1098 687 1151 ubi
713 1097 834 1164 cubant,
861 1096 911 1150 ubi
935 1096 1017 1165 quie·

189 1187 275 1236 scunt
289 1184 394 1237 animm
409 1183 541 1239 delicatae
557 1185 654 1241 (Cant.
671 1190 723 1251 ιιι).

223 1269 249 1326 3.
267 1271 360 1327 Pater
375 1279 477 1328 nester
503 1274 552 1345 qui
576 1289 609 1328 es
633 1275 663 1328 in
688 1273 786 1337 coelis,
814 1271 1017 1327 sanetidcctur

189 1376 291 1415 nomen
317 1366 410 1430 turini,
431 1365 487 1416 ete.
513 1362 645 1433 Oquem
668 1363 742 1416 bene
767 1363 910 1432 sequitur,
930 1377 1016 1432 quam

187 1450 295 1517 optime
311 1453 506 1518 continuetur,
523 1467 609 1521 quum
630 1451 851 1522 elegentissime
866 1450 1018 1504 ordinatur

187 1539 287 1608 petitio
306 1539 342 1592 ad
363 1538 516 1608 pcaedicta,
539 1540 653 1593 scilieet
676 1538 888 1594 Sanctificetur
913 1554 1016 1591 nnnacu

187 1633 265 1680 tuum
281 1627 317 1681 ud
332 1627 425 1682 Pater
441 1634 543 1682 noster
558 1629 607 1700 qui
622 1644 656 1683 cs
670 1629 701 1682 in
717 1627 810 1693 caelis,
836 1627 903 1698 quia
919 1627 1017 1682 lllialis

1072 834 1121 898 pet
1137 846 1263 900 regnum
1277 834 1373 899 tuum,
1390 835 1480 884 totum
1501 831 1560 885 sibi
1580 832 1705 886 vindicet
1722 834 1907 889 desiderium

1072 933 1180 985 meum,
1192 918 1274 972 solus
1289 919 1407 974 reficias
1418 918 1552 974 allectum
1569 932 1674 975 meum.
1691 920 1764 986 Quid
1781 924 1908 992 quaero?

1072 1005 1146 1071 Quid
1158 1007 1245 1061 volo?
1257 1007 1332 1070 Quid
1345 1008 1503 1062 desideret
1517 1007 1579 1072 Quo
1590 1011 1702 1080 vagor?
1714 1008 1776 1074 Quo
1789 1009 1908 1066 discur-

1073 1096 1126 1148 ro‘?
1142 1111 1196 1148 cuc
1210 1094 1380 1150 distrahor?
1395 1096 1510 1150 Sufficit
1525 1097 1606 1163 mihi,
1624 1097 1755 1167 Domino,
1776 1115 1907 1170 regnum

1073 1188 1164 1252 tuum,
1174 1198 1246 1254 ergo
1258 1184 1398 1238 adveniat
1412 1200 1535 1255 regnum
1552 1191 1639 1239 tuum.
1657 1185 1736 1240 Nihil
1747 1186 1783 1240 de
1794 1190 1907 1242 caetero

1073 1272 1213 1343 cogitem,
1230 1271 1301 1325 nibil
1320 1271 1502 1342 desiderem,
1520 1273 1592 1327 nihil
1614 1273 1761 1344 afflictam,
1778 1275 1839 1329 nisi
1854 1290 1906 1330 re-

1073 1377 1162 1430 gumn
1178 1365 1274 1428 tuum3
1298 1361 1337 1415 sit
1360 1361 1399 1415 ibi
1424 1361 1544 1417 relectio
1560 1378 1633 1425 mea,
1651 1364 1690 1417 sit
1705 1363 1746 1417 ibi
1761 1363 1907 1419 habitatio

1072 1465 1146 1517 mea,
1164 1449 1203 1502 sit
1216 1449 1255 1503 ibi
1272 1452 1331 1504 tota
1346 1451 1532 1505 conversatio
1549 1466 1622 1505 mea.
1635 1451 1679 1505 Tu
1694 1452 1777 1507 solus
1792 1452 1905 1522 bonus,

1071 1538 1908 1608 tusoluspulcher,tusolusamabilis,tusolusdesidera-

1071 1626 1139 1680 bilis
1156 1626 1317 1680 animarum
1329 1627 1499 1680 amatar.'lu
1511 1627 1594 1681 solus
1605 1645 1651 1682 me
1663 1644 1762 1700 regne,
1772 1632 1804 1682 tu
1819 1629 1907 1684 solus

188 1715 314 1783 devotio,
328 1717 458 1771 eoelestis
471 1718 676 1785 contemplatio
688 1719 779 1772 totum
794 1717 921 1770 auianum
935 1732 1017 1771 reve·
1072 1729 1117 1768 me
1133 1714 1260 1786 dirigas,
1282 1720 1313 1769 tu
1337 1716 1420 1770 solus
1440 1732 1485 1769 mo
1505 1716 1633 1785 allicias,
1654 1721 1685 1771 tu
1708 1718 1792 1772 solus
1811 1721 1906 1772 toturn

186 1803 279 1857 nentis
290 1803 341 1858 filii
353 1809 496 1860 convertit
511 1807 540 1858 in
555 1806 671 1860 Patrem
688 1806 849 1870 eoelestem‚
860 1805 1015 1872 utclumet,
1032 1819 1122 1888 Beer
1137 1819 1232 1858 meum
1255 1804 1365 1857 babeas
1387 1805 1549 1858 animatum
1573 1805 1691 1860 zelator.
1715 1805 1745 1860 ln
1759 1809 1789 1861 te
1804 1806 1906 1860 solum

187 1895 215 1945 et
231 1892 308 1946 dieat
329 1910 334 1946 :
364 1893 575 1948 Sanctificetur
590 1910 693 1949 nomen
710 1900 797 1962 tuum,
814 1894 899 1965 quasi
914 1894 991 1947 dicat
1009 1909 1015 1947 :
1070 1896 1174 1961 pectus
1190 1908 1287 1945 meum
1303 1893 1487 1960 dulcoretur,
1505 1894 1533 1946 in
1548 1897 1575 1947 te
1590 1893 1686 1949 solum
1702 1894 1838 1965 quiescat
1853 1910 1908 1950 eor

186 1979 253 2034 Non
265 1985 397 2036 terrenas
408 1983 537 2052 divitias,
550 1983 718 2050 delicius,et
730 1984 857 2037 bonores
874 1987 951 2053 peto,
963 1983 1017 2036 sed
1070 1995 1177 2048 meum,
1195 1984 1286 2035 lotum
1301 1981 1417 2052 repleas
1438 1982 1566 2036 animum
1586 1999 1776 2049 meum-cum
1793 1984 1907 2055 impetu

185 2072 216 2121 ut
232 2069 288 2123 sim
305 2071 333 2123 in
349 2074 377 2124 te
393 2073 470 2125 totus
495 2086 679 2140 conversuS,
705 2071 761 2125 sim
784 2076 862 2126 totus
885 2072 1014 2126 divinus.
1070 2069 1227 2122 ascendum
1244 2070 1279 2123 ad
1296 2072 1322 2122 te
1338 2073 1470 2123 centrum
1496 2075 1525 2124 et
1548 2086 1672 2142 regnum
1691 2071 1823 2126 omnium
1839 2073 1907 2126 aui-

186 2156 398 2214 Sanctificetur
414 2174 516 2214 numen
533 2166 625 2228 tuuru,
636 2165 667 2214 ut
679 2161 792 2215 scilieet
807 2176 876 2230 pars
893 2175 957 2214 mea
971 2175 1016 2212 ra·
1070 2173 1198 2224 marum,
1213 2173 1286 2228 ergo
1302 2157 1442 2211 adveniat
1459 2173 1582 2228 regnum
1599 2165 1685 2227 tuum,
1699 2159 1749 2213 dat
1766 2159 1909 2215 voluntas

184 2245 350 2314 tionabilis,
368 2251 416 2301 tua
444 2249 586 2318 sapientia
602 2249 762 2317 illustrata,
779 2249 856 2302 ouini
872 2264 972 2302 errore
988 2251 1017 2301 et
1071 2254 1118 2299 tua
1129 2247 1205 2299 sieut
1217 2246 1247 2298 iu
1260 2246 1368 2300 carleol
1381 2247 1410 2299 in
1422 2252 1514 2301 terro.
1527 2247 1589 2300 lloc
1600 2247 1905 2316 volo,hoodosidcio,

184 2334 374 2407 ambiguitate
396 2340 424 2390 et
446 2338 655 2391 tenebrositate
672 2340 805 2408 purgata,
823 2337 928 2392 babeat
945 2353 1015 2390 san·
1070 2333 1126 2387 boc
1143 2335 1211 2387 totis
1226 2335 1315 2388 animi
1327 2334 1495 2389 visceribus
1508 2337 1696 2405 concupisco,
1709 2338 1740 2390 ut
1753 2337 1783 2390 in
1799 2336 1908 2404 me,de

185 2423 358 2493 ctissimam,
373 2426 401 2479 id
418 2429 464 2479 est
477 2426 667 2496 purissimam
684 2427 813 2480 notitiam
828 2428 880 2481 tui.
1070 2439 1115 2476 me
1133 2427 1159 2475 et
1175 2439 1228 2491 pro
1245 2438 1301 2489 nic,
1315 2439 1371 2476 nou
1384 2439 1457 2487 inca,
1469 2425 1520 2477 sed
1533 2427 1591 2490 tua,
1605 2424 1812 2490 betvoluntus,
1824 2428 1907 2479 lotus

218 2510 244 2565 4.
262 2512 413 2567 Adveniet
429 2529 553 2586 regnum
570 2520 657 2577 tuunr,
673 2518 704 2567 ut
719 2531 782 2568 inea
797 2515 955 2568 irascibilis
972 2513 1012 2586 [f.
1069 2514 1138 2565 tuus
1154 2511 1224 2575 sim,
1240 2514 1320 2565 totus
1340 2511 1368 2563 in
1389 2515 1469 2564 tuum
1494 2513 1590 2566 solum
1614 2512 1729 2566 tendam
1746 2513 1904 2568 honorem.

185 2599 320 2653 voluntas
332 2599 354 2671 ],
371 2605 419 2654 lua
435 2603 561 2670 potentia
587 2605 737 2667 roborata,
754 2604 787 2657 cd
806 2603 1014 2656 sublimitatem
1070 2599 1113 2652 nd
1131 2600 1186 2653 boc
1202 2598 1298 2652 suetus
1314 2615 1396 2661 sum,
1422 2600 1457 2652 nd
1481 2601 1537 2654 boc
1559 2605 1742 2669 natussum,
1759 2605 1792 2655 ut
1807 2602 1906 2655 solum

184 2687 225 2739 tui
241 2689 325 2759 regui
346 2692 535 2745 conscendat.
551 2691 616 2745 Fiet
628 2693 938 2759 voluutastua,ut1uea
950 2709 1016 2745 con·
1070 2691 1150 2740 tuum
1167 2689 1315 2757 requiram
1331 2688 1556 2743 bonoremdam
1568 2705 1626 2744 non
1639 2690 1738 2743 declar
1753 2689 1789 2743 ad
1807 2706 1907 2744 meum

184 2777 379 2844 eripiseibilis,
397 2782 444 2832 tun
460 2780 588 2833 bonitate
605 2780 765 2848 dulcorata,
779 2781 837 2834 imo
851 2781 899 2833 tua
916 2780 1013 2834 chari·
1070 2777 1242 2846 appetitum,
1257 2774 1317 2846 jam
1340 2792 1397 2831 non
1422 2778 1574 2847 proprium
1599 2778 1747 2848 requiram
1768 2794 1905 2832 commo-

182 2867 240 2917 tate
255 2864 384 2933 perfecta
402 2867 486 2937 plene
503 2871 552 2922 tuo
567 2869 751 2939 beneplacito
767 2870 915 2940 quiescat,
932 2874 964 2922 nt
977 2885 1013 2923 ex
1069 2863 1222 2934 duminio
1238 2880 1296 2917 non
1313 2864 1500 2918 considerem
1512 2864 1832 2936 amicorumaffcetum,
1845 2882 1904 2921 non

182 2966 253 3005 vera
278 2953 444 3009 dilectionis
469 2956 595 3011 amicitia
615 2958 654 3011 sit
672 2958 748 3012 idern
774 2957 850 3012 velle
874 2962 902 3011 et
925 2958 1013 3012 nolle.
1069 2952 1195 3022 cogitem
1212 2952 1281 3021 quid
1297 2968 1439 3021 acriorum,
1454 2953 1500 3006 vel
1517 2953 1617 3021 dulce3
1634 2952 1843 3009 bonorifieium
1858 2955 1905 3010 vel

183 3040 246 3107 Vel,
263 3042 469 3098 sanctificetur
484 3060 588 3100 riorueu
603 3053 691 3113 tuum,
704 3052 843 3117 quantum
860 3047 895 3101 ad
911 3063 1014 3117 purum
1068 3039 1140 3104 Vile}
1157 3040 1210 3094 sed
1227 3042 1322 3094 Ssslum
1344 3041 1419 3094 ⁰1¹³?
1435 3041 1463 3093 5¹¹
1480 3041 1617 3096 Omnibus
1634 3046 1712 3095 illum
1730 3043 1906 3114 beneplaci-

182 3129 312 3184 notitiam
328 3131 504 3187 intellectus.
517 3135 669 3189 Adveniet
684 3151 808 3206 regnum
822 3142 909 3204 tuum,
922 3152 1013 3206 quan·
1031 3131 1127 3236 ctum
1157 3128 1331 3198 adimplete,
1361 3129 1482 3182 diffieiltl
1506 3131 1551 3183 vel
1576 3130 1656 3195 leve;
1684 3145 1826 3200 asperum
1857 3132 1902 3186 vel

182 3221 241 3270 tum
256 3219 292 3272 ad
309 3219 429 3274 fervens
444 3222 626 3277 desiderium
644 3223 775 3278 affectus,
1068 3232 1175 3285 suaveg
1193 3218 1245 3270 sed
1256 3233 1321 3270 eum
1331 3218 1451 3286 impetu,
1462 3220 1489 3272 et
1500 3218 1647 3272 desiderio
1663 3218 1789 3273 ferventi
1802 3225 1831 3274 et
1841 3223 1904 3276 eni-

215 3306 241 3360 5,
264 3306 331 3361 Ffflp
349 3308 483 3364 polum,-
506 3316 553 3365 tua
578 3313 654 3366 sicut
669 3313 700 3365 jn
717 3312 789 3367 ραι)
808 3319 837 3367 02
861 3314 892 3366 jn
918 3319 1010 3367 gerru,
1068 3307 1106 3358 mi
1118 3305 1262 3360 anxietate
1272 3321 1371 3359 curem
1384 3306 1525 3374 perficere
1536 3322 1603 3377 quoe
1614 3308 1826 3363 tumroluntati
1835 3314 1905 3364 sunt

179 3392 324 3457 Quantum
341 3397 376 3450 ud
392 3399 554 3467 perlectum
566 3401 742 3471 obsequium
753 3400 885 3456 effeetus.
896 3401 1012 3456 Sancti·
1067 3393 1182 3464 placila·
1204 3393 1266 3447 1100
1281 3393 1377 3448 ⁸0¹⁰*ss
1394 3394 1463 3448 milli
1480 3410 1581 3463 SUflVssi
1604 3395 1660 3449 1¹0⁰
1683 3396 1780 3451 ⁸0¹¹¹ffl
1798 3397 1838 3452 Sil
1851 3397 1904 3468 ju·

181 3480 285 3536 lleetuc
299 3499 372 3555 ergo
385 3485 414 3539 iu
431 3487 518 3540 nobis
534 3503 640 3542 nome-n
651 3492 743 3555 tuum,
755 3490 833 3559 quod
849 3491 885 3543 ab
902 3492 1012 3544 aeteruo

181 3570 401 3625 sanctissimum
418 3577 479 3633 est,
498 3579 527 3628 ut
543 3575 685 3645 quidquid
700 3576 853 3644 uidemus,
871 3577 1012 3647 quidquid

180 3657 328 3726 eudimus,
344 3659 486 3731 quidquid
503 3662 695 3732 intelligimus
709 3669 737 3718 et
754 3667 908 3732 sentimus
922 3670 1013 3719 totum

180 3744 214 3797 ed
231 3745 413 3800 sanctissimi
438 3749 478 3802 tui
504 3750 631 3804 nominis
655 3750 843 3817 ordinemne,
869 3756 899 3807 ut
924 3754 967 3807 sic
983 3754 1013 3807 in

181 3831 268 3887 nobis
280 3848 386 3888 nomeu
398 3839 477 3890 tuum
491 3841 624 3892 sanetum
635 3839 682 3905 sit,
692 3840 756 3894 sinc
766 3844 845 3895 terra
856 3847 883 3896 et
895 3859 1010 3912 purum,

180 3922 211 3971 ut
225 3921 346 3973 excussi
371 3925 398 3974 et
421 3925 537 3994 purgati
553 3925 589 3978 eb
605 3927 683 3980 omni
701 3929 870 3982 curiositate
886 3933 914 3982 et
929 3929 1012 3983 rani-

179 4009 236 4062 toto
252 4011 281 4061 et
296 4009 375 4062 omui
391 4010 485 4066 inutili
501 4012 664 4082 phantasia.
676 4018 704 4069 te
716 4017 813 4070 solum
830 4017 858 4070 iu
875 4017 1012 4071 omnibus

178 4108 378 4164 agnoscamus
390 4113 519 4169 semper,
528 4101 662 4170 piissime
673 4108 701 4157 et
713 4105 902 4158 sanctissime
913 4106 1010 4167 Pater:

178 4183 286 4236 mentis
306 4188 417 4240 nostra
433 4187 538 4241 oculus
553 4189 588 4241 ad
601 4192 628 4242 te
645 4189 742 4244 lumen
759 4196 900 4246 aeternum
916 4193 1012 4247 inces-

179 4269 311 4326 sabiliter
326 4273 485 4345 dirigatur,
502 4291 621 4346 semper
635 4282 662 4331 te
679 4281 729 4349 qui
747 4280 774 4333 ιιι
792 4281 938 4343 omnibus,
952 4288 980 4335 et
997 4299 1011 4335 a

178 4361 347 4428 quaomnia
365 4366 445 4430 sunt,
456 4364 484 4414 in
496 4365 633 4419 omnibus
651 4371 678 4420 te
695 4367 818 4436 intuear,
829 4369 857 4422 in
874 4371 1012 4425 omnibus

177 4448 206 4500 te
221 4463 392 4517 agnoscam.
405 4450 428 4504 Ο
443 4466 530 4521 quam
547 4453 631 4508 dulce
648 4455 746 4509 lumen
764 4461 791 4510 et
807 4458 980 4513 delectabile
996 4477 1011 4512 a

1068 3482 1206 3550 eundum,
1224 3482 1280 3536 boe
1295 3483 1391 3536 solum
1416 3483 1487 3536 mibi
1509 3485 1582 3549 leve,
1600 3484 1656 3538 hoc
1670 3484 1857 3553 delectabile,
1874 3490 1904 3540 et

1067 3570 1191 3624 amabile
1216 3570 1245 3624 in
1265 3573 1524 3642 quantumcunque
1540 3573 1667 3641 asperis,
1683 3572 1861 3629 difficilibus
1875 3578 1905 3629 et

1067 3659 1175 3712 laniaris
1205 3663 1283 3712 tuam
1312 3659 1461 3730 requiram
1490 3661 1634 3729 perficere
1658 3660 1850 3715 voluntatem.
1879 3662 1903 3717 0

1068 3748 1222 3818 gaudium,
1240 3751 1268 3801 et
1284 3747 1473 3818 jucunditas,
1500 3751 1527 3801 et
1551 3748 1707 3803 exsultatio
1728 3750 1902 3819 medullaris

1069 3839 1160 3890 totum
1176 3838 1204 3889 ct
1219 3837 1354 3903 totaliter,
1376 3851 1503 3907 semper,
1523 3841 1551 3892 et
1565 3838 1674 3908 ubique
1689 3853 1842 3908 exponere
1856 3854 1901 3893 me

1069 3924 1104 3978 ud
1120 3939 1235 3978 omuem
1251 3929 1332 3979 tuum
1349 3924 1501 3993 honorem,
1516 3942 1602 3997 quem
1617 3927 1731 3995 possim
1748 3926 1837 3981 modo
1851 3927 1902 3980 eli·

1068 4028 1126 4082 quo
1142 4011 1257 4067 ellectui
1283 4012 1466 4083 manciparet
1487 4013 1510 4068 0
1535 4015 1645 4069 utinam
1670 4015 1754 4068 solus
1779 4031 1901 4085 possem

1069 4102 1166 4155 omnia
1186 4106 1233 4155 tua
1249 4102 1422 4172 ministeria,
1440 4103 1478 4156 mi
1495 4102 1628 4167 Domine,
1643 4103 1806 4172 adimplere
1815 4096 1900 4159 tnu-

1068 4191 1115 4261 gis
1131 4190 1257 4261 gaudeo,
1280 4191 1375 4262 magis
1390 4191 1531 4260 approbo,
1547 4192 1674 4261 amplius
1688 4193 1760 4246 totis
1776 4193 1897 4248 artubus

1068 4283 1096 4332 et
1111 4278 1279 4332 visceribus
1297 4281 1476 4347 concupisco
1491 4295 1537 4333 me
1553 4283 1644 4333 totum
1664 4281 1839 4349 impendere
1853 4286 1898 4336 tuo

1067 4365 1188 4433 honori,
1207 4382 1251 4420 me
1267 4366 1374 4420 divinae
1393 4371 1450 4420 tuae
1466 4367 1639 4422 satisfacere
1657 4369 1799 4423 voluntati
1815 4386 1896 4441 qnam

1067 4460 1094 4507 et
1109 4458 1367 4525 quantumcunque
1384 4454 1556 4509 coeleslibus
1568 4461 1596 4511 et
1607 4455 1714 4510 divinis
1727 4457 1847 4514 deliciis
1853 4460 1896 4529 ju·

177 4536 205 4588 te
222 4535 286 4590 sole
300 4536 423 4606 justitiae
436 4555 585 4610 uunquam
597 4543 704 4596 mentis
717 4544 851 4598 intuitum
863 4546 1010 4603 amoveret
1027 4514 1198 4596 Dssuntltlt'i·
1223 4542 1253 4597 Si
1270 4542 1346 4595 edim
1361 4559 1415 4613 plo
1431 4547 1468 4609 ιθ,
1486 4544 1523 4596 nli
1540 4544 1666 4614 domine,
1681 4546 1812 4601 totaliter
1826 4546 1897 4602 lete

178 4623 304 4696 Oquem
320 4625 431 4692 dulcis,
452 4643 539 4699 quum
564 4631 710 4685 amabilis.
727 4648 814 4703 quam
830 4634 1012 4690 admirabilis
1067 4646 1123 4689 tet.
1146 4635 1173 4684 et
1193 4633 1350 4700 passiones
1373 4638 1401 4684 el
1422 4635 1532 4686 mortes
1555 4648 1751 4703 quastlllssqw
1767 4635 1803 4688 ud
1820 4638 1897 4690 tuum

177 4712 272 4767 oculis
290 4717 400 4769 nostris
415 4718 532 4770 tuorum
547 4717 666 4772 claritas
681 4719 846 4775 radioruml
869 4722 1011 4778 Sanctid-
1066 4719 1208 4774 honorem
1231 4721 1408 4789 reciperem,
1421 4720 1457 4775 de
1475 4721 1519 4775 eis
1531 4721 1627 4791 magis
1639 4721 1736 4793 gaude
1748 4738 1902 4795 remquam

178 4808 264 4855 cetur
279 4817 352 4874 ergo
369 4818 473 4857 nomen
495 4809 583 4858 tuum.
609 4806 761 4861 Adveniet
780 4825 905 4880 regnum
922 4818 1010 4866 tuum.
1066 4808 1101 4861 de
1116 4823 1291 4879 quacunque
1315 4809 1507 4863 delectatione
1529 4824 1617 4880 quam
1639 4809 1727 4863 etiam
1753 4810 1781 4863 in
1808 4814 1902 4881 petria

179 4886 264 4942 Nunc
280 4890 402 4945 Domine
418 4892 510 4959 Deus,
523 4908 647 4963 regnum
664 4893 755 4964 hujus
772 4897 871 4951 mundi
886 4913 1011 4968 occupa·
1067 4895 1175 4950 babere
1197 4911 1333 4966 possem,
1351 4896 1408 4950 nisi
1424 4896 1551 4951 sortasse
1577 4898 1607 4950 in
1631 4897 1678 4950 illa
1703 4897 1903 4954 delectatione

179 4976 221 5029 vit
235 4977 360 5032 animam
378 4994 481 5044 meam,
501 4981 559 5034 imo
574 4984 664 5034 totam
679 4983 845 5053 dissipavit,
863 4988 952 5040 totam
967 4987 1011 5041 la·
1066 4987 1175 5038 tantum
1195 4987 1245 5038 aut
1265 4985 1332 5054 plus
1354 4985 1472 5039 cederet
1495 4985 1530 5038 ad
1555 4987 1596 5039 tui
1622 4985 1784 5053 bonorem3
1800 4994 1829 5042 et
1847 4988 1907 5042 boe

179 5064 299 5131 celavit,
319 5069 407 5120 totam
424 5065 555 5136 loednvit,
572 5071 660 5122 totum
677 5069 852 5142 denigravit,
869 5089 1011 5142 sponsam

179 5151 256 5203 tuem
272 5151 423 5223 dilectam,
445 5156 571 5209 animem
595 5172 703 5220 meam,
729 5163 819 5213 totum
836 5176 888 5214 eor
903 5176 1010 5229 recum,

178 5239 270 5291 totum
284 5239 413 5294 animum
429 5258 537 5310 meum,
557 5246 649 5298 totum
665 5244 801 5300 allectum
818 5263 913 5302 meiuu
931 5249 1011 5302 rani-

178 5326 239 5391 tas,
260 5326 318 5380 imo
336 5328 453 5383 toeditas
469 5330 560 5401 hujus
577 5334 685 5387 mondi.
711 5334 779 5389 ldeo
797 5351 855 5388 non
871 5336 930 5389 nisi
944 5352 1011 5408 quae

179 5414 278 5467 mundi
306 5420 377 5470 snut
405 5419 511 5484 sentio,
535 5435 602 5490 quae
627 5421 725 5476 carnis
749 5427 818 5477 sunt
844 5429 958 5493 appeto,
983 5429 1013 5480 et

179 5501 241 5555 sole
265 5508 381 5558 terrena
404 5506 502 5577 cogito
524 5510 553 5561 et
574 5507 689 5564 allecto.
714 5508 821 5566 Faetus
838 5527 903 5566 sum
919 5513 1010 5584 hujus

180 5590 280 5645 mundi
295 5592 383 5662 cinis,
396 5596 424 5647 et
439 5594 495 5647 suli
512 5593 604 5664 hujus
619 5598 719 5652 niundi
735 5599 867 5669 principe
884 5601 1011 5655 sollicite

1066 5074 1151 5126 etiam
1174 5088 1231 5126 non
1253 5074 1364 5127 ratione
1393 5072 1611 5143 delectationiS,
1636 5074 1687 5128 sed
1718 5076 1839 5131 ratione
1862 5074 1907 5131 lui

1066 5161 1189 5214 honoris
1205 5165 1352 5230 optarem;
1375 5177 1432 5216 non
1457 5163 1535 5216 euim
1558 5162 1653 5216 iaetus
1669 5178 1737 5217 sum
1752 5164 1789 5217 ad
1806 5180 1908 5219 meam

1067 5250 1222 5303 vanitatem
1238 5249 1462 5316 consolandam,
1481 5251 1534 5304 sod
1556 5251 1593 5304 ed
1611 5253 1688 5304 tuuui
1705 5252 1908 5322 iuagrtilleeu·

1065 5338 1133 5390 tiam
1158 5337 1368 5391 honorandam.
1389 5335 1463 5401 Quid
1488 5338 1559 5391 mihi
1583 5338 1702 5409 iunius?
1725 5336 1802 5402 Quid
1830 5341 1906 5395 milii

1065 5425 1202 5479 dulcius?
1215 5425 1289 5489 Quid
1303 5425 1371 5478 mibi
1384 5427 1539 5480 amabilius
1555 5442 1641 5497 quam
1661 5431 1754 5481 totum
1772 5428 1802 5483 ιιι
1819 5433 1902 5483 tuum

1064 5513 1207 5568 bonorem
1221 5515 1351 5568 resolvi?
1367 5514 1390 5569 Ο
1405 5513 1561 5585 gaudium!
1584 5514 1608 5569 O
1623 5516 1796 5586 tripudium,
1813 5532 1900 5572 omne

1065 5603 1515 5674 mibijubilaresolatium,quod
1526 5604 1639 5673 possim
1649 5604 1761 5675 aliquid
1773 5610 1899 5677 quanto-
