3900 6112
184 261 258 325 1474

184 459 263 516 nulla
283 461 400 530 penitus
429 463 646 533 tergiversandi
672 468 842 534 argumenta
872 463 1049 534 reperiatd

182 550 256 604 Nam
273 552 304 603 ut
318 551 454 604 virtutem
467 553 532 621 eius
542 571 628 623 quam
643 554 905 610 brevissimenunc
917 561 1016 612 osten·

183 657 260 724 dam,
277 659 325 710 ant
340 657 1011 731 substantivecorpuschristioratquodcuri-

183 749 248 800 stus
261 746 382 811 terebat,
400 747 436 800 de
451 763 509 817 quo
521 748 651 802 dicebat:
669 749 783 803 Hocest
795 766 1011 821 corpusmeum,

182 839 231 889 aut
245 838 355 890 tantum
368 837 502 907 figurate.
529 836 585 890 Sed
603 843 712 890 tantum
730 839 854 909 ligurate
868 855 926 894 non
938 855 1012 908 pes-

184 926 253 979 sunt
271 925 328 994 pati
351 927 517 995 praemissa,
543 927 788 998 quibus'dicitur3
812 930 880 998 quia
896 929 925 982 in
945 929 1011 984 aliis

181 1029 239 1069 non
257 1015 412 1081 invenitur,
430 1016 507 1086 quod
524 1017 551 1069 iu
564 1015 681 1070 Christo
701 1016 859 1071 invenitur.
874 1017 1011 1087 Alioquin

181 1099 366 1157 inveniretur
380 1108 407 1157 et
419 1105 447 1157 in
463 1106 539 1160 aliis,
555 1104 656 1160 Omnis
672 1107 779 1176 qnippe
789 1106 876 1161 bomo
888 1106 1012 1176 liguram

182 1191 246 1258 sui,
260 1191 289 1244 in
305 1209 360 1262 quo
376 1193 446 1247 nihil
458 1195 493 1247 de
503 1195 667 1249 substantie
677 1212 731 1250 sua
741 1198 795 1261 ost,
814 1195 892 1250 terre
904 1197 1012 1264 potest.

182 1278 239 1334 Sed
252 1281 280 1333 in
305 1280 381 1350 aliis,
399 1282 501 1353 inquit,
519 1299 577 1338 non
589 1285 746 1339 invenitur.
767 1284 902 1337 Manibus
921 1285 1011 1348 enim,

181 1368 230 1435 ait,
247 1370 312 1424 suis
327 1386 413 1424 nemo
425 1375 566 1441 portatur.
578 1373 642 1426 Non
653 1374 744 1443 igitur
753 1373 877 1443 figurate
888 1373 1011 1439 tantum,

179 1459 1011 1531 nonumbratice,quoproptersubstantivecorpusChri-

181 1546 220 1602 sti
235 1550 297 1602 erat
311 1549 389 1618 quod
401 1549 464 1616 ipse
482 1549 602 1604 terebat.
614 1551 678 1604 Non
689 1551 1011 1619 satisexprimerepos-

181 1651 246 1690 sum
258 1639 435 1706 quantumin
453 1639 582 1693 hisbeati
593 1639 750 1710 augustini
760 1637 1012 1699 verbisobleoter,

181 1727 380 1794 quantumque
395 1741 486 1795 super
504 1726 607 1780 borum
628 1726 788 1781 miserabili
805 1726 935 1780 caecitate
959 1724 1013 1778 ad·

179 1813 280 1867 miror.
296 1813 340 1866 Ex
354 1815 401 1868 bis
413 1831 537 1885 nomque
553 1821 685 1885 potenter
700 1815 864 1870 ostenditur
880 1813 948 1885 quid
961 1829 1014 1868 re·
1030 1838 1051 1896 g

178 1898 266 1955 luerit
276 1903 353 1957 idem
366 1904 613 1958 virbeatissimus
630 1904 763 1976 intelligi,
782 1905 810 1957 in
826 1903 1014 1973 expositione

180 2004 250 2044 mox
268 1990 402 2060 ejusdem
436 1994 580 2047 tricesimi
606 1994 684 2046 tertii
714 1993 830 2063 psalmi,
846 1993 895 2046 ubi
916 1992 1012 2045 dixit:

184 2100 195 2125 ιι
217 2078 280 2133 Nes
297 2081 330 2134 ad
347 2095 412 2134 eum
430 2083 616 2150 accedamus,
627 2087 658 2137 ιιι
669 2098 777 2152 corpus
795 2085 822 2135 ct
837 2081 1013 2152 sanguinem

165 2222 167 2226 Α
180 2166 248 2238 ejus
265 2170 453 2238 accipiamus.
468 2171 511 2227 llli
522 2172 558 2225 de
570 2172 712 2226 crucifixo
722 2170 866 2226 tenebrati
877 2171 1014 2236 sunt,nos

179 2256 383 2313 manducando
397 2261 571 2314 crucifixum
589 2264 615 2314 ει
626 2260 754 2314 bibendo
776 2259 983 2314 illuminamur.
999 2281 1009 2304 ιι

180 2344 250 2400 ltem
267 2346 344 2401 olibi.
365 2369 375 2394 ι
394 2348 455 2402 Hoc
470 2350 603 2419 accipite,
620 2349 763 2418 inquitis
775 2365 859 2417 pane,
872 2347 1013 2418 quodpe-

178 2435 321 2503 penditio
338 2453 425 2492 eruce
443 2455 448 2491 :
466 2440 494 2492 et
509 2438 565 2492 boc
581 2438 702 2508 aecipite
718 2438 746 2491 in
763 2438 865 2502 calice,
876 2437 953 2506 quod
966 2435 1012 2489 ει-

179 2522 279 2577 fusum
295 2528 340 2579 est
356 2526 391 2579 de
407 2525 627 2582 Christilatere.
645 2551 655 2573 ιι
672 2526 745 2580 Ειιιι
756 2526 908 2580 ειιοιοεο;
927 2548 937 2571 ιι
949 2525 1013 2579 Hoc

178 2611 326 2681 biberunt,
345 2617 446 2683 posteo
467 2616 632 2681 credentes,
663 2614 740 2684 quod
766 2614 850 2683 prius
878 2613 1014 2667 fuderant

180 2701 349 2756 saerientes.
370 2725 379 2749 ιι
398 2703 468 2756 ltem
483 2703 578 2758 inalio
591 2704 668 2774 quod
681 2718 770 2772 supra
783 2702 846 2772 jam
861 2702 990 2756 diximus
1005 2719 1010 2756 :

182 2811 193 2836 a
216 2788 353 2859 Suscepit
367 2791 504 2846 Christus
520 2793 555 2847 de
577 2797 654 2847 terra
671 2795 789 2854 terram,
808 2791 875 2861 quia
891 2806 960 2845 care
976 2791 1012 2846 de

179 2878 257 2932 terra
272 2882 332 2947 est;
350 2882 377 2934 et
392 2879 427 2935 de
443 2896 532 2936 carne
551 2882 652 2935 llariae
664 2895 781 2935 carnem
806 2880 918 2948 accepit
947 2879 1011 2933 etin

179 2965 243 3036 ipsa
259 2983 347 3023 carne
366 2969 412 3022 bie
438 2970 607 3037 ambulavit,
625 2973 653 3024 et
673 2971 766 3039 ipsam
784 2983 904 3022 carnem
925 2967 1012 3022 nobis

179 3054 412 3110 manducandam
428 3058 600 3112 adsalutem
617 3058 705 3112 dedit.
724 3081 735 3104 ιι
754 3056 893 3111 aaronita
912 3055 966 3109 alia
983 3055 1012 3110 in

178 3144 315 3215 pluribus
336 3146 420 3200 libris
446 3148 510 3201 suis
533 3148 561 3200 in
582 3149 660 3201 huno
680 3147 808 3200 modum.
833 3144 905 3199 Cum
922 3145 1051 3251 igitur(q

178 3232 255 3287 beati
273 3235 429 3305 Augustini
441 3237 550 3303 scripta
567 3239 597 3290 ιιι
609 3236 832 3289 sacrosanctum
845 3248 973 3302 prorsus
984 3237 1013 3287 et
1038 3240 1051 3260 ‘

178 3319 378 3377 intemerabile
404 3323 453 3377 isti
472 3329 650 3378 venarentur
673 3328 700 3377 et
719 3326 846 3389 teneant,
870 3322 939 3391 quid
958 3337 1010 3376 eos

177 3409 255 3464 aliud
278 3409 339 3482 jam
364 3412 421 3466 nisi
440 3411 513 3466 torte
535 3413 633 3466 inolita
653 3413 703 3466 diu
732 3411 850 3465 caecitas
868 3409 1010 3465 remorari

175 3501 274 3570 petest
286 3500 356 3569 quin
372 3500 527 3554 nobiscum
544 3500 688 3554 credant?

213 3587 1010 3660 Sedettudoctoregregie,bentissimeAmbrosi,spi-

176 3675 1009 3748 ritualispaterbeatiAugusiniquemidemvirsanctis·

176 3763 272 3818 simus
287 3762 413 3817 inlibris
435 3765 509 3832 suis,
527 3768 661 3819 sanctum
686 3768 713 3820 et
737 3767 853 3820 beatum
870 3765 1010 3831 nominet,

177 3851 266 3922 eujus
283 3854 483 3907 auctoritatem
499 3855 586 3920 (teste
601 3855 777 3926 Augustino)
789 3857 949 3923 martyrum
964 3868 1012 3906 re-

175 3941 290 3995 velator
304 3941 414 3996 Paulus
430 3943 794 4011 apostoluscommendat:
811 3943 1011 4013 quembeatue

175 4028 340 4102 Gregorius
357 4032 403 4084 vir
412 4031 497 4100 plane
508 4032 690 4101 apostolicus
700 4048 761 4101 prae
774 4048 807 4085 se
817 4031 908 4101 gerim
923 4029 1011 4099 cujus

176 4118 340 4174 doctrinam
352 4120 937 4190 recipiendambeatissimusileuedictus
948 4122 1011 4172 tes-

165 4206 1011 4280 teS.Gregorio,sanctorumprophetarumspirituplenus

171 4293 333 4365 judicavit3
344 4297 389 4351 cui
405 4298 495 4351 totius
512 4297 655 4351 Ecclesiae
669 4297 899 4351 Mediolanensis
917 4296 1011 4367 gloria

176 4385 345 4455 specialiter
356 4389 528 4453 attestatur;
545 4402 631 4456 quem
648 4386 751 4439 merito
763 4386 830 4439 tldei
840 4390 918 4439 totus
929 4383 1012 4438 orbis

175 4479 352 4529 veneranter
367 4475 553 4544 amplectitur
566 4475 720 4541 (nonenim
734 4477 775 4528 tot
790 4476 818 4528 et
832 4474 904 4527 tanti
919 4475 1011 4527 testes

175 4563 241 4617 site
252 4563 344 4617 intlde
354 4563 495 4617 catholiea
506 4565 844 4631 errarescissent,tant0
860 4560 1009 4632 preconio

174 4654 202 4706 te
217 4651 459 4721 proedicassentt:
478 4653 548 4722 quid
560 4655 600 4718 tu,
618 4654 747 4722 inquam,
765 4652 801 4706 de
814 4649 1008 4706 sacramentis

175 4738 397 4793 altarissentias
407 4740 571 4809 explanato.
583 4741 690 4794 Dixisti
699 4756 746 4795 cer·
752 4743 778 4795 te
788 4741 816 4793 in
825 4738 900 4794 libro
910 4740 959 4792 tuo
967 4738 1008 4791 De

174 4827 1010 4898 sacramentistlib.rr,cap.l):«SicutveruslleiFiliusest

174 4917 675 4975 Dominusnosterlesustristns.
687 4933 745 4971 non
758 4917 835 4971 sicut
846 4916 944 4970 caeteri
956 4914 1009 4968 bo-

174 5005 270 5058 mines
286 5019 340 5074 per
362 5006 497 5077 gratiam,
514 5005 568 5060 sed
595 5006 678 5074 quasi
697 5006 775 5059 illius
791 5020 846 5074 per
865 5007 1010 5070 naturam,

175 5093 275 5162 idest,
293 5109 329 5147 ex
351 5095 516 5149 substantia
539 5094 646 5161 Patris,
664 5095 782 5148 itavem
800 5092 947 5163 ejusearo
964 5093 1010 5145 est

175 5197 263 5253 quam
274 5183 430 5251 sumimus,
447 5187 475 5236 et
491 5197 582 5236 verus
594 5181 619 5251 ej
625 5197 660 5236 us
670 5180 794 5251 sanguis
808 5185 852 5234 est
864 5196 950 5251 quem
963 5195 1012 5249 po·

174 5271 282 5323 tamus.
303 5293 313 5314 ι
330 5271 428 5326 Teneo
440 5287 513 5342 ergo
525 5273 552 5325 te
564 5271 688 5337 dixisse,
700 5270 768 5340 qnia
780 5285 848 5323 vera
861 5268 927 5339 ejus
941 5284 1011 5322 caro

175 5359 223 5411 εει
238 5372 325 5426 quam
340 5361 496 5422 sumimus
513 5363 542 5414 et
553 5375 642 5413 verus
653 5359 852 5429 ejussanguis
867 5361 912 5411 est
924 5373 1010 5427 quem

174 5448 323 5515 potamus
336 5446 392 5501 Sed
402 5452 548 5516 quatenus
572 5450 664 5503 verat
678 5448 818 5519 Figurate
829 5462 863 5500 an
876 5447 1014 5499 substan-

87 5577 93 5585 ,
175 5533 1013 5606 rivetDoceperpraepositamsimilitudinem,‹·ujusm0di

175 5621 378 5700 intelligamus
395 5623 471 5677 benc
486 5626 648 5682 veritatem.
665 5625 747 5682 Sicut
758 5639 848 5680 veras
859 5622 1012 5679 DeiFitius

654 265 899 331 GUlTMUNDI
921 266 1183 332 ARCHIEPISC.
1200 270 1416 333 AVERSANI

1819 275 1885 335 ttae

1074 468 1129 532 est,
1148 466 1290 521 Dominus
1306 471 1407 522 noster
1422 469 1512 523 lesus
1527 468 1685 523 Christus:
1699 469 1800 523 adbuc
1811 487 1901 540 parum

1074 557 1129 607 cst.
1147 555 1248 610 Potest
1261 556 1349 623 enim,
1360 557 1436 610 siout
1446 560 1546 611 caeteri
1558 558 1697 612 homines
1704 558 1785 628 justi
1801 559 1848 611 tilii
1859 560 1904 614 Dei

1075 646 1145 696 sunt
1156 658 1208 712 per
1223 644 1355 714 gratiam,
1369 648 1396 699 ει
1410 646 1648 715 ipseseeundum
1660 647 1740 717 qued
1758 646 1845 701 homo
1855 655 1902 717 est,

1075 731 1133 784 dici
1149 747 1237 785 verus
1252 733 1329 786 iilius
1346 734 1397 787 Dei
1412 740 1611 805 pergratiam,
1629 736 1699 788 lieet
1725 737 1903 791 inetl'abiliter

1075 820 1245 889 ampliorem
1256 824 1285 875 et
1295 823 1531 878 excellentiorem
1545 840 1634 894 quam
1648 826 1753 878 caeteri
1769 824 1906 880 homiues

1075 906 1156 961 Adde
1173 908 1251 978 quod
1267 909 1340 962 satis
1352 917 1406 965 est.
1425 911 1490 964 Non
1507 911 1583 965 sicut
1594 913 1698 965 caeteri
1713 912 1851 966 homines
1860 929 1905 983 per

1075 997 1210 1066 gratiam,
1228 998 1281 1052 sed
1305 999 1391 1068 quasi
1415 999 1494 1054 titius
1509 1015 1562 1069 per
1576 1005 1727 1068 naturam,
1754 1000 1784 1054 id
1805 1007 1857 1068 εει,
1875 1018 1905 1055 ex

1075 1085 1241 1140 substantia
1254 1087 1362 1140 Patris.
1376 1087 1415 1141 lta
1427 1103 1499 1160 ergo
1510 1090 1585 1143 dicis
1596 1105 1701 1142 veram
1715 1090 1788 1160 ejus
1799 1106 1905 1143 carnem

1075 1187 1162 1242 quam
1179 1176 1335 1241 sumimus,
1347 1180 1375 1229 et
1385 1192 1487 1231 verum
1498 1176 1564 1247 ejus
1576 1180 1762 1248 sanguinem
1774 1193 1856 1249 quem
1865 1195 1906 1247 po-

1073 1262 1180 1315 tamus.
1197 1262 1349 1326 Quomodo
1364 1268 1505 1320 veroita‘?
1518 1267 1550 1319 ld
1561 1272 1618 1334 est,
1632 1283 1693 1320 nen
1706 1268 1787 1319 sieut
1802 1273 1906 1320 catera

1074 1364 1133 1419 ree,
1151 1365 1217 1419 qum
1239 1357 1358 1422 propter
1377 1353 1503 1423 aliquam
1527 1356 1653 1425 gratiam
1670 1356 1904 1425 significationis,

1074 1453 1143 1492 caro
1159 1443 1187 1492 et
1201 1441 1357 1511 sanguinis
1376 1442 1484 1496 Christi
1502 1447 1630 1512 passunt
1645 1444 1708 1497 diei
1731 1444 1907 1513 (sicutrerbi

1074 1541 1175 1595 causa,
1198 1544 1252 1599 per
1279 1531 1403 1600 gratiam
1421 1531 1619 1602 figurationis
1640 1548 1714 1586 caro
1746 1539 1775 1585 et
1793 1548 1905 1603 sanguis

1075 1618 1144 1687 agni
1170 1616 1318 1684 paschalis
1345 1619 1374 1672 in
1392 1619 1521 1690 AEgppto
1542 1621 1687 1675 immolati
1714 1621 1825 1690 (Exeat.
1848 1623 1904 1686 xiii,

1075 1719 1143 1758 caro
1160 1709 1188 1759 et
1207 1708 1331 1778 sanguis
1354 1709 1462 1762 Christi
1475 1714 1602 1778 possunt
1618 1711 1780 1779 appellari.
1808 1709 1906 1763 Eodem

1074 1809 1192 1864 quoque
1207 1795 1294 1849 modo
1309 1800 1339 1849 ει
1354 1812 1457 1851 ιιιειιιιε
1473 1800 1500 1852 ει
1515 1804 1624 1852 cratera
1642 1798 1823 1868 quamplura
1838 1800 1911 1852 simi·

1074 1882 1162 1951 liter),
1180 1884 1233 1937 sed
1248 1886 1326 1938 sicut
1343 1901 1411 1939 carc
1427 1889 1455 1940 et
1479 1889 1605 1957 sanguis
1625 1903 1682 1956 per
1699 1891 1834 1941 naturam
1848 1904 1905 1941 ear-

1076 1972 1122 2025 nis
1141 1975 1169 2026 ct
1184 1974 1340 2044 sanguinis
1359 1974 1480 2028 Christi.
1506 1976 1599 2028 Αιιιει·
1623 1976 1706 2029 enim
1725 1977 1855 2045 coaptari
1868 1977 1904 2028 si-

1075 2061 1207 2115 militudo
1222 2077 1280 2116 non
1294 2066 1402 2132 potat,
1420 2064 1475 2116 nisi
1493 2064 1569 2134 quod
1586 2065 1628 2117 ibi
1643 2068 1740 2136 negat
1755 2065 1804 2118 hic
1822 2080 1904 2135 nege·

1075 2164 1152 2218 mus,
1168 2150 1246 2220 quod
1259 2150 1698 2207 ibiaitlrmathicattirmemus.
1719 2152 1905 2217 Quamobrem

1076 2238 1102 2290 si
1113 2238 1188 2292 hane
1201 2238 1421 2294 similitudinem
1433 2246 1490 2294 tam
1511 2255 1659 2310 expresse
1671 2244 1805 2311 positam
1818 2245 1905 2313 sequi·

1075 2342 1150 2393 mur,
1163 2327 1191 2380 id
1203 2328 1281 2398 quod
1298 2329 1333 2382 de
1349 2329 1434 2383 altari
1449 2331 1606 2397 sumimus,
1618 2329 1738 2384 Christi
1756 2346 1871 2385 earnem
1883 2334 1907 2384 et

1076 2416 1251 2485 sanguinem
1265 2416 1497 2473 substantialiter
1520 2419 1710 2472 confitemur.
1731 2420 1762 2472 Si
1779 2420 1856 2473 enim
1870 2420 1906 2471 sic

1075 2508 1158 2557 esset
1172 2504 1300 2558 dictum:
1317 2504 1398 2559 Sicut
1414 2522 1504 2560 verus
1523 2507 1574 2560 llei
1591 2506 1690 2560 Filius
1712 2511 1761 2561 est
1776 2507 1907 2561 Dominus

1075 2598 1177 2646 noster
1192 2592 1282 2647 lesus
1294 2593 1442 2662 Christus,
1453 2595 1490 2648 ita
1502 2610 1570 2648 vera
1587 2594 1656 2665 ejus
1674 2610 1749 2650 earo
1770 2599 1818 2649 εει
1831 2612 1907 2667 quam

1075 2681 1232 2748 sumimuS,
1249 2685 1278 2736 et
1288 2697 1379 2736 verus
1390 2683 1457 2753 ejus
1468 2683 1593 2754 sanguis
1605 2686 1653 2737 εει
1664 2699 1758 2754 quem
1769 2690 1907 2754 petamus,

1074 2772 1187 2837 poterat
1201 2769 1337 2841 equidem
1353 2771 1448 2824 adbuc
1469 2770 1511 2839 (ut
1525 2771 1634 2825 dictum
1651 2776 1714 2842 est)
1732 2774 1763 2827 in
1779 2772 1906 2844 ambiguo

1075 2872 1144 2912 esse
1154 2860 1307 2912 sententia.
1321 2858 1395 2912 Nam
1408 2860 1547 2914 Dominus
1558 2860 1772 2916 nosterleeus
1781 2860 1906 2916 Christus

1075 2947 1239 3000 secundom
1254 2948 1283 3000 id
1297 2948 1375 3017 quod
1392 2947 1478 3002 homo
1489 2953 1544 3016 est,
1565 2964 1660 3002 verus
1678 2940 1735 3009 Dei
1751 2950 1906 3018 Filiusest3

1075 3037 1128 3104 sed
1149 3052 1201 3106 per
1215 3037 1350 3108 gratiam,
1368 3041 1398 3090 ut
1412 3037 1550 3105 diximus»,
1563 3053 1622 3091 non
1631 3054 1673 3092 ex
1682 3038 1852 3094 substantia
1866 3039 1909 3092 Pa-

1074 3126 1138 3178 tris.
1151 3126 1192 3178 dc
1208 3142 1260 3193 per
1275 3125 1331 3178 boc
1347 3125 1403 3178 diei
1422 3129 1534 3194 posset,
1552 3126 1590 3178 ita
1606 3141 1683 3179 vera
1694 3126 1766 3197 ejus
1789 3142 1857 3181 earo
1870 3131 1908 3179 est

1075 3228 1163 3284 quam
1173 3215 1330 3283 sumimus,
1343 3214 1435 3282 idest,
1449 3215 1631 3284 pergratiam
1645 3215 1852 3287 figurationis,
1860 3231 1907 3268 noa

1074 3318 1128 3372 per
1143 3303 1338 3357 substantiam
1358 3304 1474 3370 carnis,
1491 3305 1569 3356 etde
1586 3305 1744 3374 sanguine
1772 3305 1907 3358 similiter.

1074 3391 1157 3456 Quod
1172 3393 1197 3444 si
1214 3390 1316 3445 doctor
1327 3392 1468 3463 egregius
1478 3392 1721 3460 sensisset,nihil
1732 3393 1906 3464 ampliusal-

1075 3481 1209 3535 didisset.
1227 3480 1301 3545 Quid
1317 3481 1394 3535 enirn
1410 3481 1614 3535 necessarium
1631 3482 1830 3551 erataddere,
1841 3480 1906 3551 quod

1075 3569 1144 3623 huie
1172 3570 1276 3624 sensui
1295 3574 1353 3623 tam
1373 3569 1596 3624 evidentissime
1611 3572 1806 3625 contrarium
1821 3571 1908 3624 esset?

1076 3658 1161 3713 Nune
1175 3674 1248 3713 vero
1267 3663 1324 3712 tarn
1340 3659 1567 3729 diligentissime
1583 3657 1686 3712 addita
1713 3659 1907 3714 determinatio

1076 3747 1227 3801 (ιιεειιιιειιι
1239 3747 1304 3801 Νοιι
1314 3746 1495 3801 sicutcaeteri
1507 3747 1644 3800 homines
1654 3750 1855 3818 pergratiam.
1866 3745 1911 3798 ιΕι

1076 3852 1111 3890 ne
1127 3853 1183 3907 qua
1200 3836 1274 3889 terte
1290 3836 1336 3889 hic
1356 3836 1470 3890 erretis
1487 3835 1632 3888 nubecula
1660 3843 1835 3891 remaneret
1849 3836 1907 3891 sub·

1073 3924 1238 3997 jungentis,
1248 3949 1259 3972 ιι
1271 3925 1325 3978 sed
1338 3926 1423 3995 quasi
1435 3925 1515 3978 lilius
1523 3939 1578 3994 per
1586 3927 1738 3979 naturam.
1749 3948 1762 3973 ιι
1777 3926 1905 3981 Etnebor

1076 4016 1162 4068 otiam
1178 4014 1339 4068 obscurum
1355 4015 1513 4080 videretur,
1530 4015 1714 4082 expressius
1730 4016 1905 4085 exponentis.

1075 4103 1105 4158 id
1119 4105 1174 4171 est,
1191 4119 1228 4157 ex
1239 4103 1404 4158 substantia
1428 4101 1538 4156 Patris:
1556 4099 1605 4156 bis
1618 4102 1772 4173 (inquam)
1783 4104 1906 4159 omnibus

1076 4197 1133 4247 tam
1163 4192 1401 4263 diligentissimis
1435 4190 1761 4262 determinationibus,
1792 4192 1905 4263 subjun-

1076 4282 1184 4354 gendo,
1200 4305 1210 4328 ιι
1223 4282 1261 4336 ιιι
1273 4296 1343 4335 vera
1355 4280 1421 4352 ejus
1433 4295 1501 4334 earo
1512 4283 1558 4332 est
1568 4294 1660 4350 quam
1670 4284 1908 4350 sumimusptra·

1076 4389 1130 4427 rus
1145 4372 1212 4443 ejus
1223 4371 1500 4442 sanguisestquem
1515 4373 1666 4438 potamuS,
1682 4387 1810 4426 »omnes
1820 4371 1905 4424 adver·

1075 4463 1221 4516 sariorum
1246 4460 1445 4515 calumniosas
1470 4460 1754 4530 argumentationes
1779 4459 1903 4518 excludit,

1042 4582 1046 4589 ·
1074 4555 1102 4606 et
1118 4566 1236 4605 carnem
1251 4549 1361 4604 Christi
1376 4554 1404 4603 et
1420 4549 1594 4620 sanguinem
1626 4549 1904 4607 substantii-cesse,

1074 4640 1152 4711 quod
1170 4639 1315 4694 sumimus
1329 4642 1357 4693 et
1371 4642 1516 4708 potamus,
1533 4637 1676 4692 ostendit.
1692 4637 1795 4702 Quare
1809 4639 1836 4692 si
1849 4652 1905 4690 cen·

1073 4731 1117 4784 tre
1134 4730 1261 4798 teipsum
1277 4743 1335 4781 non
1352 4727 1497 4796 disputas,
1518 4726 1623 4780 obeate
1640 4726 1846 4795 Ambrosi,ab
1860 4725 1904 4778 bae

1075 4817 1131 4871 ilde
1146 4832 1204 4871 non
1219 4815 1373 4870 dissentis.
1390 4815 1420 4869 Si
1432 4818 1526 4869 autem
1538 4829 1597 4869 non
1609 4813 1765 4870 dissentis
1777 4819 1806 4870 te
1820 4816 1904 4884 utique

1074 4922 1161 4977 quam
1178 4905 1390 4976 Berengerium
1406 4904 1501 4958 satius
1514 4905 1560 4957 est
1576 4902 1701 4958 imitari.

1111 4995 1217 5050 Vidisti
1227 4995 1312 5065 plane
1324 4992 1394 5064 quid
1405 4992 1611 5047 nobilissimus
1622 4993 1734 5048 doctor
1746 4995 1839 5050 hocin
1852 4994 1903 5046 loco

1074 5086 1110 5140 de
1126 5084 1321 5139 sacramentis
1336 5082 1557 5152 altarisabsque
1567 5081 1628 5136 ullo
1636 5084 1790 5139 velamine
1801 5085 1904 5139 sentiat.

1074 5174 1199 5229 Attende
1210 5173 1272 5244 jam
1287 5189 1375 5244 quam
1389 5172 1521 5226 breviter
1534 5171 1606 5242 quid
1626 5174 1720 5227 etiam
1732 5174 1764 5227 ιιι
1781 5175 1837 5228 alio
1851 5174 1903 5226 lore

1074 5264 1209 5334 ejusdem
1226 5262 1292 5315 libri
1307 5261 1385 5316 dicat
1400 5278 1423 5314 z«
1441 5259 1515 5325 Quid
1530 5263 1734 5330 argumentis,
1751 5260 1903 5334 inquitati-

1073 5350 1904 5424 mur?Suisutemurexemplis,inearnati0nisqueexem·

1072 5442 1121 5512 plo
1132 5445 1303 5495 astruamus
1315 5439 1447 5510 mysterii
1458 5440 1621 5494 veritatem.
1635 5440 1748 5512 Liquet
1757 5441 1835 5512 quod
1846 5454 1906 5509 pre·

1073 5534 1119 5586 ter
1132 5534 1244 5585 naturae
1273 5529 1407 5584 ordinem
1424 5528 1517 5599 Virgo
1532 5531 1693 5601 generavit
1721 5526 1901 5599 etliocquul

1074 5620 1249 5677 conficimus
1265 5634 1384 5690 cerpus,
1394 5633 1432 5673 ex
1446 5617 1568 5690 Virgine
1584 5621 1643 5673 est.
1656 5617 1734 5685 Quid
1743 5620 1852 5692 quaeris
1861 5631 1901 5672 aa·
