3900 6112
99 300 149 370 ,ΚΒ

442 297 499 361 DE
518 296 658 361 REBUS
680 295 827 359 orsus
848 295 892 358 IN
907 293 1064 358 MAJORI
1087 294 1272 357 MONAST.
1296 295 1398 360 SAEC.
1421 297 1475 362 Xl.

1758 294 1819 360 410

107 503 133 560 od
144 517 177 557 se
192 500 302 554 venire
315 501 412 570 rogat,
429 496 585 552 confitetur
595 494 745 550 humiliter
759 493 926 549 cordocon·
942 473 971 536 Ᾱ
986 508 1044 547 non
1059 493 1232 547 incredulus
1247 495 1353 564 existo,
1368 495 1473 550 osculo
1488 499 1591 550 sancto
1606 495 1688 565 pacis
1704 496 1732 550 et
1747 494 1815 550 ndei

105 593 160 648 trito
174 589 211 644 de
226 587 384 655 admissis,
401 586 636 641 benedictionem
647 583 784 639 monachi
798 582 928 653 postulat

107 679 227 746 ldelitor,
244 676 353 731 devote
367 673 503 744 suscipit.
522 674 592 729 lado
608 673 773 728 secundum
792 671 928 725 traditio-

107 783 160 825 nem
173 764 370 836 apostolicam
384 763 548 834 inungitur.
565 761 628 827 Quo
645 761 722 816 facto
738 760 867 814 vivificis
877 774 928 814 sa·

109 854 254 912 armentis
264 851 410 921 munitur3
419 853 481 931 turn
491 865 563 906 vcro
572 850 673 905 crucis
685 848 847 904 Dominicae
857 864 930 918 prae·

112 939 709 1011 cnutosihivcxillo,nihhjampucrinter
717 940 826 1008 practer
837 951 930 991 annos

112 1032 217 1101 inipso
246 1030 394 1101 apparuit.
419 1026 533 1093 Quanta
543 1027 697 1083 devotione
708 1028 803 1095 ipsam
812 1040 931 1079 crucem

116 1118 293 1190 mplectitur,
310 1133 399 1188 quam
414 1116 473 1187 piis
487 1132 553 1171 eam
567 1117 707 1187 lacrymis
725 1113 931 1186 rigat,quibus

117 1207 281 1280 singultibus
290 1205 520 1261 vidensDomini
529 1201 931 1275 pendentisimnginom,ejus

119 1296 231 1370 pusioni
245 1294 413 1351 conformis
427 1291 570 1348 eitlciturt
582 1292 681 1347 Hisde
696 1306 778 1346 more
789 1291 931 1360 peractis,

118 1386 138 1440 in
154 1384 261 1439 lectum
276 1383 406 1454 ponitur,
427 1381 543 1453 positus
558 1380 588 1434 in
602 1381 730 1436 ecclesia
744 1379 826 1434 Beati
841 1377 934 1432 Bene-

121 1472 215 1542 licti,ut
223 1476 273 1526 est
283 1469 710 1538 consuetudoilliusecclosiae,
718 1467 860 1536 delentur,
871 1465 932 1524 ubi,

121 1561 260 1633 requisitus
276 1558 509 1614 inservientibus
526 1557 552 1611 si
568 1557 681 1627 aliquid
696 1557 756 1611 sibi
770 1553 933 1609 ministrari

122 1665 157 1721 po
169 1663 312 1719 corporea
327 1647 505 1702 necessitate
517 1646 705 1716 deposceret,
721 1644 794 1699 nihil
804 1658 930 1714 prorsus

985 583 1102 650 peracta
1127 583 1192 636 solo
1216 582 1377 637 firmentur.
1406 583 1520 648 »Quod
1542 584 1590 638 illo
1615 584 1814 639 libentorum-

983 669 1090 738 plexus
1102 671 1159 724 sub
1169 671 1236 725 fidei
1244 674 1341 726 suroet
1350 672 1429 726 sacri
1440 673 1554 726 ordinis
1566 673 1652 743 signo
1660 672 1815 741 pollicetur

983 771 1017 812 se
1033 757 1088 826 eis,
1106 759 1225 829 quibus,
1236 763 1264 813 et
1278 776 1336 830 quo
1352 760 1517 814 decreverit
1531 765 1674 830 tempore,
1685 760 1814 815 debitum

984 845 1161 901 soluturum.
1185 848 1328 919 Assignat
1353 863 1425 921 ergo
1448 848 1573 903 debitori
1602 849 1758 919 presbyter
1783 852 1815 902 ut

982 934 1048 989 vice
1077 936 1124 989 sui
1147 935 1288 990 tratribus
1312 935 1435 1007 hlujoris
1461 936 1633 991 Monaeterii
1658 937 1728 990 illud
1755 953 1820 992 res·

987 1022 1080 1091 tituut,
1088 1024 1305 1094 terminumque
1315 1025 1456 1079 reddendi
1468 1026 1556 1080 unius
1565 1028 1632 1079 anni
1644 1026 1778 1098 indulget
1788 1025 1816 1079 ei

985 1111 1121 1180 spatium.
1131 1111 1185 1166 His
1200 1112 1256 1166 ista
1271 1115 1410 1187 peractis.
1427 1114 1662 1169 induitursacris
1678 1114 1815 1169 vestibus

984 1199 1147 1271 religionis,
1165 1203 1192 1255 ot
1207 1201 1321 1256 delatus
1337 1202 1373 1256 ud
1391 1204 1613 1271 monesterium,
1630 1202 1814 1258 monachalia

986 1293 1170 1343 sacramenta
1186 1305 1238 1359 pro
1257 1292 1315 1346 ritu
1339 1292 1493 1362 roligionis
1517 1291 1698 1362 suscipiens,
1715 1293 1817 1362 pravis

986 1379 1144 1431 transactae
1172 1378 1239 1433 vitm
1263 1380 1341 1434 bono
1365 1379 1422 1433 fine
1452 1381 1654 1435 condemnatis
1682 1380 1816 1448 actibus,

988 1465 1099 1535 quievit
1115 1465 1143 1519 in
1157 1482 1239 1535 paco.
1255 1467 1423 1522 lemannus
1433 1473 1557 1523 exactus
1573 1472 1646 1537 erat,
1657 1485 1724 1523 cum
1739 1467 1819 1522 debi-

988 1556 1034 1609 tor
1049 1554 1097 1608 ille
1112 1570 1166 1608 nec
1182 1555 1312 1610 debitum
1338 1557 1478 1624 exsolvit,
1496 1573 1550 1612 nec
1564 1557 1732 1627 patientiam
1748 1571 1817 1626 pre-

988 1646 1081 1696 catur.
1105 1643 1229 1698 Nomine
1252 1644 1366 1699 scilicet
1390 1647 1479 1712 testo,
1503 1648 1570 1715 post
1593 1651 1707 1699 mortuo
1732 1645 1818 1699 lucro

124 1738 219 1793 nodale
235 1737 352 1801 sonuit;
362 1735 416 1790 sed
429 1749 550 1805 pueros,
562 1735 611 1804 qui
628 1734 721 1788 stolus
734 1747 805 1788 suas
817 1732 848 1787 in
862 1747 929 1786 san·
947 1741 972 1802 Β
988 1730 1045 1784 sibi
1059 1733 1149 1785 totum
1166 1735 1247 1802 putot
1262 1734 1453 1788 remansisse.
1471 1735 1507 1787 ht
1523 1733 1818 1802 defunctuscuimo-

122 1828 188 1899 grino
195 1824 428 1899 dgnilaverunt,
437 1823 576 1878 Davidioa
585 1838 657 1877 voce
669 1823 705 1876 ad
716 1822 833 1876 laudem
845 1822 931 1876 Crea-

122 1915 173 1969 toris
184 1914 324 1969 invitabat
338 1912 459 1968 dicens:
473 1932 485 1962 r
503 1911 750 1981 Laudatqpuori,
760 1910 927 1978 Dominum,

122 2002 211 2058 laudate
221 2017 330 2058 noman
346 2001 471 2056 Domini.
491 1999 534 2056 Sit
550 2014 657 2054 nomeu
673 1999 791 2053 Domini
804 1998 928 2054 benedi-

124 2095 189 2161 rtnm,
204 2108 238 2146 ex
253 2090 311 2145 hoc
327 2093 448 2145 nuncet
462 2105 558 2159 usque
583 2088 613 2142 in
629 2088 782 2143 saeculum.
803 2109 813 2136 ι
835 2086 928 2157 Cujus

124 2180 205 2250 psalmi
223 2180 300 2235 duos
325 2194 436 2233 versus
462 2177 562 2232 itidem
588 2177 747 2247 itidemque
771 2180 927 2246 repetenS,

95 2262 99 2269 ’
125 2272 262 2323 enremum
276 2267 414 2338 spiritum
429 2266 593 2335 exspiravit
608 2283 616 2332 ;
640 2265 769 2334 illorum,
785 2268 817 2319 ut
832 2264 928 2318 oredi-

123 2370 182 2423 nas,
194 2359 374 2428 aggregatus
390 2354 541 2410 consortio
557 2369 633 2426 quos
650 2353 685 2407 ad
711 2353 763 2408 Dei
779 2352 883 2406 laudes
900 2353 930 2406 in

124 2445 241 2498 extremis
254 2443 408 2498 invitabat.

75 2554 77 2569 ¹
148 2529 171 2587 8.
182 2532 338 2604 Presbyter
352 2530 471 2602 quidam
486 2531 523 2585 de
538 2530 644 2584 Sancto
660 2531 757 2599 Spano
766 2570 773 2599 ,
792 2529 931 2585 llorvous

122 2621 227 2691 nomine,
241 2620 407 2690 postposite
421 2619 469 2674 sui
485 2618 930 2690 dignitateordinis,tamsaeou·

123 2707 214 2763 laribus
227 2708 358 2781 negotiis
377 2723 465 2778 quam
491 2706 690 2777 voluptatibus
716 2706 832 2761 deditus
857 2708 930 2759 erat.

121 2793 259 2852 Gessebnt
275 2797 303 2850 in
319 2797 496 2850 immensum
518 2796 643 2864 pecunia
668 2794 746 2866 ejus,
771 2793 877 2864 positis
902 2794 932 2847 in

121 2882 204 2939 tenore
217 2885 356 2953 nummis,
373 2899 440 2954 quse
456 2883 571 2938 scilicet
586 2898 644 2954 quo
668 2882 735 2952 plus
759 2882 931 2949 crescebat,

120 2973 185 3026 tanto
199 2973 293 3044 magis
308 2972 387 3026 hunc
412 2972 555 3041 capiebat,
574 2970 637 3024 Hoc
661 2970 758 3025 solum
780 2972 880 3024 tamen
904 2969 934 3023 in

987 1819 1073 1873 nachi
1087 1820 1217 1874 debitum
1233 1822 1426 1877 fraternitatis
1441 1839 1499 1877 non
1513 1823 1705 1877 exsolverunt
1718 1821 1818 1892 negli-

985 1911 1099 1980 genter,
1108 1910 1254 1964 sollicitus
1271 1910 1324 1964 init
1337 1926 1373 1965 ne
1386 1912 1487 1966 fraude
1497 1911 1641 1967 debitoris
1651 1911 1819 1965 amitterent

985 1997 1061 2067 quod
1071 1996 1115 2051 eis
1127 1997 1310 2053 reddendum
1320 2000 1519 2054 mandaverat.
1528 1999 1658 2064 Quadam
1671 1999 1762 2069 igitur
1773 1998 1819 2052 die

984 2085 1135 2154 capellano
1151 2085 1286 2141 ecolosiae
1302 2089 1349 2142 cui
1365 2088 1429 2157 ipse
1450 2088 1712 2157 proeiuerat,ouoti
1727 2087 1819 2142 Turo-

983 2187 1062 2243 nem,
1079 2174 1244 2229 monachali
1260 2175 1359 2230 habitu
1376 2176 1509 2230 eflicitur
1528 2177 1646 2230 obvius.
1663 2174 1755 2239 Quem
1770 2173 1831 2228 ille'

983 2260 1816 2336 claratuoodieiagnoscensreminiscensquemortuum,

984 2351 1079 2420 primo
1095 2350 1161 2420 ojus
1179 2358 1300 2421 aspecto
1317 2353 1429 2424 ingenti
1446 2357 1557 2407 terrore
1573 2351 1748 2405 concutitur.
1764 2349 1817 2404 Cui

985 2437 1159 2494 defunctus:
1178 2464 1189 2488 a
1208 2441 1298 2505 Nihil,
1316 2441 1419 2512 inquit,
1441 2442 1558 2510 timens,
1574 2440 1627 2494 sed
1643 2439 1742 2493 crucis
1758 2439 1818 2493 lto·

985 2527 1101 2583 minicae
1115 2528 1203 2601 signo
1215 2530 1340 2585 frontem
1352 2534 1494 2598 armatae,
1506 2545 1633 2584 securus
1644 2528 1742 2581 audito
1753 2542 1819 2597 qum

986 2615 1091 2670 dicum.
1109 2618 1175 2672 Non
1190 2620 1268 2672 enim
1284 2619 1449 2688 nociturus,
1463 2618 1515 2672 sed
1531 2618 1705 2687 profuturus
1723 2615 1776 2669 tibi
1791 2616 1820 2669 et

985 2704 1052 2758 allis
1068 2707 1238 2776 permissus
1254 2723 1320 2762 sum
1337 2722 1490 2778 apparere.
1510 2728 1520 2755 n
1540 2706 1575 2760 lit
1588 2705 1716 2760 addidit:
1740 2726 1751 2753 ι
1775 2703 1819 2758 Tu

986 2795 1075 2861 nosti,
1089 2795 1236 2866 inquiens,
1254 2812 1342 2866 quam
1357 2797 1470 2865 perdite
1487 2797 1577 2850 multo
1597 2797 1729 2864 tempore
1751 2793 1812 2846 vixi

988 2886 1016 2937 et
1032 2898 1100 2937 vere
1116 2887 1144 2938 et
1159 2885 1272 2954 absque
1289 2885 1418 2939 remedio
1435 2884 1568 2954 perditus
1584 2898 1694 2951 essem,
1710 2883 1736 2935 si
1760 2895 1818 2935 non

988 2972 1196 3042 perorationes
1205 2975 1375 3027 sanctorum
1384 2972 1506 3025 fratrum
1516 2971 1637 3041 biujoris
1647 2968 1818 3024 bionastcrii

121 3072 150 3113 co
161 3075 237 3130 spem
252 3060 359 3116 lutura)
382 3060 497 3128 salutis,
521 3060 578 3114 etsi
603 3060 752 3130 segniter,
776 3059 933 3128 nutriebat,
950 3058 1103 3126 cDomini
1119 3059 1262 3114 immensa
1278 3061 1481 3114 misericordia
1494 3060 1564 3113 mihi
1577 3058 1818 3113 subvenissetln

119 3148 328 3218 qnoniamviros
335 3148 506 3220 religiosos,
516 3152 545 3202 et
560 3149 709 3218 praecipue
732 3146 855 3218 Maioris
871 3146 935 3201 Mo-

120 3238 224 3292 meterii
251 3236 414 3292 monachos
438 3236 565 3291 maximo
590 3236 787 3290 venerabatur
813 3236 934 3290 honore.

119 3321 233 3398 lienique
240 3341 334 3380 sanus
342 3325 472 3380 etadbuc
487 3325 597 3379 florens
612 3325 641 3376 iu
657 3324 768 3378 noculo
783 3339 852 3378 sese
868 3339 936 3377 sua·

120 3413 412 3484 qnceisdonavit.Nec
419 3417 514 3467 tamen
521 3416 589 3467 tuno
597 3411 747 3480 muudum,
757 3412 803 3483 cuj
809 3428 844 3466 us
856 3417 935 3466 cato-

119 3500 645 3570 nisirretituserat‚deseruit.Tandem
659 3503 857 3554 mortisavara
874 3515 935 3553 ma-

119 3604 238 3661 nusque
245 3590 438 3662 aequopulsat
451 3590 525 3659 pede
538 3604 702 3659 pauperum
718 3590 935 3660 tabernasreg-

119 3677 935 3750 nmquetorrcs(Hou.Carm.r‚t,13),corporulismoles-

121 3765 305 3822 tietactueum
313 3766 447 3840 graviter
455 3764 620 3837 adegit.Qui
634 3767 738 3820 mortis
752 3766 935 3820 horamvici-

122 3855 655 3926 consentienspariterettromiscens,
668 3855 857 3923 supradictos
872 3854 934 3908 blu-

123 3938 357 4010 jorisbtonasterii
367 3943 520 3998 tratresed
534 3959 568 3998 se
584 3943 723 3998 festinato
737 3943 839 3998 venire
851 3959 935 3996 mon-

127 4026 176 4096 det;
188 4030 316 4104 iactaque
336 4033 463 4103 primum
486 4032 522 4086 de
542 4032 672 4101 peccatis
689 4031 810 4101 humili,
827 4031 933 4099 vivaci,

130 4119 299 4190 gemebunda,
306 4120 510 4190 plenaamaris
522 4120 673 4190 lacrymis,
686 4123 716 4174 ut
730 4121 851 4192 dignum
862 4124 933 4189 erat,

989 3147 1058 3219 igne
1073 3152 1170 3202 tamen
1194 3151 1365 3219 purgatorio
1389 3148 1505 3203 debitos
1527 3149 1645 3202 dolores
1669 3147 1816 3214 sustinui,

989 3237 1098 3307 quibus
1117 3238 1144 3289 si
1168 3237 1309 3307 quidquid
1335 3241 1545 3292 tormentorum
1567 3238 1597 3290 in
1620 3237 1678 3291 vita
1701 3235 1818 3291 mortali

988 3325 1108 3379 tolerari
1132 3329 1229 3395 potest
1253 3329 1443 3395 comparetur,
1469 3326 1666 3391 levissimum,
1683 3325 1741 3379 imo
1763 3340 1818 3379 nco

988 3418 1131 3469 tormenta
1147 3415 1370 3483 reputabuntur.
1388 3414 1472 3468 Nunc
1489 3419 1595 3481 nutem,
1612 3414 1641 3467 in
1662 3413 1818 3484 refrigerio

988 3502 1114 3572 positus,
1132 3502 1274 3574 majorem
1299 3503 1393 3557 atlhuc
1413 3502 1623 3556 beatitudinem
1647 3501 1733 3555 etium
1753 3504 1819 3556 ante

989 3592 1157 3645 universale
1169 3591 1488 3662 judiciumprrostolor,
1498 3590 1552 3645 sod
1569 3591 1694 3645 retardat
1711 3605 1756 3643 me
1767 3590 1819 3644 sal·

987 3679 1822 3750 lucisilliuscompresbyterinostridissimulatioTrans·

988 3785 1116 3840 grossus
1132 3771 1263 3825 ostenim
1274 3771 1429 3824 torminum
1444 3785 1532 3840 quom
1543 3768 1586 3822 illi
1598 3769 1817 3837 constitueram,

987 3860 1018 3911 ut
1034 3858 1162 3912 dominis
1177 3859 1251 3912 meis
1269 3857 1393 3929 blajoris
1410 3857 1583 3913 llonasterii
1599 3857 1740 3911 iratribus
1767 3856 1819 3911 de-

987 3946 1080 4002 bitum
1097 3963 1195 4001 mcum
1210 3947 1389 4000 exsolveret.
1407 3947 1450 4000 Tu
1466 3946 1585 4016 quidem
1600 3961 1638 4000 ox
1660 3950 1741 4015 parte
1756 3960 1820 3999 mee

987 4051 1066 4089 nunc
1077 4035 1134 4088 ibis
1149 4036 1184 4088 nd
1202 4051 1279 4103 eum,
1294 4039 1322 4090 et
1335 4050 1371 4088 ne
1388 4035 1515 4104 amplius
1531 4034 1699 4089 dissimulet
1710 4034 1818 4103 iacere,

988 4123 1066 4194 quod
1083 4123 1139 4177 sub
1155 4123 1223 4177 nuci
1240 4129 1268 4177 ct
1283 4124 1365 4192 pacis
1375 4123 1480 4177 osculo
1496 4123 1568 4176 mihi
1578 4122 1736 4192 spopondit
1751 4122 1820 4175 red-

133 4206 936 4278 cooiossione,consratribuspriusetpauperibuspartem
988 4211 1068 4277 dere,
1087 4212 1286 4265 annuntiabis
1302 4210 1384 4274 Quod
1402 4211 1521 4264 sidiam
1544 4226 1631 4280 quom
1658 4209 1699 4262 illi
1725 4225 1779 4277 per
1793 4212 1820 4263 to

135 4297 476 4365 tuesubstantiaedivisit3
496 4297 688 4367 reliquavero
704 4297 800 4351 omnia
816 4297 935 4352 mobilia
989 4301 1121 4372 assigno,
1140 4297 1719 4371 negligenterp1·aeter·ierit,sciatprocul
1731 4296 1820 4351 dubio

137 4376 323 4458 immobiliaque
340 4385 511 4456 saepedietis
528 4385 671 4440 fratribus
687 4400 816 4456 seseque
836 4386 934 4457 ipsum
949 4385 975 4445 D
990 4389 1056 4459 ejus
1067 4389 1193 4444 animam
1205 4389 1312 4443 summi
1326 4388 1441 4443 iudicis
1453 4387 1618 4442 subituram
1628 4385 1817 4440 vindictam.»

137 4466 559 4544 tndidit.lnsuperetdebitores
573 4473 935 4545 suosundequaqueveni·
992 4479 1045 4532 llis
1061 4478 1147 4532 dictis
1163 4476 1320 4532 defunctus
1344 4477 1500 4546 disparuit.
1524 4476 1700 4546 Capelianus
1724 4477 1820 4530 autem

139 4554 937 4634 retroit,quaequesibidebebantur,dcbendaioremona·
989 4569 1142 4638 promptus
1158 4582 1192 4620 oc
1208 4566 1354 4621 sollicitus
1364 4565 1820 4637 exsequiturjussionem,pres-

140 4638 197 4712 ⁰blssr
214 4653 241 4704 el
259 4652 418 4707 nominatis
439 4651 622 4720 temporibus
643 4651 791 4705 reddenda
812 4651 937 4705 sancivit
988 4655 1125 4726 hyterum
1144 4655 1291 4722 convenit,
1309 4671 1400 4726 super
1414 4655 1548 4724 deposito
1564 4654 1708 4708 visionem
1733 4668 1821 4705 onar-

141 4723 834 4812 llltrrcliquosautemvenitquidamcompateret
850 4740 937 4794 lami·
989 4748 1044 4811 rat,
1061 4747 1092 4798 ut
1107 4743 1210 4797 reddat
1221 4743 1353 4798 debitum
1368 4744 1549 4798 adhortatur.
1567 4743 1603 4796 ht
1618 4742 1667 4795 ille
1689 4756 1756 4795 eum
1778 4741 1820 4794 in·

140 4810 935 4898 litrisejus,cuinomineconscio,cnceptisipsisduobus‚
990 4833 1082 4886 sanine
1111 4832 1265 4901 phantasia
1290 4832 1457 4903 deceptum,
1484 4847 1517 4885 se
1541 4831 1569 4883 in
1590 4830 1670 4885 nullo
1693 4844 1821 4899 unquam

139 4917 164 4958 u
178 4910 257 4972 libras
280 4917 529 4972 commodaverat.
554 4914 609 4980 Qui
630 4915 743 4986 jacenti
768 4918 885 4972 locutus
908 4917 938 4972 in
989 4918 1129 4975 defuncto
1145 4920 1240 4975 luisse
1262 4920 1423 4975 obnoxium
1444 4920 1633 4989 protestatur.
1651 4916 1820 4983 Neomare,

140 4989 196 5057 dolo:
213 5028 223 5051 ι
240 5006 373 5076 Domine,
382 5005 486 5076 inquit,
495 5006 582 5058 timeo
598 5005 669 5058 mihi
682 5006 719 5060 ab
735 5005 837 5061 auditu
851 5009 938 5061 tantae
988 5008 1138 5063 transacto
1163 5009 1210 5063 die
1231 5024 1320 5080 quem
1351 5007 1510 5064 defunctus
1533 5022 1585 5078 per
1608 5006 1821 5060 internuntium

139 5091 938 5166 nennio,ctquamvispernostramjgrntiam,neminem
990 5097 1146 5163 statuerat,
1170 5095 1285 5150 debitor
1308 5096 1463 5149 immensis
1490 5094 1642 5149 doloribus
1668 5096 1820 5164 arreptus,

138 5168 205 5235 ¹’tren
223 5184 329 5239 sellem
354 5183 509 5238 conscium
535 5182 629 5237 nostri
653 5182 774 5252 secreti,
791 5184 868 5238 sicut
883 5199 939 5238 noc
983 5183 1170 5256 jamjamque
1186 5199 1255 5239 sese
1270 5185 1424 5255 exspirare
1438 5182 1583 5238 formidat.
1599 5181 1822 5253 Fateturitaque

136 5266 193 5321 ttter
207 5270 267 5327 luit.
285 5271 350 5344 Ego
371 5275 469 5327 autom
491 5273 548 5327 sub
572 5271 640 5326 [idei
665 5287 740 5326 meae
763 5274 792 5326 et
809 5271 938 5343 jurisju-
989 5273 1046 5329 etsi
1070 5288 1149 5343 sero,
1176 5276 1282 5328 cuncta
1305 5273 1359 5327 Dei
1383 5273 1534 5328 cernentis
1562 5272 1707 5328 neminem
1732 5287 1822 5342 posse

136 5355 193 5410 ludi
204 5364 387 5415 sacramento
400 5361 639 5432 polliceorvohis
656 5365 764 5415 etcum
779 5376 825 5415 me
842 5361 938 5416 reddi-
989 5360 1819 5433 eflugerejudicium.Quidpluratlttonaohossaepedictos

134 5436 308 5517 trimum
333 5466 422 5520 quem
446 5451 517 5504 mihi
540 5451 747 5522 assignaveris
773 5450 829 5505 die.
855 5471 866 5498 r
894 5449 939 5504 Ad
988 5465 1043 5521 per
1066 5452 1276 5506 internuntium
1298 5454 1416 5519 evocat,
1441 5450 1571 5505 debitum
1594 5449 1689 5520 primo
1713 5449 1818 5517 reddit,

132 5522 176 5587 bon
189 5553 283 5611 aeger:
302 5561 314 5586 ι
332 5538 399 5595 Non
413 5539 584 5609 est,inquit,
597 5555 673 5609 opus
689 5542 721 5593 ut
735 5538 936 5609 mihijuretis.
990 5540 1056 5595 inde
1074 5540 1207 5610 seipsum
1222 5544 1251 5594 et
1266 5540 1364 5594 omnia
1382 5556 1436 5593 sua
1461 5540 1490 5592 in
1516 5554 1621 5594 rnanus
1644 5553 1746 5595 eorunm
1761 5542 1822 5591 tru-

129 5610 255 5694 Expertus
270 5628 349 5685 enim
364 5627 452 5682 tidem
464 5630 682 5699 vestramque
697 5628 770 5683 mihi
784 5627 937 5698 spondetis
989 5628 1292 5695 dons,cre‹litorissui
1306 5629 1353 5698 pia
1364 5629 1392 5683 in
1409 5629 1467 5684 llne
1481 5629 1667 5684 subsecutus
1683 5625 1820 5695 vestigio.
