3900 6112
114 264 155 333 27
565 265 703 329 GESTA
722 265 989 330 PONTlFlCUM
1010 264 1379 332 CAMERACENSIUM
1788 270 1828 336 28

115 477 221 534 beatus
237 475 395 544 vedastus,
412 474 480 546 quia
495 477 563 545 post
578 475 620 528 tot
634 471 849 541 infestationes,
870 451 1072 542 qnasAquid
1087 469 1164 525 inter
1187 472 1278 543 Alpes
1298 476 1327 527 et
1359 473 1515 542 pirineum,
1547 474 1626 545 quod
1646 473 1780 528 Occeane
1809 477 1837 530 et

115 567 244 621 diximus
260 567 288 619 et
301 564 407 619 dicturi
423 578 538 632 sunaus,
555 562 713 631 plurimum
729 564 861 616 vastatas
877 577 945 631 rep·
1003 559 1107 614 Rheno
1136 561 1304 630 includitur,
1330 562 1460 629 Quodne,
1485 562 1661 629 Wandalus,
1687 561 1831 631 Sarmata,

114 655 200 724 perit,
218 655 275 708 sub
290 669 347 707 uno
364 651 507 724 regimine
524 651 664 704 cohibuit.
689 652 726 704 At
741 667 811 704 vcro
834 650 946 721 primos
1002 650 1097 716 Alani,
1114 648 1251 719 Gipedes,
1271 651 1422 719 Heraclidi,
1434 653 1578 719 Saxones,
1592 652 1833 722 Burgundiones

114 758 214 798 aarum
224 741 468 813 patresquaedam
479 740 833 794 vetustatisobscuritasa
844 743 947 793 nestra
1002 737 1166 806 Alamanni,
1179 739 1366 811 etolugenda
1382 738 1567 810 respublica!
1579 739 1682 794 hostes
1691 740 1836 795 Pannonii

115 831 239 889 seclusit
250 832 400 899 memoria,
410 830 538 883 immoea
549 828 946 899 quaepcccatiscxigentibus
1001 830 1203 881 vastaverunt.
1221 827 1336 881 Etenim
1351 830 1449 882 Assur
1463 828 1542 883 venit
1553 845 1620 882 curn
1631 829 1701 882 illis.
1714 829 1835 901 Magan-

114 919 274 975 Galliarum
290 919 444 974 aecclesius
456 934 639 989 paganorum
649 917 948 987 porsecutiosubver-
1001 915 1210 970 tiacusnobilis
1221 918 1368 987 quondam
1377 918 1481 971 civitas
1490 921 1665 988 cantantque
1674 919 1832 986 subversa,

112 1009 156 1075 tit;
174 1024 241 1080 quaa
256 1007 329 1062 adeo
346 1010 376 1061 in
392 1007 600 1062 cristianorum
615 1007 753 1076 populum
769 1003 946 1059 efferbuisse
1001 1008 1029 1058 et
1049 1005 1079 1059 in
1108 1005 1245 1060 eccclesia
1275 1008 1365 1061 multa
1393 1008 1543 1061 hominum
1572 1008 1652 1059 milia
1680 1008 1834 1062 trucidata.

114 1088 232 1169 le'gitur,
250 1099 281 1151 ut
296 1097 438 1162 cristiani,
456 1097 506 1166 qui
518 1111 551 1150 ea
567 1096 740 1165 tempestate
752 1094 878 1159 luerunt,
895 1110 948 1163 per
1002 1093 1188 1166 Wnngiones
1204 1096 1294 1167 longa
1308 1096 1463 1151 obsidione
1479 1095 1575 1161 deleti,
1594 1096 1752 1149 Remorum
1763 1098 1836 1151 urbs

115 1185 237 1240 latibula
252 1185 350 1239 divina
366 1185 702 1239 celebrarentmisteria.
720 1184 751 1235 Si
767 1183 947 1252 quiantema
1000 1186 1170 1252 prepotens,
1188 1184 1352 1253 ambianis,
1369 1186 1518 1239 atrabatus
1533 1182 1620 1256 [Nota
1636 1184 1715 1254 quod
1730 1184 1837 1238 Hiere-

113 1275 240 1346 paganis
255 1274 487 1344 reperiebantur,
498 1273 732 1327 autvcrberibus
744 1271 948 1325 alliciebantur
1000 1271 1180 1326 nimuscum
1202 1272 1269 1328 aliis
1299 1274 1425 1328 urbibus
1454 1272 1687 1327 destructionem
1715 1287 1835 1343 quoque

115 1367 164 1418 aut
180 1363 279 1435 gladio
294 1363 528 1432 trucidabantur3
546 1361 627 1416 multi
638 1363 666 1414 in
676 1361 787 1431 speleis
796 1365 844 1414 aut
855 1360 947 1414 sessis
1001 1359 1150 1414 Atrebatis
1166 1362 1286 1433 plangit.
1299 1363 1369 1417 Haec
1384 1368 1487 1417 auctor
1501 1364 1532 1415 in
1556 1360 1712 1433 marpinet,
1739 1362 1844 1415 extre-'

116 1452 320 1506 subterraneis
329 1450 385 1520 (60)
394 1450 774 1505 absconsisutlocabantur.
784 1449 948 1504 Sicobeun·
1001 1449 1099 1519 mique
1115 1450 1265 1505 hominum
1282 1452 1398 1521 Morini,
1415 1452 1579 1519 TornacuS,
1593 1451 1837 1505 Nemetestrans-

113 1539 194 1594 tibus
210 1540 427 1610 sacerdotibus,
451 1540 620 1594 intermissa
650 1553 803 1592 sacrorum
831 1538 945 1605 elficia3
1001 1535 1067 1591 latae
1082 1538 1111 1591 in
1126 1537 1321 1594 Germaniam.
1339 1541 1504 1610 Aquitaniae
1520 1554 1684 1610 novemque
1709 1539 1836 1610 populo-

114 1628 399 1701 quicquidadsacri
416 1629 513 1683 cultus
542 1629 759 1683 observantiam
784 1626 944 1697 spectabat,
1001 1642 1066 1680 rum
1082 1627 1293 1700 Lugdunensis
1308 1629 1549 1684 etNarbenensis
1561 1628 1722 1697 provinciae
1734 1630 1837 1698 preter

114 1719 285 1772 remissum.
303 1717 545 1772 Incumbentibus
560 1717 665 1785 ruinis,
682 1718 773 1772 aliise
788 1717 947 1787 precipita-
962 1689 1112 1787 Bpaucas
1128 1719 1219 1772 urbes
1237 1722 1341 1772 cuncta
1357 1719 1493 1788 populata
1510 1719 1587 1787 sunt,
1605 1733 1679 1788 quas
1700 1718 1728 1770 et
1752 1716 1836 1786 ipsas

113 1805 194 1876 bant,
225 1807 273 1859 alii
301 1807 403 1876 patriae
432 1806 575 1860 incendiis
606 1807 822 1876 exurebantur,
843 1807 946 1877 paucis
1002 1806 1076 1861 ieris
1092 1807 1220 1878 gladius,
1237 1808 1317 1861 intus
1332 1810 1428 1862 vastat
1444 1808 1548 1875 lamae,
1567 1831 1578 1853 n
1596 1810 1624 1861 ct
1639 1805 1760 1877 cetera]

114 1897 318 1966 tamenusque
334 1895 369 1949 ad
384 1895 517 1950 ultimum
534 1897 562 1950 in
578 1912 632 1950 suo
662 1911 783 1950 munere
807 1911 947 1965 perseve-
1036 1895 1062 1950 o.
1081 1896 1209 1951 Sanctus
1230 1896 1382 1961 Vedastrm,
1402 1897 1504 1951 divina
1529 1896 1681 1967 dirigente
1695 1895 1795 1966 pratia
1805 1895 1836 1948 in

113 1984 259 2052 rantibuS,
275 1989 362 2055 atque
378 1984 505 2038 invicem
521 1999 555 2039 se
571 1985 767 2051 hortantibus
791 2001 827 2039 ne
849 1987 878 2039 in
894 2001 948 2055 po·
1001 1985 1077 2040 lianc
1088 1986 1275 2057 provinciam
1291 1986 1464 2050 deveniens,
1484 1985 1785 2054 Ctedoveumrepcm,
1797 1982 1834 2037 ob

116 2073 543 2144 sterieribusponerentsaeroe
551 2075 949 2146 1·eligi0niselficium,quam
1001 2080 1139 2130 eventum
1154 2074 1227 2129 belli
1241 2075 1483 2146 minusprosperi
1492 2074 1529 2128 ad
1540 2073 1647 2127 cultum
1659 2072 1835 2127 christianae

115 2161 220 2216 salutis
228 2161 409 2231 praesidium.
419 2163 629 2230 ltectesecum,
638 2163 685 2234 agi
695 2162 951 2243 pietatiimpende·
1000 2161 1073 2219 ndei·
1082 2169 1221 2232 coactum,
1232 2164 1270 2218 ad
1278 2171 1410 2219 sanctum
1420 2162 1672 2235 ltenriqr'umducit
1680 2162 1836 2232 baptizan-

114 2251 948 2322 rent,quoddebereturnecessitati3pulcherrimum,siin
1001 2252 1079 2307 darn.
1096 2253 1197 2324 ltaque
1212 2252 1280 2307 dum
1297 2252 1361 2308 haec
1382 2254 1525 2307 tirannica
1550 2252 1651 2306 rabies
1674 2250 1703 2303 in
1725 2249 1837 2304 Christi

113 2339 950 2413 patriaesinusepcliriliceret.Quidenimjuvaretevnde·
1001 2341 1169 2396 aecclcsiam
1192 2342 1350 2411 deseviret,
1369 2343 1423 2396 fuit
1447 2342 1553 2395 civitas
1583 2341 1739 2394 Atrebates
1768 2354 1834 2392 sine

114 2428 835 2501 re,etsuperstitemvivere1·eligioni?l³reclarum
849 2431 948 2500 potius
1000 2431 1134 2500 principe
1145 2430 1450 2501 sucerdotiiusquead
1465 2433 1582 2500 tempus
1594 2430 1688 2483 sancti
1699 2427 1830 2482 Vadasti.

114 2518 255 2571 commori
264 2518 312 2587 pio
324 2519 448 2572 muneri.
461 2517 657 2589 Quodsiquis,
668 2518 794 2589 periculi
803 2522 891 2586 metu,
902 2520 948 2574 dc-
1001 2519 1152 2575 AEcclesia
1168 2520 1330 2588 destructa,
1345 2520 1468 2574 locusin
1480 2519 1670 2573 solitudinem
1684 2516 1831 2583 redactus,

113 2608 203 2674 serat,
217 2606 408 2677 sacrilegium
419 2609 473 2671 est,
491 2608 601 2677 siquis
623 2607 749 2678 impleat,
766 2608 946 2663 sacrificium
1001 2608 1130 2663 ferarum
1146 2608 1286 2663 habitatio
1297 2609 1393 2663 laetus
1404 2607 1488 2679 est,[<
1498 2607 1561 2660 Vita
1573 2606 1607 2660 S.
1625 2605 1769 2675 Vednsti.)
1779 2605 1832 2658 llic

113 2697 160 2748 est
169 2694 383 2764 pieepassienis
393 2696 527 2751 victoria·
540 2697 656 2752 lnlulati
665 2698 763 2767 itaque
773 2697 945 2751 sacerdotes
1001 2700 1123 2751 sanctus
1140 2697 1192 2751 Dei
1208 2697 1366 2752 confessor
1375 2699 1404 2751 et
1418 2696 1563 2768 egregius
1578 2695 1755 2765 predicator,
1763 2698 1835 2748 tem-

112 2781 189 2837 inter
203 2798 275 2838 suas
292 2784 405 2839 hostias
421 2784 658 2857 immolabantur,
671 2789 699 2840 et
714 2786 813 2841 amicti
842 2801 944 2840 saeer-
962 2785 1124 2887 Cperibus
1137 2786 1295 2840 tortissimi
1312 2786 1394 2857 regie
1410 2789 1479 2840 tunc
1494 2784 1635 2855 temperis
1650 2783 1834 2838 Francorum

113 2869 262 2927 dotalibus
271 2873 356 2928 stolis
368 2875 444 2928 inter
457 2890 584 2944 corpora
600 2875 767 2930 occisorum
778 2875 945 2946 humijace·
1000 2871 1151 2941 Glodovei,
1162 2875 1192 2928 in
1201 2874 1256 2928 hus
1266 2873 1365 2928 divina
1372 2874 1517 2946 dirigente
1529 2872 1665 2945 gratianb
1675 2871 1835 2926 multorum

111 2958 192 3016 bant.
202 2960 261 3016 Sed
276 2978 331 3017 nec
347 2964 445 3017 solum
459 2964 489 3018 in
505 2964 601 3018 sacris
616 2964 760 3019 ministris
775 2968 855 3019 tants
870 2967 945 3019 stra·
1001 2962 1126 3017 salutern
1141 2963 1276 3033 pervenit
1291 2963 1454 3035 regiones]
1469 2962 1563 3034 Cujus
1578 2962 1621 3017 rei
1644 2960 1776 3016 ordinem
1808 2964 1836 3014 et

112 3065 168 3122 ges
179 3050 354 3118 desevierat,
371 3052 425 3106 sed
440 3054 469 3108 et
483 3052 630 3124 reliquum
647 3054 756 3125 vulgus
779 3054 945 3108 miserrima
1000 3067 1131 3120 causam,
1149 3054 1288 3122 quantum
1304 3052 1436 3106 brevitas
1451 3053 1569 3122 patitur,
1586 3049 1654 3104 etilo
1669 3064 1834 3119 prosequa-

112 3138 185 3195 cede
199 3139 359 3196 cruciabat.
370 3141 607 3212 Humeneitaque
618 3142 729 3211 pariter
743 3144 830 3213 atque
846 3142 945 3196 divine
999 3156 1075 3196 mur.
1092 3142 1184 3195 Perre
1208 3144 1389 3195 memoratus
1411 3141 1553 3212 princeps
1574 3138 1710 3193 fanaticis
1734 3138 1832 3192 adhuc

111 3228 345 3284 maculabantur.
375 3229 480 3285 Nonne
505 3233 534 3284 et
562 3231 598 3285 de
624 3231 672 3286 his
698 3231 812 3286 dixerat
833 3231 941 3286 David:
998 3231 1153 3285 tenebatur
1167 3229 1321 3284 erroribus
1332 3229 1495 3297 involutus,
1519 3227 1584 3300 [sed
1610 3230 1673 3283 erat
1701 3227 1727 3281 ei
1756 3242 1832 3281 uxor

116 3315 266 3373 Venerunt
280 3324 387 3389 pentes
403 3321 435 3373 in
450 3319 650 3374 hereditatem
668 3327 759 3388 tuam,
775 3319 945 3391 polluerent
998 3319 1139 3391 religiosa
1158 3319 1356 3389 baptismique
1378 3318 1574 3372 sacramentis
1600 3317 1719 3384 initiata,
1736 3315 1832 3369 Chre-

113 3405 249 3477 templum
265 3413 398 3461 sanctum
415 3412 502 3472 tunm,
518 3408 944 3479 pesueruntmertaliaserve·
996 3407 1098 3462 thildis
1128 3408 1245 3461 nemine
1270 3414 1280 3476 t
1289 3407 1319 3460 V.
1342 3405 1448 3478 Ved.),]
1475 3406 1533 3459 tilia
1561 3405 1721 3474 Cltilperici
1749 3405 1832 3476 regis

111 3509 176 3548 rum
192 3499 306 3548 tuorum
321 3510 407 3549 escas
425 3495 595 3551 volatilibus
609 3496 945 3560 croli;etli1deruntsan-
996 3494 1617 3567 quemGundebaldusrenfraterejusortis
1629 3493 1829 3547 simultatibus

109 3582 229 3654 quinam
246 3597 346 3640 eorum
361 3583 439 3639 velut
450 3601 551 3657 aquarn
562 3587 593 3640 in
605 3586 732 3641 circuitu
742 3587 943 3654 Hierusalem,
996 3586 1194 3642 interfecerat.
1208 3586 1280 3640 llaec
1289 3585 1539 3640 christianissima
1549 3584 1761 3655 reginaregcm
1784 3597 1831 3636 ce·

111 3677 142 3725 et
156 3687 213 3726 nen
229 3678 294 3726 erat
310 3673 359 3744 qui
372 3673 517 3744 sepeliret
528 3673 615 3742 (Psal
627 3693 750 3743 nxxvrn,
762 3675 833 3744 1-3).
852 3676 944 3730 Simul
997 3675 1066 3729 tidie
1081 3674 1295 3744 blandiebatur,
1313 3674 1444 3729 suadens
1460 3674 1497 3727 ab
1513 3673 1657 3727 idolatriae
1673 3672 1832 3726 culturaad

109 3759 642 3834 enimtuncetgentesveneruntin
663 3765 857 3820 hereditatem
880 3765 942 3834 Dei,
996 3763 1086 3819 unius
1115 3763 1178 3818 veri
1203 3763 1256 3817 Dei
1272 3764 1381 3818 cultum
1397 3762 1540 3833 converti,
1559 3764 1591 3817 ut
1609 3777 1662 3831 per
1678 3760 1832 3815 mulierem

110 3865 177 3921 quae
194 3850 346 3906 auferrent
361 3851 468 3914 omniu,
494 3853 523 3907 et
545 3853 652 3923 templa
672 3853 725 3909 llei
748 3855 859 3924 polluta
876 3860 945 3910 sunt
998 3852 1115 3908 dealem
1125 3853 1294 3907 salvaretur
1308 3853 1355 3906 vir
1369 3852 1497 3907 infidelis
1513 3852 1541 3918 (l
1562 3851 1631 3906 Cer.
1644 3867 1694 3919 vn,
1707 3848 1761 3918 tl).
1774 3849 1833 3903 Sed

111 3939 249 3994 manibus
264 3939 420 4010 impiorum
435 3944 464 3996 et
475 3940 620 4012 insepulta
632 3943 792 4014 jacuerunt
802 3944 945 3998 cadavera
997 3957 1052 3998 rex
1065 3942 1178 4013 reginae
1194 3941 1352 3996 eonsilium
1363 3940 1611 4009 minusaudiebet,
1621 3939 1690 4009 quia
1710 3939 1833 3993 deorum

113 4027 348 4099 interfectorum,
365 4029 400 4084 ud
417 4045 518 4084 escam
533 4030 632 4086 avium
648 4036 675 4086 et
690 4033 942 4087 bestiarumvoru-
1000 4045 1123 4086 suorum
1138 4030 1246 4085 auxilio
1262 4029 1328 4084 fleri
1342 4030 1498 4085 estimabat
1514 4029 1544 4083 in
1564 4024 1739 4096 omnibust,
1762 4041 1829 4097 quae

111 4116 237 4172 citatem.
251 4117 372 4174 Effusas
389 4121 524 4191 sanguis,
542 4122 573 4174 ut
584 4123 737 4194 stagnaret
752 4122 780 4176 in
790 4123 941 4192 templum,
954 4121 982 4184 D
999 4118 1059 4174 sibi
1073 4134 1217 4190 prospere
1233 4118 1382 4174 accidisse
1397 4118 1583 4173 videbantur.
1596 4116 1691 4171 Anxia
1703 4115 1738 4170 de
1748 4116 1832 4187 regis

109 4203 230 4261 deesset
243 4207 293 4278 qui
310 4209 460 4278 sepeliret3
477 4210 544 4281 quia
561 4227 577 4264 a
592 4211 762 4266 viventibus
770 4212 799 4263 in
811 4215 942 4266 mertuos
998 4208 1097 4278 potius
1113 4208 1208 4263 salute
1223 4223 1312 4279 quam
1328 4209 1363 4262 de
1380 4208 1476 4279 llegni
1490 4207 1619 4277 potentia
1635 4206 1749 4277 regina,
1781 4206 1831 4259 ubi

108 4310 126 4349 a
140 4295 264 4351 mortuis
289 4297 318 4350 in
338 4312 391 4352 eos
402 4299 452 4369 qui
464 4298 560 4353 adhuc
573 4300 715 4368 viverent,
726 4299 810 4356 furor
820 4302 944 4356 transse·
999 4297 1105 4353 salutis
1115 4298 1273 4351 consilium
1290 4311 1393 4366 regem
1404 4296 1621 4366 contempsisse
1632 4292 1830 4360 videt,dariab

107 4383 941 4460 rebatur.SolvcbasGallinantiquoeferitatismcrcedem.
998 4385 1125 4441 Excelso
1141 4385 1271 4455 postulat
1291 4385 1496 4455 oportunitatis
1525 4388 1675 4452 eventurn,
1702 4397 1760 4453 que
1785 4382 1831 4436 vel

107 4471 141 4527 si
154 4473 223 4544 quis
237 4488 386 4528 caeserum
402 4478 533 4546 stragem
543 4485 713 4547 recenseat,
728 4479 899 4535 Babilonios
915 4482 945 4534 in
997 4477 1103 4531 sierex
1114 4473 1287 4543 compulsus
1297 4473 1403 4528 salutis
1413 4488 1477 4528 sues
1488 4470 1825 4528 sumeretoccasionem.

109 4560 298 4616 Hierusalem
309 4563 473 4617 revertisse
482 4563 651 4620 arbitretur.
661 4567 670 4639 t
680 4566 783 4637 (Fene.
794 4567 820 4634 t,
832 4568 871 4638 e.)
884 4569 943 4623 lln-
995 4564 1053 4638 [(V.
1077 4562 1276 4631 Ved.)llellum
1287 4563 1385 4634 itaque
1400 4577 1454 4617 rex
1469 4561 1641 4616 Alemannis
1652 4560 1764 4628 indicit,
1777 4559 1832 4613 sed

103 4647 158 4720 jus
172 4650 392 4720 persecutionis
412 4652 544 4705 meminit
559 4652 665 4708 beatus
695 4655 885 4711 llicronimus
914 4658 944 4712 in
996 4655 1167 4724 imparatos,
1184 4652 1327 4721 utvoluit,
1344 4650 1549 4706 nonoffendit.
1566 4648 1829 4704 Namhiicollecta

108 4738 235 4808 epistola
249 4740 489 4812 demonogamie,
498 4740 718 4798 dumbarberiae
726 4747 943 4814 persecutionis
996 4757 1083 4796 manu
1094 4741 1201 4809 valida,
1212 4740 1292 4795 eirca
1308 4741 1387 4810 ripas
1397 4740 1493 4795 llheni
1508 4739 1638 4793 huminis
1649 4739 1714 4809 regi
1725 4753 1829 4792 eccur·

108 4825 942 4906 planctumtaceretadAggerundiamnobilemviduam,
995 4831 1271 4901 rere,patriamque
1288 4845 1374 4883 suam
1397 4829 1503 4884 bellica
1531 4829 1639 4882 virtute
1667 4826 1828 4881 defendere

108 4914 270 4971 exhortans
286 4933 351 4972 eum
365 4918 401 4973 de
412 4921 633 4989 perseverantia
648 4921 811 4992 viduitatis,
828 4926 866 4978 ita
883 4941 942 4979 me·
993 4917 1157 4990 temptant]
1173 4919 1321 4973 Invocatis
1337 4918 1531 4972 adauxilium
1552 4917 1635 4989 regis
1663 4916 1721 4970 diis
1750 4916 1827 4981 suis,

109 5005 251 5060 morando
266 5005 343 5060 inter
358 5010 473 5063 cetera:
493 5008 753 5066 «Innumerabiles
769 5014 798 5066 et
818 5013 943 5068 ferocis·
993 5007 1099 5063 Franci
1115 5008 1145 5062 in
1158 5008 1223 5077 ipso
1248 5007 1476 5079 congressionis
1505 5008 1646 5076 apparatu
1671 5009 1825 5074 coeperunt

108 5093 194 5150 simae
209 5094 344 5150 nationes
360 5097 519 5153 universas
535 5096 645 5155 Gallias
656 5105 847 5172 occuparunt.
860 5102 944 5169 Quia
992 5104 1089 5156 mente
1104 5096 1243 5167 delicere,
1259 5098 1288 5150 et
1309 5095 1522 5167 languentibus
1549 5094 1676 5162 dextris,
1705 5098 1821 5149 terrore

759 5270 905 5334 VARIAE
927 5268 1173 5336 LECTIONES.

142 5445 210 5502 ⁸Ita
225 5446 251 5501 l.
263 5445 290 5500 2.
306 5445 334 5502 e.
351 5445 464 5502 herulei
484 5445 510 5501 5.
527 5446 671 5503 tonitrus
682 5448 707 5504 t.

900 5522 1039 5585 NOTAE.

143 5597 201 5671 (60)
218 5598 304 5653 Tales
320 5599 499 5654 nuncetiam
535 5615 567 5653 er
579 5600 759 5658 territorium
773 5601 987 5660 Cameracense
1002 5604 1032 5658 in
1047 5602 1156 5658 Villers
1170 5599 1305 5671 Plouich,
1324 5600 1353 5656 in
1378 5599 1657 5670 lnchy-Beaumont,
1683 5598 1714 5652 in
1731 5597 1826 5651 Bean-

107 5675 183 5730 mets
196 5669 327 5727 existere
342 5671 428 5727 docet
440 5671 482 5726 Le
533 5685 579 5742 ap.
863 5689 867 5699 ·
