3908 6112
133 279 217 363 1249
907 277 1062 343 lacera.
1761 283 1841 350 reae

109 478 249 535 morabili
279 493 346 534 oum
372 476 516 531 hilaritate
536 477 659 546 accepit,
677 480 802 531 cunctos
818 478 947 531 actutum
959 463 986 519 Α
1000 475 1145 547 Equidem
1157 476 1306 532 Heraldus
1314 477 1344 531 in
1356 476 1578 533 Eboracensem
1589 495 1699 553 pagum
1707 496 1840 539 recesse-

113 565 208 623 affore
229 567 416 638 promittens,
434 565 504 632 Dee,
521 564 609 636 cujus
624 580 676 619 cos
687 566 786 619 tutelae
811 565 946 633 credidit,
1003 568 1057 631 rat,
1078 580 1145 619 cum
1162 564 1251 620 tratre
1267 574 1322 621 suo
1334 566 1457 621 Tostille
1474 570 1502 620 et
1519 567 1647 624 Heraldo
1662 569 1840 647 Noricorum

113 656 290 711 adducente.
299 655 365 710 Noa
374 654 527 725 indignum
538 653 660 708 duceret
668 654 844 707 Mantuanus
854 657 950 724 pocta·
1002 668 1091 725 reges
1107 654 1310 708 dimicaturus.
1321 654 1383 709 Nec
1396 655 1503 709 mirere
1514 656 1592 725 qued
1602 672 1761 727 germanus
1772 674 1835 728 per·

115 760 182 800 rum
192 745 333 815 princeps
348 742 485 799 laudibus
501 742 606 797 AEneae
622 741 755 813 Troiam,
772 743 821 812 qui
842 742 959 812 priscae>
1003 744 1101 796 motus
1113 741 1243 813 injuriis,
1256 743 1354 797 invasi
1362 743 1620 814 honorisccmulus
1631 760 1711 800 arma
1720 749 1840 803 externa

113 834 218 888 Romae
226 837 258 887 ut
266 848 374 902 parens
385 832 483 904 gloria
491 831 752 901 fuit,sccuritatem
762 836 849 901 atque
860 831 951 885 intcn·
1003 830 1125 884 adduxit
1152 830 1183 884 in
1209 831 1381 901 Heraldum,
1398 848 1485 902 quem
1501 847 1641 903 germana
1665 850 1782 906 quoque
1797 835 1838 889 illi

112 920 599 993 tionemhujusmensaeinserera.
611 918 877 990 Inquisitusdenuo
888 933 953 987 spe·
1004 917 1139 973 moribus
1155 918 1343 973 absimillima
1356 935 1423 974 cum
1443 921 1535 975 armis
1550 936 1608 975 non
1623 921 1744 989 valeret,
1761 922 1838 977 votis

113 1010 240 1081 calator,
251 1023 344 1064 naves
352 1010 478 1081 quatuor
489 1009 638 1078 advenire,
650 1009 736 1063 tertie
747 1010 843 1062 tantas
854 1007 951 1061 excla-
1005 1006 1197 1078 impugnabat
1205 1011 1233 1063 et
1245 1009 1500 1077 consilio,luxuria
1515 1010 1838 1079 toedum,truculentum
1858 1054 1865 1063 .

114 1100 174 1153 mat
188 1100 221 1152 nt
235 1097 373 1152 arborum
385 1097 575 1152 veliferarum
591 1096 742 1152 uberrima
754 1096 887 1151 densitas
899 1109 952 1149 ne·
1005 1094 1194 1164 homicidam,
1211 1097 1301 1151 divite
1324 1097 1428 1166 rapina
1443 1098 1614 1169 superbum,
1631 1099 1840 1154 adversarium

114 1186 208 1242 moris
236 1188 358 1256 praestet
380 1185 613 1241 similitudinem.
639 1186 702 1251 Quo
731 1186 853 1257 proinde
880 1200 952 1255 spes
1007 1184 1841 1260 aequictboni.l'oluitautemvirilisprudentiaelemina,

114 1274 202 1329 ducis
214 1274 323 1346 gaudie
339 1274 377 1328 sit
392 1277 607 1345 mutata,quam
620 1292 656 1330 ex
667 1276 768 1329 intimo
785 1272 954 1328 cordedivi-
1007 1272 1181 1344 intelligens
1191 1272 1316 1327 honesta
1330 1273 1478 1344 quaelibet,
1495 1290 1529 1329 ac
1540 1275 1599 1329 vita
1610 1275 1842 1344 colens,Willel·

114 1376 184 1417 nam
209 1361 424 1433 glorificaverit
448 1362 585 1432 pietatem
610 1363 827 1435 conjiciendum
856 1362 953 1418 cuivis
1007 1361 1203 1432 mumanglis
1219 1361 1375 1430 dominari,
1394 1378 1481 1433 quem
1494 1362 1633 1427 Edwardi
1648 1365 1730 1436 regis
1745 1365 1841 1422 mariti

115 1449 325 1522 relinquimus.
352 1450 578 1505 penevesellum
593 1467 737 1522 prospero
754 1452 823 1505 llatu
846 1466 952 1522 prove·
1008 1450 1056 1505 sui
1070 1449 1186 1519 adeptio
1202 1449 1253 1503 lilii
1265 1449 1329 1504 loco
1342 1451 1398 1506 sibi
1415 1452 1576 1508 succedere
1592 1453 1705 1522 statuit,
1721 1453 1842 1523 sapien-

115 1538 598 1611 ctns,liberenavibusegreditur,
607 1556 707 1612 pugna
718 1539 797 1595 nulla
806 1541 952 1595 obstante.
1007 1540 1077 1608 tem,
1087 1537 1214 1610 justum,
1227 1537 1344 1593 fertem.

1535 1684 1821 1700 m·-

296 1748 453 1805 BELLUM
466 1749 583 1804 INTER
596 1747 840 1803 WlLLELMUM
856 1745 986 1802 DUCEM
998 1745 1047 1800 ET
1064 1745 1279 1801 HERALDUM
1296 1745 1427 1801 REGEM
1438 1746 1664 1803 ANGLORUM.

876 1923 1093 1939 Μ

153 2062 451 2133 Gaudentesarrepte
467 2062 563 2118 littore
578 2063 774 2118 Nerthmanni
786 2064 880 2134 prima
896 2081 957 2119 rau·
971 2045 996 2099 Β
1011 2063 1064 2119 sed
1089 2062 1279 2135 conlligerem
1309 2064 1526 2136 quamprimum
1542 2081 1608 2131 cum
1631 2066 1771 2139 Heraldo,
1787 2084 1843 2126 nec

116 2152 231 2206 uitione
241 2151 744 2223 l‘enevesellum,nlteraHastingas
760 2167 955 2222 occupavere,
1010 2152 1175 2208 diffiderem
1200 2151 1371 2207 tortitudine
1387 2168 1520 2208 meorum
1532 2170 1599 2209 cum
1610 2156 1674 2210 suis
1686 2172 1754 2212 eum
1769 2173 1842 2213 cen·

117 2240 460 2311 quaesibireceptaculo,
470 2241 596 2295 navibus
606 2240 829 2312 propugnaculo
845 2241 953 2296 forent.
1007 2241 1107 2296 tritum
1123 2240 1168 2309 iri,
1182 2240 1331 2295 voluntate
1346 2240 1444 2310 divina
1460 2258 1518 2296 non
1530 2244 1702 2310 resistente;
1727 2246 1844 2302 tametsi

70 2372 72 2377 .
117 2327 314 2397 Marius,aut
334 2344 460 2401 magnus
482 2328 650 2398 Pompeius,
668 2332 792 2401 uterque
817 2329 956 2394 eximius,
1008 2328 1190 2384 decemsola
1219 2328 1308 2382 millia
1334 2329 1467 2383 virorum
1497 2330 1648 2400 haberem,
1672 2332 1777 2403 quales
1806 2334 1843 2390 ad

117 2415 278 2471 calliditate
293 2420 380 2487 atque
396 2417 541 2472 industria
559 2418 683 2471 meritus
698 2417 889 2487 triumphurn,
907 2419 957 2472 hic
1009 2416 1166 2489 sexaginta
1181 2416 1271 2470 millia
1280 2416 1400 2471 adduxi.
1419 2440 1430 2467 a

118 2503 247 2559 adducto
271 2505 395 2560 Romam
419 2505 448 2559 in
471 2505 600 2559 vinculis
616 2505 774 2576 iugurtha,
791 2506 839 2560 ille
855 2511 957 2562 coacto
1043 2504 1175 2568 Quadam
1188 2519 1260 2560 vcro
1275 2504 1333 2572 die,
1350 2504 1419 2558 dum
1429 2505 1594 2562 custodiam
1605 2509 1844 2567 naviumviseret

116 2591 286 2647 Mithridate
301 2592 339 2647 ad
348 2606 505 2659 venenum,
520 2594 564 2647 sic
576 2594 605 2646 in
616 2594 746 2648 hostium
757 2593 957 2649 linesdclatus
1008 2593 1078 2662 dux,
1108 2592 1268 2646 indicatum
1283 2593 1331 2646 cst
1344 2592 1419 2647 terte
1443 2594 1581 2662 spatianti
1609 2612 1700 2668 prope
1723 2598 1840 2655 navalia

118 2679 295 2735 lormidarct
309 2682 536 2754 agensmilitcm
551 2683 736 2751 universum,
753 2696 787 2736 se
799 2682 957 2753 inpericu-
980 2697 985 2708 ’
1008 2681 1184 2736 monachum
1203 2680 1325 2735 Heraldi
1340 2680 1470 2751 legatum
1484 2682 1602 2739 adesse.
1619 2685 1687 2755 lpse
1707 2685 1844 2759 protinus

117 2767 182 2824 lum
194 2768 322 2825 seorsim
334 2769 496 2841 abagmine
512 2786 579 2825 cum
591 2771 707 2842 legione
719 2771 852 2842 segniter
863 2772 956 2827 daret.
1008 2770 1090 2825 illum
1106 2770 1243 2824 convenit
1257 2769 1415 2840 ingeniosa
1431 2770 1486 2825 hac
1500 2771 1666 2829 elocutione
1684 2790 1691 2829 ι
1709 2796 1720 2825 ι
1739 2774 1845 2830 Praxi·

118 2855 189 2912 Fuit
197 2855 327 2926 illorum,
344 2860 373 2912 ct
394 2861 441 2912 est
455 2858 563 2913 ducum
578 2857 804 2914 consuetudinis
815 2859 956 2931 dirigere,
1008 2873 1085 2926 mue,
1096 2857 1170 2926 inllt,
1188 2872 1245 2928 ego
1261 2872 1327 2911 sum
1337 2857 1482 2912 Willelmi
1495 2860 1612 2915 comitis
1627 2860 1846 2917 Northmanno·

118 2958 181 3000 non
196 2943 240 2999 ire
251 2945 465 3016 exploratores
476 2948 574 3018 magis
590 2947 626 3000 nd
642 2947 732 3000 vitam
746 2947 815 3015 sibi,
829 2963 916 3018 quam
927 2951 959 3002 ut
1008 2961 1073 2999 rum
1088 2960 1123 2998 ac
1134 2943 1258 3015 dapifer.
1267 2944 1515 3016 Cumallcquendi
1529 2948 1587 3003 nisi
1600 2962 1653 3018 par
1668 2964 1715 3004 me
1730 2951 1845 3020 copiam

119 3033 255 3087 exercitu
271 3033 485 3104 providentiam
499 3050 583 3089 suam
597 3038 820 3090 conservarent.
839 3036 958 3090 Willel-
1009 3034 1118 3089 habere
1129 3049 1187 3088 nen
1198 3034 1320 3105 poteris;
1333 3034 1412 3103 quod
1428 3033 1517 3090 all'ers
1529 3036 1601 3090 milri
1618 3051 1715 3092 narra.
1731 3037 1845 3094 Libens

120 3135 271 3176 musvere
283 3136 348 3176 cum
362 3122 467 3193 viginti
483 3125 613 3195 quinque
627 3138 687 3177 non
700 3124 957 3193 ampliusmilitum
1009 3122 1230 3195 illecognoscet
1240 3121 1318 3176 idem
1333 3137 1387 3192 per
1401 3137 1458 3193 me,
1475 3124 1544 3196 quia
1559 3124 1706 3181 neminem
1722 3141 1846 3182 suerum

121 3208 263 3266 comitatu
271 3211 495 3281 promptusipse
504 3211 958 3282 locaetincolasexpleravit.ln·
1009 3210 1176 3265 chariorem
1190 3210 1278 3264 habet
1293 3225 1348 3265 me.
1366 3211 1438 3266 Post
1454 3216 1615 3283 opportune
1627 3213 1668 3267 uti
1682 3213 1767 3268 voles
1777 3229 1843 3271 mea

120 3297 322 3354 darevertens
337 3297 375 3353 ob
391 3299 578 3368 asperitatem
596 3299 721 3354 tramitis
738 3300 840 3371 pedes,
852 3315 884 3355 re
901 3290 959 3356 uon
972 3285 995 3341 C
1010 3313 1109 3369 opera,
1121 3314 1221 3353 coram
1236 3298 1365 3354 locutum
1372 3299 1485 3355 venies.
1501 3300 1677 3372 allegatione
1691 3306 1841 3373 percepta,

119 3385 238 3457 absque
263 3386 326 3441 risu
351 3390 447 3458 gesta,
473 3387 838 3458 quanquamlecterlerte
854 3389 958 3461 rideat,
1009 3385 1846 3462 patefacientemenache,sinecunctatione,duxlegatum

119 3474 212 3529 serim
225 3473 305 3528 laudi
321 3476 471 3529 materiam
487 3475 577 3546 ded1t,
591 3479 713 3548 gestans
727 3477 757 3530 in
777 3477 901 3534 humero
916 3493 962 3533 so·
1010 3473 1139 3545 hospitio
1156 3476 1246 3547 recipi
1262 3477 1291 3530 et
1310 3475 1444 3531 officiosa
1460 3477 1639 3533 humanitate
1650 3481 1748 3533 curari
1763 3494 1843 3549 prte-

122 3563 231 3617 ciatam
244 3579 307 3617 suae
322 3562 444 3618 loricam
452 3563 598 3632 satellitis,
612 3565 681 3618 dum
692 3565 961 3621 nominatissimum
1010 3562 1096 3632 cepit.
1105 3562 1407 3634 lpseinterimsecum
1418 3567 1447 3618 et
1461 3579 1528 3618 cum
1543 3564 1608 3619 suis
1622 3565 1692 3636 quid
1700 3565 1846 3621 mandatis

121 3651 297 3721 vicorporis
309 3656 339 3707 ut
350 3652 439 3706 animi
450 3651 579 3707 Osherni
593 3653 686 3708 filium
704 3654 888 3709 Willelmum
903 3654 961 3709 t'er·
1010 3650 1205 3721 responderet
1218 3651 1410 3707 deliberabat.

122 3754 175 3796 reo
185 3740 268 3795 fasce
279 3740 395 3796 levavit.
1047 3738 1078 3791 ln
1095 3741 1225 3795 crastino
1242 3740 1435 3796 discumbens
1447 3741 1477 3795 iu
1492 3741 1589 3796 medio
1599 3741 1758 3810 primatum
1774 3756 1847 3799 suo-

160 3829 253 3885 Dives
268 3829 387 3900 quidam
409 3829 510 3884 fimum
524 3829 641 3885 illorum
652 3829 826 3902 inquilinus,
844 3831 962 3886 natione
1011 3843 1087 3904 rum,
1104 3828 1250 3882 cucullato
1271 3828 1413 3882 advocate
1429 3827 1501 3882 dixit
1518 3845 1524 3882 :
1545 3850 1556 3879 ι
1574 3827 1715 3901 Egosum
1731 3829 1848 3885 Willal-

125 3915 524 3984 Northmnunus‚llobe1·tus
536 3917 614 3972 atius
626 3917 961 3972 Guimaraenobilismu-
1011 3931 1078 3970 mus
1093 3915 1146 3969 Dei
1162 3915 1762 3990 gratiaNorthmannerumpriaceps,Quae
1770 3917 1843 3975 mihi

123 4003 222 4072 lieris,
234 4003 398 4077 Hastingas
415 4004 483 4059 duel
493 4005 611 4059 domino
624 4021 679 4060 suo
689 4010 776 4077 atque
786 4006 963 4077 consangui·
1012 4004 1152 4058 hesterno
1164 4004 1210 4058 die
1223 4002 1361 4072 retulisti,
1374 4003 1403 4056 in
1418 4003 1524 4057 horum
1533 4020 1611 4059 nuuc
1625 4006 1785 4074 praesentia
1799 4021 1847 4063 rc·

124 4108 183 4147 nco
194 4093 327 4146 nuntium
339 4093 507 4162 destinavit,
519 4093 566 4147 his
577 4093 693 4148 verbis:
706 4116 717 4140 «ι
729 4093 885 4148 l’raeliatus
895 4109 963 4148 cum
1012 4091 1084 4146 iera·
1099 4091 1229 4164 [regatus
1245 4092 1285 4145 ita
1310 4090 1444 4145 elocutus
1461 4095 1508 4146 est
1524 4107 1556 4146 z«
1574 4091 1646 4147 llaec
1662 4093 1715 4148 tibi
1730 4093 1849 4149 mandat

126 4180 218 4237 fratrc
230 4182 349 4251 proprie
360 4197 412 4236 rex
425 4181 573 4236 llcraldus
588 4185 690 4236 etcum
704 4197 777 4254 rege
786 4181 964 4237 Noricorum
1013 4196 1066 4235 rex
1080 4178 1436 4251 Heralduszlerramejus
1448 4180 1607 4250 ingressus
1617 4181 1847 4252 es;quallducia,

125 4284 187 4341 que
202 4268 356 4324 fortiorem
372 4270 429 4324 sub
440 4271 516 4324 coele
532 4270 644 4324 nullum
669 4272 769 4325 vivere
786 4270 883 4340 opinio
897 4269 962 4339 luit,
1014 4267 1369 4341 quatemeritatcnescit.
1400 4267 1531 4322 Meminit
1558 4267 1675 4338 quidem
1699 4268 1849 4339 quodrex

126 4372 229 4429 pugna
245 4372 301 4412 una
310 4357 415 4412 ambos
426 4358 544 4428 oceidit,
552 4359 689 4430 ingentes
701 4374 803 4413 eorum
814 4361 963 4414 exercitus
1016 4355 1183 4411 Edwardus
1198 4359 1226 4409 te
1242 4355 1361 4426 huglici
1377 4355 1461 4426 regui
1491 4354 1641 4410 haeredem
1656 4353 1720 4410 lore
1734 4354 1849 4426 pridem

127 4444 248 4501 delevit.
265 4446 419 4501 Animatus
431 4462 466 4501 eo
482 4463 639 4516 successu,
656 4446 782 4501 tostinus
793 4447 868 4502 redit
884 4448 913 4502 in
925 4450 962 4515 te,
1015 4445 1183 4500 decreverit
1211 4447 1239 4499 et
1260 4444 1339 4515 qued
1367 4444 1432 4515 ipse
1460 4444 1490 4498 in
1507 4443 1719 4499 Nerthmannia
1734 4445 1770 4500 da
1794 4445 1849 4501 hac

127 4534 413 4588 numerosissimum
434 4535 575 4605 populum
604 4535 718 4589 ducens
742 4551 775 4589 nc
790 4536 964 4590 robustisis·
1016 4533 1211 4589 successione
1231 4533 1418 4588 securitatem
1434 4532 1486 4586 tihi
1501 4531 1673 4588 firmaverit.
1690 4533 1780 4590 Novit
1794 4550 1849 4589 au·

126 4620 464 4695 mum,advcrsusquem
474 4622 963 4694 nenampliustuosquamtotidem
1016 4625 1075 4677 tem
1086 4621 1156 4694 jure
1172 4637 1259 4676 suum
1283 4636 1353 4675 esse
1368 4636 1504 4693 regnum,
1520 4620 1599 4676 idem
1614 4620 1751 4695 ejusdem
1766 4622 1851 4694 regis

127 4708 347 4780 despectabiles
355 4727 444 4766 canes
452 4710 823 4766 aestimovalercl'rudens
835 4712 964 4766 vireom·
976 4683 1003 4743 D
1017 4709 1127 4766 domini
1143 4710 1191 4765 sui
1215 4710 1291 4765 done
1305 4709 1334 4762 in
1359 4709 1501 4765 extremis
1528 4709 1608 4765 illius
1637 4710 1696 4765 sibi
1723 4725 1851 4766 conces·

124 4798 252 4870 putaris,
263 4799 341 4853 domi
356 4799 794 4871 militiaequecunctahactcnus
804 4800 966 4871 prudenter
1017 4815 1095 4854 sum.
1107 4797 1221 4853 Etenim
1235 4799 1270 4852 ab
1286 4813 1321 4853 eo
1337 4802 1540 4869 temporaque
1552 4798 1851 4870 beatustlugustinus

129 4887 231 4958 egisti.
249 4886 335 4941 Nunc
358 4886 411 4942 tibi
427 4887 559 4957 consule,
581 4888 714 4958 provide,
731 4888 844 4958 labora,
860 4905 897 4942 ne
912 4903 966 4958 per
1017 4889 1046 4942 in
1058 4887 1134 4941 hanc
1149 4888 1230 4941 venit
1253 4887 1416 4958 regionem,
1438 4902 1622 4941 communem
1636 4888 1735 4958 gentis
1759 4885 1851 4958 hujus

129 4975 327 5029 temeritatem
347 4976 377 5029 in
393 4974 553 5030 discrimen
570 4976 646 5030 unde
663 4991 720 5030 non
736 4977 845 5031 evadas
862 4979 965 5031 temet·
1018 4975 1113 5030 luisse
1127 4975 1369 5030 consuetudinem
1397 4975 1584 5030 donationem
1606 4991 1693 5047 quam
1706 4976 1736 5029 in
1750 4975 1852 5033 ultimo

129 5063 196 5135 ipse
221 5064 400 5135 praecipites.
430 5063 546 5119 Suadeo
568 5063 644 5119 intra
673 5065 853 5120 munitiones
869 5079 965 5135 mane,
1019 5063 1138 5118 linesuo
1155 5063 1223 5134 quis
1237 5063 1419 5133 lecerit,eam
1435 5066 1529 5118 ratam
1541 5062 1655 5118 haberi.
1669 5062 1853 5136 Quapropter

130 5166 221 5206 mana
235 5150 273 5205 ad
288 5166 425 5222 praesens
438 5152 598 5225 confligere
614 5152 684 5208 noli.
703 5175 714 5202 ι
1019 5152 1056 5207 de
1066 5150 1231 5222 terrajuste
1241 5167 1296 5206 sua
1305 5167 1371 5205 cum
1379 5151 1438 5205 tuis
1455 5155 1483 5206 te
1494 5150 1752 5222 regrediposlulat.
1768 5151 1853 5209 Alie-

167 5239 232 5294 Duc
248 5242 349 5295 contra
368 5241 471 5296 nuntie
488 5256 494 5295 :
513 5262 524 5287 a
542 5241 599 5294 Pro
616 5241 762 5310 mandato,
789 5241 892 5313 inquit,
909 5256 967 5312 quo
1020 5240 1091 5312 quin
1100 5240 1258 5295 amicitiam
1273 5243 1302 5294 ct
1316 5243 1421 5294 cuncta
1432 5242 1518 5309 pacta
1533 5254 1587 5310 per
1601 5239 1735 5311 ipsumin
1745 5240 1852 5297 North·

132 5328 207 5383 mihi
222 5328 360 5383 dominus
377 5333 446 5384 tuus
475 5328 538 5383 vult
566 5344 636 5383 esse
652 5333 779 5399 cautum,
801 5344 969 5402 quanquam
1019 5329 1136 5383 mannia
1148 5328 1201 5383 tibi
1218 5327 1330 5383 firmata
1345 5327 1451 5396 solvet,
1471 5342 1565 5398 panes
1580 5330 1608 5383 te
1623 5330 1742 5385 omnino
1766 5328 1854 5385 relin·

131 5416 856 5490 sinecontumeliasuaderedecuerit‚gratiasipsi
868 5418 969 5473 ethaec
1020 5433 1169 5490 quensea.
1189 5441 1200 5466 u

131 5504 224 5562 refer.
250 5504 318 5562 Non
333 5520 380 5562 me
395 5508 506 5563 tutarer
519 5505 589 5563 valli
605 5509 657 5563 aut
678 5507 819 5564 maenium
834 5505 967 5583 latebris,
1057 5506 1173 5563 Auditis
1184 5506 1305 5563 Hereldi
1319 5504 1540 5580 mandatis‚dux
1561 5507 1740 5568 monachum
1753 5505 1853 5583 inqui·
