<?xml version="1.0" encoding="UTF-8"?>
<!DOCTYPE html PUBLIC "-//W3C//DTD XHTML 1.0 Transitional//EN"
    "http://www.w3.org/TR/xhtml1/DTD/xhtml1-transitional.dtd">
<html xmlns="http://www.w3.org/1999/xhtml" xml:lang="en" lang="en">
 <head>
  <title>
</title>
<meta http-equiv="Content-Type" content="text/html;charset=utf-8" />
  <meta name='ocr-system' content='tesseract 3.04.00' />
  <meta name='ocr-capabilities' content='ocr_page ocr_carea ocr_par ocr_line ocrx_word'/>
</head>
<body>
  <div class='ocr_page' id='page_1' title='image "./patrologiaecurs66unkngoog_0233.png"; bbox 0 0 3908 6112; ppageno 0'>
   <div class='ocr_carea' id='block_1_1' title="bbox 172 291 1893 365">
    <p class='ocr_par' dir='ltr' id='par_1_1' title="bbox 172 291 1893 365">
     <span class='ocr_line' id='line_1_1' title="bbox 172 291 1893 365; baseline 0.009 -15"><span class='ocrx_word' id='word_1_1' title='bbox 172 299 232 364; x_wconf 73' lang='lat'>455</span> <span class='ocrx_word' id='word_1_2' title='bbox 679 293 713 355; x_wconf 86' lang='lat' dir='ltr'>S.</span> <span class='ocrx_word' id='word_1_3' title='bbox 736 292 925 364; x_wconf 71' lang='lat' dir='ltr'>sussilit</span> <span class='ocrx_word' id='word_1_4' title='bbox 948 291 1153 356; x_wconf 73' lang='lat' dir='ltr'>Lucensis</span> <span class='ocrx_word' id='word_1_5' title='bbox 1175 292 1380 359; x_wconf 74' lang='lat' dir='ltr'>srtscorl.</span> <span class='ocrx_word' id='word_1_6' title='bbox 1831 298 1893 365; x_wconf 72' lang='lat'>456</span> 
     </span>
    </p>
   </div>
   <div class='ocr_carea' id='block_1_2' title="bbox 167 473 1905 3849">
    <p class='ocr_par' dir='ltr' id='par_1_2' title="bbox 167 473 1905 3849">
     <span class='ocr_line' id='line_1_2' title="bbox 172 473 1892 567; baseline 0.001 -15"><span class='ocrx_word' id='word_1_7' title='bbox 172 511 284 564; x_wconf 87' lang='lat' dir='ltr'>eorum,</span> <span class='ocrx_word' id='word_1_8' title='bbox 294 494 330 549; x_wconf 88' lang='lat' dir='ltr'>ad</span> <span class='ocrx_word' id='word_1_9' title='bbox 345 508 421 565; x_wconf 89' lang='lat' dir='ltr'>quos</span> <span class='ocrx_word' id='word_1_10' title='bbox 437 494 550 549; x_wconf 87' lang='lat' dir='ltr'>missus</span> <span class='ocrx_word' id='word_1_11' title='bbox 565 495 620 562; x_wconf 88' lang='lat' dir='ltr'>est,</span> <span class='ocrx_word' id='word_1_12' title='bbox 633 495 661 548; x_wconf 91' lang='lat' dir='ltr'>et</span> <span class='ocrx_word' id='word_1_13' title='bbox 676 508 779 548; x_wconf 89' lang='lat' dir='ltr'>vocem</span> <span class='ocrx_word' id='word_1_14' title='bbox 795 492 861 564; x_wconf 84' lang='lat' dir='ltr'>ejus</span> <span class='ocrx_word' id='word_1_15' title='bbox 877 508 935 548; x_wconf 91' lang='lat' dir='ltr'>non</span> <span class='ocrx_word' id='word_1_16' title='bbox 950 509 1000 548; x_wconf 88' lang='lat' dir='ltr'>au·</span> <span class='ocrx_word' id='word_1_17' title='bbox 1015 473 1044 535; x_wconf 74' lang='grc' dir='ltr'>Ᾱ</span> <span class='ocrx_word' id='word_1_18' title='bbox 1060 495 1089 548; x_wconf 87' lang='lat' dir='ltr'>et</span> <span class='ocrx_word' id='word_1_19' title='bbox 1112 495 1223 548; x_wconf 79' lang='lat' dir='ltr'>sanctes</span> <span class='ocrx_word' id='word_1_20' title='bbox 1246 493 1331 548; x_wconf 87' lang='lat' dir='ltr'>matri</span> <span class='ocrx_word' id='word_1_21' title='bbox 1354 509 1428 554; x_wconf 75' lang='lat' dir='ltr'>mem</span> <span class='ocrx_word' id='word_1_22' title='bbox 1453 493 1605 564; x_wconf 76' lang='lat' dir='ltr'>Ecclesiae,</span> <span class='ocrx_word' id='word_1_23' title='bbox 1625 495 1713 566; x_wconf 84' lang='lat' dir='ltr'>cujus</span> <span class='ocrx_word' id='word_1_24' title='bbox 1741 491 1892 567; x_wconf 77' lang='lat' dir='ltr'>praecepto</span> 
     </span>
     <span class='ocr_line' id='line_1_3' title="bbox 172 581 1892 656; baseline 0.001 -16"><span class='ocrx_word' id='word_1_25' title='bbox 172 586 307 654; x_wconf 88' lang='lat' dir='ltr'>dierunt,</span> <span class='ocrx_word' id='word_1_26' title='bbox 331 584 431 639; x_wconf 85' lang='lat' dir='ltr'>dicero</span> <span class='ocrx_word' id='word_1_27' title='bbox 450 599 508 638; x_wconf 88' lang='lat' dir='ltr'>uon</span> <span class='ocrx_word' id='word_1_28' title='bbox 528 583 702 653; x_wconf 77' lang='lat' dir='ltr'>praesumis,</span> <span class='ocrx_word' id='word_1_29' title='bbox 723 597 778 637; x_wconf 90' lang='lat' dir='ltr'>nec</span> <span class='ocrx_word' id='word_1_30' title='bbox 797 582 887 638; x_wconf 88' lang='lat' dir='ltr'>Paulo</span> <span class='ocrx_word' id='word_1_31' title='bbox 910 583 1003 637; x_wconf 90' lang='lat' dir='ltr'>andes</span> <span class='ocrx_word' id='word_1_32' title='bbox 1060 581 1132 636; x_wconf 90' lang='lat' dir='ltr'>mihi</span> <span class='ocrx_word' id='word_1_33' title='bbox 1146 583 1307 636; x_wconf 88' lang='lat' dir='ltr'>commissa</span> <span class='ocrx_word' id='word_1_34' title='bbox 1323 587 1387 652; x_wconf 89' lang='lat' dir='ltr'>est;</span> <span class='ocrx_word' id='word_1_35' title='bbox 1403 586 1431 638; x_wconf 89' lang='lat' dir='ltr'>et</span> <span class='ocrx_word' id='word_1_36' title='bbox 1445 600 1533 653; x_wconf 87' lang='lat' dir='ltr'>spero</span> <span class='ocrx_word' id='word_1_37' title='bbox 1549 586 1627 656; x_wconf 94' lang='lat' dir='ltr'>quod</span> <span class='ocrx_word' id='word_1_38' title='bbox 1643 586 1732 640; x_wconf 84' lang='lat' dir='ltr'>multa</span> <span class='ocrx_word' id='word_1_39' title='bbox 1747 586 1820 641; x_wconf 91' lang='lat' dir='ltr'>mihi</span> <span class='ocrx_word' id='word_1_40' title='bbox 1836 603 1892 643; x_wconf 88' lang='lat' dir='ltr'>re·</span> 
     </span>
     <span class='ocr_line' id='line_1_4' title="bbox 172 671 1891 744; baseline 0.002 -17"><span class='ocrx_word' id='word_1_41' title='bbox 172 673 327 728; x_wconf 85' lang='lat' dir='ltr'>ascribere</span> <span class='ocrx_word' id='word_1_42' title='bbox 343 672 495 726; x_wconf 77' lang='lat' dir='ltr'><strong>stultitiam</strong></span> <span class='ocrx_word' id='word_1_43' title='bbox 511 672 642 743; x_wconf 91' lang='lat' dir='ltr'>gentium</span> <span class='ocrx_word' id='word_1_44' title='bbox 656 675 686 727; x_wconf 90' lang='lat' dir='ltr'>et</span> <span class='ocrx_word' id='word_1_45' title='bbox 700 671 871 725; x_wconf 88' lang='lat' dir='ltr'>scandalum</span> <span class='ocrx_word' id='word_1_46' title='bbox 886 671 1004 726; x_wconf 65' lang='lat' dir='ltr'>ludaeo-</span> <span class='ocrx_word' id='word_1_47' title='bbox 1059 671 1178 724; x_wconf 91' lang='lat' dir='ltr'>tributio</span> <span class='ocrx_word' id='word_1_48' title='bbox 1193 685 1246 740; x_wconf 90' lang='lat' dir='ltr'>per</span> <span class='ocrx_word' id='word_1_49' title='bbox 1260 672 1384 741; x_wconf 79' lang='lat' dir='ltr'><strong>gratiam</strong></span> <span class='ocrx_word' id='word_1_50' title='bbox 1395 672 1447 726; x_wconf 90' lang='lat' dir='ltr'>Dei</span> <span class='ocrx_word' id='word_1_51' title='bbox 1459 672 1490 727; x_wconf 91' lang='lat' dir='ltr'>in</span> <span class='ocrx_word' id='word_1_52' title='bbox 1500 673 1567 744; x_wconf 75' lang='lat' dir='ltr'>eJ‘us</span> <span class='ocrx_word' id='word_1_53' title='bbox 1578 673 1712 729; x_wconf 88' lang='lat' dir='ltr'>custodia</span> <span class='ocrx_word' id='word_1_54' title='bbox 1722 679 1891 744; x_wconf 70' lang='lat' dir='ltr'>excrescat,</span> 
     </span>
     <span class='ocr_line' id='line_1_5' title="bbox 173 759 1893 833; baseline 0.001 -15"><span class='ocrx_word' id='word_1_55' title='bbox 173 778 237 818; x_wconf 90' lang='lat' dir='ltr'>rum</span> <span class='ocrx_word' id='word_1_56' title='bbox 248 761 276 831; x_wconf 93' lang='lat' dir='ltr'>(I</span> <span class='ocrx_word' id='word_1_57' title='bbox 283 761 350 816; x_wconf 87' lang='lat' dir='ltr'>Gor.</span> <span class='ocrx_word' id='word_1_58' title='bbox 363 761 394 830; x_wconf 86' lang='lat'>1),</span> <span class='ocrx_word' id='word_1_59' title='bbox 405 776 422 815; x_wconf 88' lang='lat' dir='ltr'>a</span> <span class='ocrx_word' id='word_1_60' title='bbox 433 763 534 815; x_wconf 84' lang='lat' dir='ltr'>nostre</span> <span class='ocrx_word' id='word_1_61' title='bbox 548 775 666 831; x_wconf 92' lang='lat' dir='ltr'>quoque</span> <span class='ocrx_word' id='word_1_62' title='bbox 681 759 862 815; x_wconf 86' lang='lat' dir='ltr'>detractione</span> <span class='ocrx_word' id='word_1_63' title='bbox 873 759 1005 831; x_wconf 83' lang='lat' dir='ltr'>linguam</span> <span class='ocrx_word' id='word_1_64' title='bbox 1058 774 1125 830; x_wconf 90' lang='lat' dir='ltr'>quae</span> <span class='ocrx_word' id='word_1_65' title='bbox 1140 774 1199 815; x_wconf 90' lang='lat' dir='ltr'>non</span> <span class='ocrx_word' id='word_1_66' title='bbox 1210 759 1356 815; x_wconf 84' lang='lat' dir='ltr'>iuvenum</span> <span class='ocrx_word' id='word_1_67' title='bbox 1372 777 1426 816; x_wconf 89' lang='lat' dir='ltr'>sua</span> <span class='ocrx_word' id='word_1_68' title='bbox 1442 762 1597 833; x_wconf 78' lang='lat' dir='ltr'>dispergit,</span> <span class='ocrx_word' id='word_1_69' title='bbox 1608 763 1663 818; x_wconf 86' lang='lat' dir='ltr'>sed</span> <span class='ocrx_word' id='word_1_70' title='bbox 1673 763 1893 820; x_wconf 81' lang='lat' dir='ltr'>indeficientem</span> 
     </span>
     <span class='ocr_line' id='line_1_6' title="bbox 174 847 1891 922; baseline 0.001 -15"><span class='ocrx_word' id='word_1_71' title='bbox 174 865 342 921; x_wconf 87' lang='lat' dir='ltr'>compesce,</span> <span class='ocrx_word' id='word_1_72' title='bbox 359 849 409 920; x_wconf 89' lang='lat' dir='ltr'>qui</span> <span class='ocrx_word' id='word_1_73' title='bbox 425 849 629 920; x_wconf 74' lang='lat' dir='ltr'>compellimur</span> <span class='ocrx_word' id='word_1_74' title='bbox 643 849 744 902; x_wconf 89' lang='lat' dir='ltr'>dicere</span> <span class='ocrx_word' id='word_1_75' title='bbox 759 849 911 903; x_wconf 88' lang='lat' dir='ltr'>veritatem</span> <span class='ocrx_word' id='word_1_76' title='bbox 928 848 1005 903; x_wconf 89' lang='lat' dir='ltr'>sicut</span> <span class='ocrx_word' id='word_1_77' title='bbox 1058 847 1087 902; x_wconf 91' lang='lat' dir='ltr'>in</span> <span class='ocrx_word' id='word_1_78' title='bbox 1103 847 1176 902; x_wconf 90' lang='lat' dir='ltr'>coelo</span> <span class='ocrx_word' id='word_1_79' title='bbox 1192 847 1370 903; x_wconf 75' lang='lat' dir='ltr'>thesaurizat</span> <span class='ocrx_word' id='word_1_80' title='bbox 1385 850 1443 904; x_wconf 87' lang='lat' dir='ltr'>sihi</span> <span class='ocrx_word' id='word_1_81' title='bbox 1457 850 1629 906; x_wconf 89' lang='lat' dir='ltr'>thesaurum</span> <span class='ocrx_word' id='word_1_82' title='bbox 1641 867 1729 922; x_wconf 90' lang='lat' dir='ltr'>quem</span> <span class='ocrx_word' id='word_1_83' title='bbox 1741 853 1891 909; x_wconf 90' lang='lat' dir='ltr'>tineanon</span> 
     </span>
     <span class='ocr_line' id='line_1_7' title="bbox 174 935 1896 1011; baseline 0.002 -18"><span class='ocrx_word' id='word_1_84' title='bbox 174 955 227 1011; x_wconf 88' lang='lat' dir='ltr'>per</span> <span class='ocrx_word' id='word_1_85' title='bbox 253 938 424 1009; x_wconf 89' lang='lat' dir='ltr'>prophetam</span> <span class='ocrx_word' id='word_1_86' title='bbox 448 937 591 992; x_wconf 87' lang='lat' dir='ltr'>Dominus</span> <span class='ocrx_word' id='word_1_87' title='bbox 614 937 833 992; x_wconf 91' lang='lat' dir='ltr'>comminatur:</span> <span class='ocrx_word' id='word_1_88' title='bbox 857 935 1004 991; x_wconf 75' lang='lat' dir='ltr'>Sacerdos</span> <span class='ocrx_word' id='word_1_89' title='bbox 1058 935 1228 1004; x_wconf 78' lang='lat' dir='ltr'>demolitur,</span> <span class='ocrx_word' id='word_1_90' title='bbox 1253 936 1301 990; x_wconf 90' lang='lat' dir='ltr'>uhi</span> <span class='ocrx_word' id='word_1_91' title='bbox 1325 937 1407 992; x_wconf 87' lang='lat' dir='ltr'>fures</span> <span class='ocrx_word' id='word_1_92' title='bbox 1429 955 1488 992; x_wconf 91' lang='lat' dir='ltr'>non</span> <span class='ocrx_word' id='word_1_93' title='bbox 1511 936 1654 994; x_wconf 80' lang='lat' dir='ltr'>offodiunt</span> <span class='ocrx_word' id='word_1_94' title='bbox 1677 956 1732 996; x_wconf 89' lang='lat' dir='ltr'>nec</span> <span class='ocrx_word' id='word_1_95' title='bbox 1756 941 1896 997; x_wconf 78' lang='lat' dir='ltr'>iurantur</span> 
     </span>
     <span class='ocr_line' id='line_1_8' title="bbox 173 1024 1893 1100; baseline 0.003 -18"><span class='ocrx_word' id='word_1_96' title='bbox 173 1028 346 1100; x_wconf 87' lang='lat' dir='ltr'>ingrediens</span> <span class='ocrx_word' id='word_1_97' title='bbox 358 1032 386 1082; x_wconf 90' lang='lat' dir='ltr'>et</span> <span class='ocrx_word' id='word_1_98' title='bbox 396 1026 572 1098; x_wconf 87' lang='lat' dir='ltr'>regrediens</span> <span class='ocrx_word' id='word_1_99' title='bbox 588 1027 647 1080; x_wconf 90' lang='lat' dir='ltr'>nisi</span> <span class='ocrx_word' id='word_1_100' title='bbox 661 1025 791 1080; x_wconf 91' lang='lat' dir='ltr'>sonitum</span> <span class='ocrx_word' id='word_1_101' title='bbox 806 1024 928 1093; x_wconf 90' lang='lat' dir='ltr'>dederit,</span> <span class='ocrx_word' id='word_1_102' title='bbox 943 1041 1004 1080; x_wconf 91' lang='lat' dir='ltr'>mo·</span> <span class='ocrx_word' id='word_1_103' title='bbox 1058 1024 1177 1094; x_wconf 82' lang='lat' dir='ltr'>(llatth.</span> <span class='ocrx_word' id='word_1_104' title='bbox 1193 1025 1357 1095; x_wconf 85' lang='lat' dir='ltr'>v1l‚parata</span> <span class='ocrx_word' id='word_1_105' title='bbox 1370 1042 1424 1095; x_wconf 91' lang='lat' dir='ltr'>pro</span> <span class='ocrx_word' id='word_1_106' title='bbox 1439 1027 1612 1083; x_wconf 81' lang='lat' dir='ltr'>defensione</span> <span class='ocrx_word' id='word_1_107' title='bbox 1624 1026 1748 1099; x_wconf 81' lang='lat' dir='ltr'>justitiae</span> <span class='ocrx_word' id='word_1_108' title='bbox 1764 1045 1826 1086; x_wconf 92' lang='lat' dir='ltr'>non</span> <span class='ocrx_word' id='word_1_109' title='bbox 1841 1046 1893 1087; x_wconf 89' lang='lat' dir='ltr'>sc-</span> 
     </span>
     <span class='ocr_line' id='line_1_9' title="bbox 174 1113 1893 1188; baseline 0.001 -16"><span class='ocrx_word' id='word_1_110' title='bbox 174 1116 381 1186; x_wconf 68' lang='lat' dir='ltr'>rieturtb&#39;xod.</span> <span class='ocrx_word' id='word_1_111' title='bbox 392 1118 506 1185; x_wconf 83' lang='lat' dir='ltr'>xxviii).</span> <span class='ocrx_word' id='word_1_112' title='bbox 517 1115 601 1169; x_wconf 90' lang='lat' dir='ltr'>ltem:</span> <span class='ocrx_word' id='word_1_113' title='bbox 615 1113 788 1169; x_wconf 81' lang='lat' dir='ltr'>Maledictus</span> <span class='ocrx_word' id='word_1_114' title='bbox 803 1114 853 1185; x_wconf 92' lang='lat' dir='ltr'>qui</span> <span class='ocrx_word' id='word_1_115' title='bbox 868 1113 1004 1184; x_wconf 87' lang='lat' dir='ltr'>prohihet</span> <span class='ocrx_word' id='word_1_116' title='bbox 1058 1114 1118 1167; x_wconf 87' lang='lat' dir='ltr'>lum</span> <span class='ocrx_word' id='word_1_117' title='bbox 1133 1118 1251 1168; x_wconf 90' lang='lat' dir='ltr'>terrena</span> <span class='ocrx_word' id='word_1_118' title='bbox 1266 1114 1363 1168; x_wconf 87' lang='lat' dir='ltr'>omnia</span> <span class='ocrx_word' id='word_1_119' title='bbox 1378 1115 1567 1186; x_wconf 79' lang='lat' dir='ltr'>distribuere,</span> <span class='ocrx_word' id='word_1_120' title='bbox 1584 1117 1639 1172; x_wconf 89' lang='lat' dir='ltr'>sed</span> <span class='ocrx_word' id='word_1_121' title='bbox 1655 1133 1751 1188; x_wconf 89' lang='lat' dir='ltr'>usque</span> <span class='ocrx_word' id='word_1_122' title='bbox 1766 1119 1804 1173; x_wconf 90' lang='lat' dir='ltr'>ad</span> <span class='ocrx_word' id='word_1_123' title='bbox 1818 1134 1893 1175; x_wconf 84' lang='lat' dir='ltr'>san·</span> 
     </span>
     <span class='ocr_line' id='line_1_10' title="bbox 174 1201 1892 1277; baseline 0.002 -18"><span class='ocrx_word' id='word_1_124' title='bbox 174 1204 304 1277; x_wconf 89' lang='lat' dir='ltr'>gladium</span> <span class='ocrx_word' id='word_1_125' title='bbox 319 1219 406 1258; x_wconf 91' lang='lat' dir='ltr'>suum</span> <span class='ocrx_word' id='word_1_126' title='bbox 421 1219 438 1257; x_wconf 90' lang='lat' dir='ltr'>a</span> <span class='ocrx_word' id='word_1_127' title='bbox 453 1201 597 1272; x_wconf 88' lang='lat' dir='ltr'>sangnine</span> <span class='ocrx_word' id='word_1_128' title='bbox 614 1202 842 1272; x_wconf 73' lang='lat' dir='ltr'>(Jer.xnvii1).u</span> <span class='ocrx_word' id='word_1_129' title='bbox 1058 1202 1179 1274; x_wconf 84' lang='lat' dir='ltr'>giiiuem</span> <span class='ocrx_word' id='word_1_130' title='bbox 1201 1218 1254 1272; x_wconf 91' lang='lat' dir='ltr'>pro</span> <span class='ocrx_word' id='word_1_131' title='bbox 1279 1205 1378 1257; x_wconf 87' lang='lat' dir='ltr'>vestre</span> <span class='ocrx_word' id='word_1_132' title='bbox 1406 1204 1581 1260; x_wconf 81' lang='lat' dir='ltr'>contusione</span> <span class='ocrx_word' id='word_1_133' title='bbox 1609 1210 1638 1260; x_wconf 88' lang='lat' dir='ltr'>et</span> <span class='ocrx_word' id='word_1_134' title='bbox 1666 1207 1832 1263; x_wconf 87' lang='lat' dir='ltr'>reveren-ia</span> <span class='ocrx_word' id='word_1_135' title='bbox 1854 1208 1892 1265; x_wconf 82' lang='lat' dir='ltr'>ad</span> 
     </span>
     <span class='ocr_line' id='line_1_11' title="bbox 210 1290 1892 1365; baseline 0.003 -18"><span class='ocrx_word' id='word_1_136' title='bbox 210 1293 400 1347; x_wconf 88' lang='lat' dir='ltr'>Innocentius</span> <span class='ocrx_word' id='word_1_137' title='bbox 423 1307 497 1362; x_wconf 88' lang='lat' dir='ltr'>papa</span> <span class='ocrx_word' id='word_1_138' title='bbox 517 1308 523 1345; x_wconf 75' lang='grc' dir='ltr'>ε</span> <span class='ocrx_word' id='word_1_139' title='bbox 547 1313 558 1338; x_wconf 73' lang='lat' dir='ltr'>r</span> <span class='ocrx_word' id='word_1_140' title='bbox 586 1291 677 1345; x_wconf 87' lang='lat' dir='ltr'>Error</span> <span class='ocrx_word' id='word_1_141' title='bbox 700 1292 750 1362; x_wconf 92' lang='lat' dir='ltr'>qui</span> <span class='ocrx_word' id='word_1_142' title='bbox 770 1308 830 1347; x_wconf 90' lang='lat' dir='ltr'>non</span> <span class='ocrx_word' id='word_1_143' title='bbox 853 1291 1005 1348; x_wconf 87' lang='lat' dir='ltr'>resistitur</span> <span class='ocrx_word' id='word_1_144' title='bbox 1058 1295 1169 1346; x_wconf 85' lang='lat' dir='ltr'>sauctm</span> <span class='ocrx_word' id='word_1_145' title='bbox 1185 1290 1328 1345; x_wconf 75' lang='lat' dir='ltr'>Ecclesia</span> <span class='ocrx_word' id='word_1_146' title='bbox 1348 1293 1473 1363; x_wconf 85' lang='lat' dir='ltr'>gloriam</span> <span class='ocrx_word' id='word_1_147' title='bbox 1492 1297 1520 1348; x_wconf 92' lang='lat' dir='ltr'>et</span> <span class='ocrx_word' id='word_1_148' title='bbox 1539 1294 1744 1351; x_wconf 86' lang='lat' dir='ltr'>exaltationem</span> <span class='ocrx_word' id='word_1_149' title='bbox 1763 1300 1892 1365; x_wconf 84' lang='lat' dir='ltr'>certare,</span> 
     </span>
     <span class='ocr_line' id='line_1_12' title="bbox 174 1379 1893 1451; baseline 0.005 -16"><span class='ocrx_word' id='word_1_150' title='bbox 174 1381 363 1451; x_wconf 86' lang='lat' dir='ltr'>approbatur,</span> <span class='ocrx_word' id='word_1_151' title='bbox 381 1381 617 1434; x_wconf 89' lang='lat' dir='ltr'>etvcritascum</span> <span class='ocrx_word' id='word_1_152' title='bbox 632 1380 1005 1450; x_wconf 89' lang='lat' dir='ltr'>minimedefenditurop-</span> <span class='ocrx_word' id='word_1_153' title='bbox 1060 1381 1153 1434; x_wconf 91' lang='lat' dir='ltr'>douec</span> <span class='ocrx_word' id='word_1_154' title='bbox 1175 1379 1270 1435; x_wconf 85' lang='lat' dir='ltr'>tradat</span> <span class='ocrx_word' id='word_1_155' title='bbox 1293 1381 1436 1437; x_wconf 90' lang='lat' dir='ltr'>Dominus</span> <span class='ocrx_word' id='word_1_156' title='bbox 1459 1382 1609 1438; x_wconf 92' lang='lat' dir='ltr'>inimicum</span> <span class='ocrx_word' id='word_1_157' title='bbox 1631 1399 1718 1439; x_wconf 90' lang='lat' dir='ltr'>suum</span> <span class='ocrx_word' id='word_1_158' title='bbox 1743 1384 1773 1439; x_wconf 91' lang='lat' dir='ltr'>in</span> <span class='ocrx_word' id='word_1_159' title='bbox 1803 1400 1893 1444; x_wconf 73' lang='lat' dir='ltr'>manu</span> 
     </span>
     <span class='ocr_line' id='line_1_13' title="bbox 173 1468 1187 1541; baseline -0.004 -16"><span class='ocrx_word' id='word_1_160' title='bbox 173 1471 319 1541; x_wconf 90' lang='lat' dir='ltr'>primitur.</span> <span class='ocrx_word' id='word_1_161' title='bbox 333 1492 344 1517; x_wconf 82' lang='grc' dir='ltr'>ι</span> <span class='ocrx_word' id='word_1_162' title='bbox 358 1470 429 1522; x_wconf 91' lang='lat' dir='ltr'>ltem</span> <span class='ocrx_word' id='word_1_163' title='bbox 443 1468 598 1539; x_wconf 79' lang='lat' dir='ltr'>ejusdem:</span> <span class='ocrx_word' id='word_1_164' title='bbox 616 1491 627 1516; x_wconf 74' lang='grc' dir='ltr'><strong>α</strong></span> <span class='ocrx_word' id='word_1_165' title='bbox 641 1468 804 1541; x_wconf 89' lang='lat' dir='ltr'>Negligere</span> <span class='ocrx_word' id='word_1_166' title='bbox 819 1470 927 1541; x_wconf 89' lang='lat' dir='ltr'>quippe</span> <span class='ocrx_word' id='word_1_167' title='bbox 939 1485 1005 1523; x_wconf 93' lang='lat' dir='ltr'>cum</span> <span class='ocrx_word' id='word_1_168' title='bbox 1060 1468 1187 1523; x_wconf 78' lang='lat' dir='ltr'>leminea.</span> 
     </span>
     <span class='ocr_line' id='line_1_14' title="bbox 174 1556 1896 1634; baseline 0.003 -20"><span class='ocrx_word' id='word_1_169' title='bbox 174 1558 277 1630; x_wconf 88' lang='lat' dir='ltr'>possis</span> <span class='ocrx_word' id='word_1_170' title='bbox 296 1557 456 1612; x_wconf 90' lang='lat' dir='ltr'>deturbare</span> <span class='ocrx_word' id='word_1_171' title='bbox 474 1572 650 1626; x_wconf 89' lang='lat' dir='ltr'>perversos,</span> <span class='ocrx_word' id='word_1_172' title='bbox 667 1556 740 1611; x_wconf 90' lang='lat' dir='ltr'>nihil</span> <span class='ocrx_word' id='word_1_173' title='bbox 759 1561 806 1613; x_wconf 91' lang='lat' dir='ltr'>est</span> <span class='ocrx_word' id='word_1_174' title='bbox 820 1558 899 1613; x_wconf 91' lang='lat' dir='ltr'>uliud</span> <span class='ocrx_word' id='word_1_175' title='bbox 919 1574 1006 1630; x_wconf 88' lang='lat' dir='ltr'>quam</span> <span class='ocrx_word' id='word_1_176' title='bbox 1096 1557 1140 1611; x_wconf 91' lang='lat' dir='ltr'>Tu</span> <span class='ocrx_word' id='word_1_177' title='bbox 1155 1572 1228 1612; x_wconf 83' lang='lat' dir='ltr'>rere</span> <span class='ocrx_word' id='word_1_178' title='bbox 1250 1560 1394 1614; x_wconf 88' lang='lat' dir='ltr'>memento</span> <span class='ocrx_word' id='word_1_179' title='bbox 1416 1560 1492 1616; x_wconf 89' lang='lat' dir='ltr'>unde</span> <span class='ocrx_word' id='word_1_180' title='bbox 1507 1560 1665 1630; x_wconf 87' lang='lat' dir='ltr'>excideris,</span> <span class='ocrx_word' id='word_1_181' title='bbox 1682 1562 1711 1619; x_wconf 88' lang='lat' dir='ltr'>et</span> <span class='ocrx_word' id='word_1_182' title='bbox 1723 1575 1780 1634; x_wconf 83' lang='lat' dir='ltr'>age</span> <span class='ocrx_word' id='word_1_183' title='bbox 1796 1563 1896 1631; x_wconf 81' lang='lat' dir='ltr'>poeni-</span> 
     </span>
     <span class='ocr_line' id='line_1_15' title="bbox 175 1645 1898 1718; baseline 0.003 -16"><span class='ocrx_word' id='word_1_184' title='bbox 175 1647 288 1714; x_wconf 84' lang='lat' dir='ltr'>tovere,</span> <span class='ocrx_word' id='word_1_185' title='bbox 304 1661 359 1701; x_wconf 90' lang='lat' dir='ltr'>nec</span> <span class='ocrx_word' id='word_1_186' title='bbox 375 1648 455 1700; x_wconf 89' lang='lat' dir='ltr'>caret</span> <span class='ocrx_word' id='word_1_187' title='bbox 475 1646 616 1716; x_wconf 88' lang='lat' dir='ltr'>scrupulo</span> <span class='ocrx_word' id='word_1_188' title='bbox 637 1646 788 1700; x_wconf 87' lang='lat' dir='ltr'>societatis</span> <span class='ocrx_word' id='word_1_189' title='bbox 803 1648 938 1717; x_wconf 88' lang='lat' dir='ltr'>occultae,</span> <span class='ocrx_word' id='word_1_190' title='bbox 955 1646 1005 1717; x_wconf 94' lang='lat' dir='ltr'>qui</span> <span class='ocrx_word' id='word_1_191' title='bbox 1062 1645 1181 1700; x_wconf 84' lang='lat' dir='ltr'>tentiam</span> <span class='ocrx_word' id='word_1_192' title='bbox 1197 1645 1299 1718; x_wconf 84' lang='lat' dir='ltr'>(Apoo.</span> <span class='ocrx_word' id='word_1_193' title='bbox 1314 1646 1361 1716; x_wconf 89' lang='grc' dir='ltr'>ιι),</span> <span class='ocrx_word' id='word_1_194' title='bbox 1385 1646 1412 1702; x_wconf 90' lang='lat' dir='ltr'>si</span> <span class='ocrx_word' id='word_1_195' title='bbox 1434 1646 1509 1703; x_wconf 84' lang='lat' dir='ltr'>torte</span> <span class='ocrx_word' id='word_1_196' title='bbox 1528 1648 1655 1707; x_wconf 79' lang='lat' dir='ltr'>remittat</span> <span class='ocrx_word' id='word_1_197' title='bbox 1675 1649 1728 1705; x_wconf 91' lang='lat' dir='ltr'>tihi</span> <span class='ocrx_word' id='word_1_198' title='bbox 1748 1650 1898 1711; x_wconf 82' lang='lat' dir='ltr'>Dominus</span> 
     </span>
     <span class='ocr_line' id='line_1_16' title="bbox 175 1725 1899 1809; baseline 0.004 -19"><span class='ocrx_word' id='word_1_199' title='bbox 175 1735 332 1790; x_wconf 81' lang='lat' dir='ltr'>manifesto</span> <span class='ocrx_word' id='word_1_200' title='bbox 347 1733 471 1788; x_wconf 78' lang='lat' dir='ltr'>facinori</span> <span class='ocrx_word' id='word_1_201' title='bbox 486 1733 594 1789; x_wconf 90' lang='lat' dir='ltr'>desiuit</span> <span class='ocrx_word' id='word_1_202' title='bbox 606 1734 737 1788; x_wconf 82' lang='lat' dir='ltr'>obviare.</span> <span class='ocrx_word' id='word_1_203' title='bbox 757 1757 768 1782; x_wconf 73' lang='lat' dir='ltr'>a</span> <span class='ocrx_word' id='word_1_204' title='bbox 1021 1725 1047 1788; x_wconf 91' lang='grc' dir='ltr'>Β</span> <span class='ocrx_word' id='word_1_205' title='bbox 1063 1734 1340 1805; x_wconf 83' lang='lat' dir='ltr'>(Act.v111),utnos,</span> <span class='ocrx_word' id='word_1_206' title='bbox 1353 1735 1467 1790; x_wconf 89' lang='lat' dir='ltr'>reddita</span> <span class='ocrx_word' id='word_1_207' title='bbox 1478 1752 1549 1806; x_wconf 86' lang='lat' dir='ltr'>pace</span> <span class='ocrx_word' id='word_1_208' title='bbox 1561 1736 1716 1807; x_wconf 81' lang='lat' dir='ltr'>Ecclesiae,</span> <span class='ocrx_word' id='word_1_209' title='bbox 1726 1739 1786 1794; x_wconf 86' lang='lat' dir='ltr'>reti</span> <span class='ocrx_word' id='word_1_210' title='bbox 1798 1741 1899 1809; x_wconf 69' lang='lat' dir='ltr'>nestri</span> 
     </span>
     <span class='ocr_line' id='line_1_17' title="bbox 213 1820 1900 1898; baseline 0.003 -20"><span class='ocrx_word' id='word_1_211' title='bbox 213 1825 282 1878; x_wconf 86' lang='lat' dir='ltr'>Pius</span> <span class='ocrx_word' id='word_1_212' title='bbox 297 1838 390 1893; x_wconf 87' lang='lat' dir='ltr'>papa:</span> <span class='ocrx_word' id='word_1_213' title='bbox 409 1844 420 1872; x_wconf 75' lang='lat' dir='ltr'>a</span> <span class='ocrx_word' id='word_1_214' title='bbox 437 1820 513 1887; x_wconf 88' lang='lat' dir='ltr'>Quid</span> <span class='ocrx_word' id='word_1_215' title='bbox 528 1822 649 1892; x_wconf 87' lang='lat' dir='ltr'>prodest</span> <span class='ocrx_word' id='word_1_216' title='bbox 663 1822 745 1877; x_wconf 91' lang='lat' dir='ltr'>illum</span> <span class='ocrx_word' id='word_1_217' title='bbox 761 1838 861 1879; x_wconf 90' lang='lat' dir='ltr'>errore</span> <span class='ocrx_word' id='word_1_218' title='bbox 876 1839 932 1879; x_wconf 93' lang='lat' dir='ltr'>suo</span> <span class='ocrx_word' id='word_1_219' title='bbox 947 1839 1005 1879; x_wconf 91' lang='lat' dir='ltr'>nou</span> <span class='ocrx_word' id='word_1_220' title='bbox 1063 1839 1230 1878; x_wconf 91' lang='lat' dir='ltr'>mereamur</span> <span class='ocrx_word' id='word_1_221' title='bbox 1245 1823 1310 1878; x_wconf 84' lang='lat' dir='ltr'>fleri</span> <span class='ocrx_word' id='word_1_222' title='bbox 1330 1827 1493 1895; x_wconf 77' lang='lat' dir='ltr'>compotes,</span> <span class='ocrx_word' id='word_1_223' title='bbox 1517 1825 1636 1896; x_wconf 80' lang='lat' dir='ltr'>Depone</span> <span class='ocrx_word' id='word_1_224' title='bbox 1657 1826 1795 1898; x_wconf 83' lang='lat' dir='ltr'>cidarim,</span> <span class='ocrx_word' id='word_1_225' title='bbox 1811 1828 1900 1883; x_wconf 81' lang='lat' dir='ltr'>anter</span> 
     </span>
     <span class='ocr_line' id='line_1_18' title="bbox 175 1911 1897 1986; baseline 0.003 -19"><span class='ocrx_word' id='word_1_226' title='bbox 175 1912 277 1983; x_wconf 90' lang='lat' dir='ltr'>pollui,</span> <span class='ocrx_word' id='word_1_227' title='bbox 293 1911 344 1982; x_wconf 91' lang='lat' dir='ltr'>qui</span> <span class='ocrx_word' id='word_1_228' title='bbox 358 1926 540 1965; x_wconf 89' lang='lat' dir='ltr'>consensum</span> <span class='ocrx_word' id='word_1_229' title='bbox 553 1915 676 1982; x_wconf 74' lang='lat' dir='ltr'>praestat</span> <span class='ocrx_word' id='word_1_230' title='bbox 689 1912 817 1967; x_wconf 74' lang='lat' dir='ltr'>erranti?</span> <span class='ocrx_word' id='word_1_231' title='bbox 832 1912 902 1966; x_wconf 86' lang='lat' dir='ltr'>Sine</span> <span class='ocrx_word' id='word_1_232' title='bbox 918 1912 1007 1967; x_wconf 93' lang='lat' dir='ltr'>dubio</span> <span class='ocrx_word' id='word_1_233' title='bbox 1063 1927 1203 1967; x_wconf 87' lang='lat' dir='ltr'>coronam</span> <span class='ocrx_word' id='word_1_234' title='bbox 1213 1911 1337 1983; x_wconf 70' lang='lat' dir='ltr'>(Erech.</span> <span class='ocrx_word' id='word_1_235' title='bbox 1350 1916 1411 1983; x_wconf 81' lang='lat' dir='ltr'>xxi)</span> <span class='ocrx_word' id='word_1_236' title='bbox 1421 1918 1449 1968; x_wconf 90' lang='lat' dir='ltr'>et</span> <span class='ocrx_word' id='word_1_237' title='bbox 1460 1913 1549 1969; x_wconf 88' lang='lat' dir='ltr'>indue</span> <span class='ocrx_word' id='word_1_238' title='bbox 1559 1913 1738 1986; x_wconf 87' lang='lat' dir='ltr'>lugubribus</span> <span class='ocrx_word' id='word_1_239' title='bbox 1745 1915 1897 1983; x_wconf 86' lang='lat' dir='ltr'>restibus,</span> 
     </span>
     <span class='ocr_line' id='line_1_19' title="bbox 177 1999 1899 2076; baseline 0.003 -20"><span class='ocrx_word' id='word_1_240' title='bbox 177 2001 427 2056; x_wconf 83' lang='lat' dir='ltr'>contramandate</span> <span class='ocrx_word' id='word_1_241' title='bbox 442 1999 571 2069; x_wconf 89' lang='lat' dir='ltr'>dimicat,</span> <span class='ocrx_word' id='word_1_242' title='bbox 582 2003 610 2054; x_wconf 90' lang='lat' dir='ltr'>et</span> <span class='ocrx_word' id='word_1_243' title='bbox 623 2000 675 2072; x_wconf 90' lang='lat' dir='ltr'>qui</span> <span class='ocrx_word' id='word_1_244' title='bbox 690 2016 872 2056; x_wconf 89' lang='lat' dir='ltr'>eonsensum</span> <span class='ocrx_word' id='word_1_245' title='bbox 886 2002 1009 2071; x_wconf 85' lang='lat' dir='ltr'>praestat</span> <span class='ocrx_word' id='word_1_246' title='bbox 1061 2003 1142 2055; x_wconf 88' lang='lat' dir='ltr'>tanto</span> <span class='ocrx_word' id='word_1_247' title='bbox 1151 2000 1290 2055; x_wconf 87' lang='lat' dir='ltr'>humilior</span> <span class='ocrx_word' id='word_1_248' title='bbox 1300 2005 1328 2055; x_wconf 89' lang='lat' dir='ltr'>et</span> <span class='ocrx_word' id='word_1_249' title='bbox 1339 2000 1482 2072; x_wconf 79' lang='lat' dir='ltr'>abjectior</span> <span class='ocrx_word' id='word_1_250' title='bbox 1492 2003 1630 2059; x_wconf 89' lang='lat' dir='ltr'>omnihus</span> <span class='ocrx_word' id='word_1_251' title='bbox 1640 2001 1774 2074; x_wconf 80' lang='lat' dir='ltr'>effectus,</span> <span class='ocrx_word' id='word_1_252' title='bbox 1783 2008 1899 2076; x_wconf 84' lang='lat' dir='ltr'>quante</span> 
     </span>
     <span class='ocr_line' id='line_1_20' title="bbox 176 2088 1897 2161; baseline 0.003 -17"><span class='ocrx_word' id='word_1_253' title='bbox 176 2089 296 2145; x_wconf 87' lang='lat' dir='ltr'>erranti.</span> <span class='ocrx_word' id='word_1_254' title='bbox 317 2112 328 2137; x_wconf 75' lang='grc' dir='ltr'>ι</span> <span class='ocrx_word' id='word_1_255' title='bbox 1062 2105 1123 2159; x_wconf 88' lang='lat' dir='ltr'>prae</span> <span class='ocrx_word' id='word_1_256' title='bbox 1139 2090 1276 2144; x_wconf 90' lang='lat' dir='ltr'>omnibus</span> <span class='ocrx_word' id='word_1_257' title='bbox 1287 2088 1473 2145; x_wconf 79' lang='lat' dir='ltr'>differentius</span> <span class='ocrx_word' id='word_1_258' title='bbox 1484 2092 1634 2161; x_wconf 78' lang='lat' dir='ltr'>superbias</span> <span class='ocrx_word' id='word_1_259' title='bbox 1642 2092 1774 2148; x_wconf 88' lang='lat' dir='ltr'>extulisti</span> <span class='ocrx_word' id='word_1_260' title='bbox 1788 2109 1897 2151; x_wconf 80' lang='lat' dir='ltr'>cornu.</span> 
     </span>
     <span class='ocr_line' id='line_1_21' title="bbox 212 2177 1899 2254; baseline 0.003 -20"><span class='ocrx_word' id='word_1_261' title='bbox 212 2180 369 2235; x_wconf 83' lang='lat' dir='ltr'>Clemens:</span> <span class='ocrx_word' id='word_1_262' title='bbox 388 2202 400 2227; x_wconf 74' lang='lat' dir='ltr'>a</span> <span class='ocrx_word' id='word_1_263' title='bbox 415 2179 622 2234; x_wconf 89' lang='lat' dir='ltr'>Certissimum</span> <span class='ocrx_word' id='word_1_264' title='bbox 637 2178 775 2250; x_wconf 92' lang='lat' dir='ltr'>estquod</span> <span class='ocrx_word' id='word_1_265' title='bbox 791 2193 886 2249; x_wconf 92' lang='lat' dir='ltr'>neque</span> <span class='ocrx_word' id='word_1_266' title='bbox 905 2177 1009 2233; x_wconf 89' lang='lat' dir='ltr'>amici·</span> <span class='ocrx_word' id='word_1_267' title='bbox 1063 2178 1116 2232; x_wconf 90' lang='lat' dir='ltr'>Dic</span> <span class='ocrx_word' id='word_1_268' title='bbox 1131 2178 1195 2250; x_wconf 86' lang='lat' dir='ltr'>regi</span> <span class='ocrx_word' id='word_1_269' title='bbox 1211 2180 1260 2233; x_wconf 92' lang='lat' dir='ltr'>tuo</span> <span class='ocrx_word' id='word_1_270' title='bbox 1277 2182 1307 2233; x_wconf 91' lang='lat' dir='ltr'>ut</span> <span class='ocrx_word' id='word_1_271' title='bbox 1322 2184 1485 2251; x_wconf 89' lang='lat' dir='ltr'>cognoscat</span> <span class='ocrx_word' id='word_1_272' title='bbox 1496 2180 1562 2235; x_wconf 91' lang='lat' dir='ltr'>aliis</span> <span class='ocrx_word' id='word_1_273' title='bbox 1570 2181 1708 2236; x_wconf 89' lang='lat' dir='ltr'>omnihus</span> <span class='ocrx_word' id='word_1_274' title='bbox 1723 2183 1899 2254; x_wconf 82' lang='lat' dir='ltr'>generatio-</span> 
     </span>
     <span class='ocr_line' id='line_1_22' title="bbox 177 2266 1900 2341; baseline 0.001 -17"><span class='ocrx_word' id='word_1_275' title='bbox 177 2270 226 2336; x_wconf 89' lang='lat' dir='ltr'>tla,</span> <span class='ocrx_word' id='word_1_276' title='bbox 237 2285 332 2341; x_wconf 91' lang='lat' dir='ltr'>neque</span> <span class='ocrx_word' id='word_1_277' title='bbox 345 2268 551 2339; x_wconf 88' lang='lat' dir='ltr'>propinquitas</span> <span class='ocrx_word' id='word_1_278' title='bbox 568 2267 698 2339; x_wconf 88' lang='lat' dir='ltr'>generis,</span> <span class='ocrx_word' id='word_1_279' title='bbox 710 2283 804 2338; x_wconf 92' lang='lat' dir='ltr'>neque</span> <span class='ocrx_word' id='word_1_280' title='bbox 820 2267 907 2339; x_wconf 86' lang='lat' dir='ltr'>regni</span> <span class='ocrx_word' id='word_1_281' title='bbox 917 2266 1008 2322; x_wconf 90' lang='lat' dir='ltr'>subli-</span> <span class='ocrx_word' id='word_1_282' title='bbox 1063 2266 1151 2321; x_wconf 87' lang='lat' dir='ltr'>nibus</span> <span class='ocrx_word' id='word_1_283' title='bbox 1166 2266 1329 2321; x_wconf 90' lang='lat' dir='ltr'>inauditum</span> <span class='ocrx_word' id='word_1_284' title='bbox 1345 2267 1462 2322; x_wconf 84' lang='lat' dir='ltr'>facinus</span> <span class='ocrx_word' id='word_1_285' title='bbox 1477 2284 1574 2338; x_wconf 90' lang='lat' dir='ltr'>suum,</span> <span class='ocrx_word' id='word_1_286' title='bbox 1584 2269 1719 2340; x_wconf 90' lang='lat' dir='ltr'>quiduos</span> <span class='ocrx_word' id='word_1_287' title='bbox 1731 2269 1793 2341; x_wconf 80' lang='lat' dir='ltr'>jam</span> <span class='ocrx_word' id='word_1_288' title='bbox 1809 2270 1900 2326; x_wconf 85' lang='lat' dir='ltr'>adul·</span> 
     </span>
     <span class='ocr_line' id='line_1_23' title="bbox 176 2356 1899 2431; baseline 0.001 -19"><span class='ocrx_word' id='word_1_289' title='bbox 176 2359 263 2413; x_wconf 86' lang='lat' dir='ltr'>mites</span> <span class='ocrx_word' id='word_1_290' title='bbox 277 2358 389 2413; x_wconf 88' lang='lat' dir='ltr'>homini</span> <span class='ocrx_word' id='word_1_291' title='bbox 404 2359 491 2412; x_wconf 92' lang='lat' dir='ltr'>dehet</span> <span class='ocrx_word' id='word_1_292' title='bbox 507 2372 576 2412; x_wconf 90' lang='lat' dir='ltr'>esse</span> <span class='ocrx_word' id='word_1_293' title='bbox 591 2357 751 2426; x_wconf 85' lang='lat' dir='ltr'>pretiosior</span> <span class='ocrx_word' id='word_1_294' title='bbox 766 2357 897 2411; x_wconf 86' lang='lat' dir='ltr'>veritate.</span> <span class='ocrx_word' id='word_1_295' title='bbox 916 2379 927 2404; x_wconf 75' lang='grc' dir='ltr'>ι</span> <span class='ocrx_word' id='word_1_296' title='bbox 1063 2359 1143 2410; x_wconf 90' lang='lat' dir='ltr'>teres</span> <span class='ocrx_word' id='word_1_297' title='bbox 1155 2356 1237 2408; x_wconf 90' lang='lat' dir='ltr'>matri</span> <span class='ocrx_word' id='word_1_298' title='bbox 1248 2370 1311 2409; x_wconf 83' lang='lat' dir='ltr'>sues</span> <span class='ocrx_word' id='word_1_299' title='bbox 1320 2356 1459 2428; x_wconf 88' lang='lat' dir='ltr'>ingessit,</span> <span class='ocrx_word' id='word_1_300' title='bbox 1469 2361 1498 2413; x_wconf 90' lang='lat' dir='ltr'>et</span> <span class='ocrx_word' id='word_1_301' title='bbox 1508 2358 1689 2415; x_wconf 81' lang='lat' dir='ltr'>calamitates</span> <span class='ocrx_word' id='word_1_302' title='bbox 1699 2358 1789 2414; x_wconf 92' lang='lat' dir='ltr'>totius</span> <span class='ocrx_word' id='word_1_303' title='bbox 1800 2360 1899 2431; x_wconf 88' lang='lat' dir='ltr'>orbis,</span> 
     </span>
     <span class='ocr_line' id='line_1_24' title="bbox 214 2443 1900 2517; baseline 0.003 -17"><span class='ocrx_word' id='word_1_304' title='bbox 214 2446 382 2501; x_wconf 85' lang='lat' dir='ltr'>Fabianus:</span> <span class='ocrx_word' id='word_1_305' title='bbox 398 2469 409 2496; x_wconf 79' lang='lat' dir='ltr'>a</span> <span class='ocrx_word' id='word_1_306' title='bbox 423 2447 478 2511; x_wconf 81' lang='lat' dir='ltr'>Qui</span> <span class='ocrx_word' id='word_1_307' title='bbox 492 2446 721 2515; x_wconf 90' lang='lat' dir='ltr'>omnipotentem</span> <span class='ocrx_word' id='word_1_308' title='bbox 732 2445 833 2501; x_wconf 89' lang='lat' dir='ltr'>metuit</span> <span class='ocrx_word' id='word_1_309' title='bbox 844 2446 1010 2515; x_wconf 91' lang='lat' dir='ltr'>Deum,uec</span> <span class='ocrx_word' id='word_1_310' title='bbox 1063 2443 1143 2498; x_wconf 88' lang='lat' dir='ltr'>illem</span> <span class='ocrx_word' id='word_1_311' title='bbox 1158 2443 1323 2514; x_wconf 72' lang='lat' dir='ltr'>precipue,</span> <span class='ocrx_word' id='word_1_312' title='bbox 1348 2444 1383 2499; x_wconf 88' lang='lat' dir='ltr'>de</span> <span class='ocrx_word' id='word_1_313' title='bbox 1407 2461 1465 2517; x_wconf 92' lang='lat' dir='ltr'>qua</span> <span class='ocrx_word' id='word_1_314' title='bbox 1488 2446 1627 2517; x_wconf 87' lang='lat' dir='ltr'>superius</span> <span class='ocrx_word' id='word_1_315' title='bbox 1641 2446 1781 2517; x_wconf 80' lang='lat' dir='ltr'>diximus,</span> <span class='ocrx_word' id='word_1_316' title='bbox 1798 2451 1900 2506; x_wconf 84' lang='lat' dir='ltr'>tecum</span> 
     </span>
     <span class='ocr_line' id='line_1_25' title="bbox 179 2532 1901 2607; baseline 0.002 -17"><span class='ocrx_word' id='word_1_317' title='bbox 179 2538 280 2590; x_wconf 90' lang='lat' dir='ltr'>contra</span> <span class='ocrx_word' id='word_1_318' title='bbox 289 2535 559 2606; x_wconf 83' lang='lat' dir='ltr'>Evangelium,nec</span> <span class='ocrx_word' id='word_1_319' title='bbox 571 2534 1009 2605; x_wconf 86' lang='lat' dir='ltr'>contrsapostolos,velcontra</span> <span class='ocrx_word' id='word_1_320' title='bbox 1064 2532 1179 2600; x_wconf 81' lang='lat' dir='ltr'>defleat,</span> <span class='ocrx_word' id='word_1_321' title='bbox 1199 2548 1265 2602; x_wconf 82' lang='lat' dir='ltr'>quae</span> <span class='ocrx_word' id='word_1_322' title='bbox 1285 2546 1361 2587; x_wconf 87' lang='lat' dir='ltr'>novo</span> <span class='ocrx_word' id='word_1_323' title='bbox 1385 2533 1493 2589; x_wconf 88' lang='lat' dir='ltr'>sceleri</span> <span class='ocrx_word' id='word_1_324' title='bbox 1519 2550 1594 2591; x_wconf 89' lang='lat' dir='ltr'>nova</span> <span class='ocrx_word' id='word_1_325' title='bbox 1615 2535 1697 2607; x_wconf 84' lang='lat' dir='ltr'>justo</span> <span class='ocrx_word' id='word_1_326' title='bbox 1712 2536 1764 2591; x_wconf 88' lang='lat' dir='ltr'>Dei</span> <span class='ocrx_word' id='word_1_327' title='bbox 1780 2535 1901 2607; x_wconf 83' lang='lat' dir='ltr'>judicie</span> 
     </span>
     <span class='ocr_line' id='line_1_26' title="bbox 177 2621 1902 2698; baseline 0.003 -21"><span class='ocrx_word' id='word_1_328' title='bbox 177 2623 362 2692; x_wconf 89' lang='lat' dir='ltr'>prophetias,</span> <span class='ocrx_word' id='word_1_329' title='bbox 379 2625 429 2676; x_wconf 89' lang='lat' dir='ltr'>aut</span> <span class='ocrx_word' id='word_1_330' title='bbox 447 2625 618 2677; x_wconf 88' lang='lat' dir='ltr'>sanctorum</span> <span class='ocrx_word' id='word_1_331' title='bbox 633 2624 754 2677; x_wconf 84' lang='lat' dir='ltr'>Petrum</span> <span class='ocrx_word' id='word_1_332' title='bbox 768 2623 899 2677; x_wconf 87' lang='lat' dir='ltr'>instituta</span> <span class='ocrx_word' id='word_1_333' title='bbox 920 2638 1010 2694; x_wconf 88' lang='lat' dir='ltr'>agere</span> <span class='ocrx_word' id='word_1_334' title='bbox 1064 2622 1222 2676; x_wconf 91' lang='lat' dir='ltr'>successit.</span> <span class='ocrx_word' id='word_1_335' title='bbox 1234 2621 1308 2675; x_wconf 85' lang='lat' dir='ltr'>Veni</span> <span class='ocrx_word' id='word_1_336' title='bbox 1333 2621 1369 2676; x_wconf 91' lang='lat' dir='ltr'>ad</span> <span class='ocrx_word' id='word_1_337' title='bbox 1393 2622 1539 2678; x_wconf 90' lang='lat' dir='ltr'>dolentem</span> <span class='ocrx_word' id='word_1_338' title='bbox 1554 2628 1582 2678; x_wconf 89' lang='lat' dir='ltr'>et</span> <span class='ocrx_word' id='word_1_339' title='bbox 1601 2640 1654 2694; x_wconf 90' lang='lat' dir='ltr'>pro</span> <span class='ocrx_word' id='word_1_340' title='bbox 1677 2627 1705 2679; x_wconf 91' lang='lat' dir='ltr'>te</span> <span class='ocrx_word' id='word_1_341' title='bbox 1728 2629 1902 2698; x_wconf 78' lang='lat' dir='ltr'>gementem</span> 
     </span>
     <span class='ocr_line' id='line_1_27' title="bbox 178 2708 1902 2783; baseline 0.003 -18"><span class='ocrx_word' id='word_1_342' title='bbox 178 2711 288 2783; x_wconf 91' lang='lat' dir='ltr'>aliquid</span> <span class='ocrx_word' id='word_1_343' title='bbox 305 2711 363 2766; x_wconf 94' lang='lat' dir='ltr'>ullo</span> <span class='ocrx_word' id='word_1_344' title='bbox 379 2711 466 2766; x_wconf 90' lang='lat' dir='ltr'>modo</span> <span class='ocrx_word' id='word_1_345' title='bbox 482 2712 638 2765; x_wconf 89' lang='lat' dir='ltr'>consentit.</span> <span class='ocrx_word' id='word_1_346' title='bbox 658 2732 669 2761; x_wconf 81' lang='grc' dir='ltr'>ι</span> <span class='ocrx_word' id='word_1_347' title='bbox 1063 2713 1186 2763; x_wconf 89' lang='lat' dir='ltr'>matrem</span> <span class='ocrx_word' id='word_1_348' title='bbox 1197 2708 1372 2781; x_wconf 85' lang='lat' dir='ltr'>Ecclesiam,</span> <span class='ocrx_word' id='word_1_349' title='bbox 1383 2713 1413 2765; x_wconf 93' lang='lat' dir='ltr'>ut</span> <span class='ocrx_word' id='word_1_350' title='bbox 1424 2711 1487 2780; x_wconf 90' lang='lat' dir='ltr'>ipsa</span> <span class='ocrx_word' id='word_1_351' title='bbox 1498 2728 1551 2781; x_wconf 90' lang='lat' dir='ltr'>pro</span> <span class='ocrx_word' id='word_1_352' title='bbox 1562 2715 1590 2767; x_wconf 91' lang='lat' dir='ltr'>te</span> <span class='ocrx_word' id='word_1_353' title='bbox 1602 2711 1704 2768; x_wconf 84' lang='lat' dir='ltr'>offerat</span> <span class='ocrx_word' id='word_1_354' title='bbox 1715 2713 1902 2771; x_wconf 81' lang='lat' dir='ltr'>sucrificium</span> 
     </span>
     <span class='ocr_line' id='line_1_28' title="bbox 215 2798 1902 2873; baseline 0.002 -19"><span class='ocrx_word' id='word_1_355' title='bbox 215 2801 291 2855; x_wconf 86' lang='lat' dir='ltr'>Leo:</span> <span class='ocrx_word' id='word_1_356' title='bbox 308 2822 318 2847; x_wconf 78' lang='lat' dir='ltr'>t</span> <span class='ocrx_word' id='word_1_357' title='bbox 331 2799 385 2864; x_wconf 92' lang='lat' dir='ltr'>Qui</span> <span class='ocrx_word' id='word_1_358' title='bbox 400 2799 475 2854; x_wconf 90' lang='lat' dir='ltr'>altos</span> <span class='ocrx_word' id='word_1_359' title='bbox 490 2799 527 2853; x_wconf 92' lang='lat' dir='ltr'>ab</span> <span class='ocrx_word' id='word_1_360' title='bbox 543 2814 645 2854; x_wconf 90' lang='lat' dir='ltr'>errore</span> <span class='ocrx_word' id='word_1_361' title='bbox 660 2815 724 2861; x_wconf 89' lang='lat' dir='ltr'>nou</span> <span class='ocrx_word' id='word_1_362' title='bbox 735 2802 864 2854; x_wconf 86' lang='lat' dir='ltr'>revocat.</span> <span class='ocrx_word' id='word_1_363' title='bbox 876 2799 1010 2870; x_wconf 90' lang='lat' dir='ltr'>seipsum</span> <span class='ocrx_word' id='word_1_364' title='bbox 1064 2801 1216 2869; x_wconf 89' lang='lat' dir='ltr'>acceptum</span> <span class='ocrx_word' id='word_1_365' title='bbox 1231 2798 1365 2853; x_wconf 89' lang='lat' dir='ltr'>Domino.</span> <span class='ocrx_word' id='word_1_366' title='bbox 1382 2799 1451 2853; x_wconf 89' lang='lat' dir='ltr'>Sola</span> <span class='ocrx_word' id='word_1_367' title='bbox 1466 2800 1543 2854; x_wconf 90' lang='lat' dir='ltr'>enim</span> <span class='ocrx_word' id='word_1_368' title='bbox 1562 2804 1608 2855; x_wconf 87' lang='lat' dir='ltr'>est</span> <span class='ocrx_word' id='word_1_369' title='bbox 1627 2816 1682 2871; x_wconf 89' lang='lat' dir='ltr'>per</span> <span class='ocrx_word' id='word_1_370' title='bbox 1696 2817 1785 2873; x_wconf 89' lang='lat' dir='ltr'>quam</span> <span class='ocrx_word' id='word_1_371' title='bbox 1800 2802 1902 2858; x_wconf 89' lang='lat' dir='ltr'>sacri·</span> 
     </span>
     <span class='ocr_line' id='line_1_29' title="bbox 177 2886 1902 2961; baseline 0.001 -16"><span class='ocrx_word' id='word_1_372' title='bbox 177 2904 279 2944; x_wconf 91' lang='lat' dir='ltr'>errare</span> <span class='ocrx_word' id='word_1_373' title='bbox 294 2889 486 2943; x_wconf 90' lang='lat' dir='ltr'>demonstrat.</span> <span class='ocrx_word' id='word_1_374' title='bbox 505 2908 516 2937; x_wconf 82' lang='grc' dir='ltr'>ι</span> <span class='ocrx_word' id='word_1_375' title='bbox 1064 2887 1163 2942; x_wconf 85' lang='lat' dir='ltr'>licium</span> <span class='ocrx_word' id='word_1_376' title='bbox 1179 2886 1306 2941; x_wconf 82' lang='lat' dir='ltr'>libenter</span> <span class='ocrx_word' id='word_1_377' title='bbox 1322 2888 1465 2943; x_wconf 91' lang='lat' dir='ltr'>Dominus</span> <span class='ocrx_word' id='word_1_378' title='bbox 1480 2889 1596 2959; x_wconf 83' lang='lat' dir='ltr'>accipit,</span> <span class='ocrx_word' id='word_1_379' title='bbox 1614 2889 1678 2944; x_wconf 88' lang='lat' dir='ltr'>sola</span> <span class='ocrx_word' id='word_1_380' title='bbox 1692 2905 1758 2961; x_wconf 84' lang='lat' dir='ltr'>quae</span> <span class='ocrx_word' id='word_1_381' title='bbox 1775 2905 1831 2960; x_wconf 91' lang='lat' dir='ltr'>pro</span> <span class='ocrx_word' id='word_1_382' title='bbox 1847 2907 1902 2946; x_wconf 88' lang='lat' dir='ltr'>er·</span> 
     </span>
     <span class='ocr_line' id='line_1_30' title="bbox 213 2975 1903 3051; baseline 0.002 -20"><span class='ocrx_word' id='word_1_383' title='bbox 213 2979 417 3048; x_wconf 74' lang='lat' dir='ltr'>Augustinus:</span> <span class='ocrx_word' id='word_1_384' title='bbox 431 3000 441 3025; x_wconf 75' lang='lat' dir='ltr'>a</span> <span class='ocrx_word' id='word_1_385' title='bbox 453 2975 595 3048; x_wconf 86' lang='lat' dir='ltr'>Quisquis</span> <span class='ocrx_word' id='word_1_386' title='bbox 610 2976 841 3047; x_wconf 71' lang='lat' dir='ltr'>matualiquiJ&#39;us</span> <span class='ocrx_word' id='word_1_387' title='bbox 855 2977 1009 3047; x_wconf 87' lang='lat' dir='ltr'>potestatis</span> <span class='ocrx_word' id='word_1_388' title='bbox 1064 2977 1198 3030; x_wconf 88' lang='lat' dir='ltr'>rentibus</span> <span class='ocrx_word' id='word_1_389' title='bbox 1222 2975 1395 3031; x_wconf 85' lang='lat' dir='ltr'>fiducialiter</span> <span class='ocrx_word' id='word_1_390' title='bbox 1422 2977 1592 3048; x_wconf 85' lang='lat' dir='ltr'>intercedit,</span> <span class='ocrx_word' id='word_1_391' title='bbox 1614 2982 1698 3034; x_wconf 81' lang='lat' dir='ltr'>extra</span> <span class='ocrx_word' id='word_1_392' title='bbox 1717 2995 1808 3050; x_wconf 87' lang='lat' dir='ltr'>quem</span> <span class='ocrx_word' id='word_1_393' title='bbox 1831 2980 1903 3051; x_wconf 89' lang='lat' dir='ltr'>qui-</span> 
     </span>
     <span class='ocr_line' id='line_1_31' title="bbox 179 3060 1901 3140; baseline 0.002 -19"><span class='ocrx_word' id='word_1_394' title='bbox 179 3068 333 3122; x_wconf 84' lang='lat' dir='ltr'>veritatem</span> <span class='ocrx_word' id='word_1_395' title='bbox 346 3067 485 3135; x_wconf 89' lang='lat' dir='ltr'>occultat,</span> <span class='ocrx_word' id='word_1_396' title='bbox 511 3067 584 3120; x_wconf 88' lang='lat' dir='ltr'>iram</span> <span class='ocrx_word' id='word_1_397' title='bbox 607 3066 660 3120; x_wconf 89' lang='lat' dir='ltr'>Dei</span> <span class='ocrx_word' id='word_1_398' title='bbox 683 3081 775 3138; x_wconf 88' lang='lat' dir='ltr'>super</span> <span class='ocrx_word' id='word_1_399' title='bbox 796 3082 830 3120; x_wconf 90' lang='lat' dir='ltr'>se</span> <span class='ocrx_word' id='word_1_400' title='bbox 850 3069 1007 3137; x_wconf 87' lang='lat' dir='ltr'>provocat,</span> <span class='ocrx_word' id='word_1_401' title='bbox 1025 3060 1181 3137; x_wconf 79' lang='lat' dir='ltr'>Cauoque</span> <span class='ocrx_word' id='word_1_402' title='bbox 1200 3065 1339 3120; x_wconf 88' lang='lat' dir='ltr'>inventus</span> <span class='ocrx_word' id='word_1_403' title='bbox 1361 3065 1459 3135; x_wconf 81' lang='lat' dir='ltr'>fuerit,</span> <span class='ocrx_word' id='word_1_404' title='bbox 1481 3066 1588 3136; x_wconf 88' lang='lat' dir='ltr'>peribit</span> <span class='ocrx_word' id='word_1_405' title='bbox 1610 3071 1751 3140; x_wconf 85' lang='lat' dir='ltr'>regnante</span> <span class='ocrx_word' id='word_1_406' title='bbox 1773 3068 1901 3139; x_wconf 83' lang='lat' dir='ltr'>diluvio,</span> 
     </span>
     <span class='ocr_line' id='line_1_32' title="bbox 178 3154 1903 3229; baseline 0.002 -19"><span class='ocrx_word' id='word_1_407' title='bbox 178 3158 248 3228; x_wconf 91' lang='lat' dir='ltr'>quia</span> <span class='ocrx_word' id='word_1_408' title='bbox 263 3156 359 3229; x_wconf 88' lang='lat' dir='ltr'>magis</span> <span class='ocrx_word' id='word_1_409' title='bbox 374 3156 455 3210; x_wconf 90' lang='lat' dir='ltr'>timet</span> <span class='ocrx_word' id='word_1_410' title='bbox 472 3156 621 3210; x_wconf 89' lang='lat' dir='ltr'>hominem</span> <span class='ocrx_word' id='word_1_411' title='bbox 635 3171 721 3227; x_wconf 90' lang='lat' dir='ltr'>quam</span> <span class='ocrx_word' id='word_1_412' title='bbox 737 3155 840 3210; x_wconf 88' lang='lat' dir='ltr'>Deum.</span> <span class='ocrx_word' id='word_1_413' title='bbox 856 3178 867 3203; x_wconf 73' lang='grc' dir='ltr'>ι</span> <span class='ocrx_word' id='word_1_414' title='bbox 1065 3158 1147 3209; x_wconf 88' lang='lat' dir='ltr'>extre</span> <span class='ocrx_word' id='word_1_415' title='bbox 1162 3169 1250 3225; x_wconf 89' lang='lat' dir='ltr'>quam</span> <span class='ocrx_word' id='word_1_416' title='bbox 1264 3154 1433 3225; x_wconf 86' lang='lat' dir='ltr'>quicunque</span> <span class='ocrx_word' id='word_1_417' title='bbox 1448 3171 1557 3227; x_wconf 91' lang='lat' dir='ltr'>agnum</span> <span class='ocrx_word' id='word_1_418' title='bbox 1572 3156 1742 3223; x_wconf 87' lang='lat' dir='ltr'>comederit,</span> <span class='ocrx_word' id='word_1_419' title='bbox 1753 3156 1903 3228; x_wconf 78' lang='lat' dir='ltr'>profanus</span> 
     </span>
     <span class='ocr_line' id='line_1_33' title="bbox 214 3241 1902 3317; baseline 0.001 -17"><span class='ocrx_word' id='word_1_420' title='bbox 214 3245 403 3317; x_wconf 87' lang='lat' dir='ltr'>Gregorius:</span> <span class='ocrx_word' id='word_1_421' title='bbox 422 3267 433 3295; x_wconf 79' lang='grc' dir='ltr'>ι</span> <span class='ocrx_word' id='word_1_422' title='bbox 451 3244 626 3299; x_wconf 87' lang='lat' dir='ltr'>Consentire</span> <span class='ocrx_word' id='word_1_423' title='bbox 642 3244 757 3298; x_wconf 89' lang='lat' dir='ltr'>videtur</span> <span class='ocrx_word' id='word_1_424' title='bbox 771 3245 890 3313; x_wconf 88' lang='lat' dir='ltr'>erranti,</span> <span class='ocrx_word' id='word_1_425' title='bbox 908 3245 958 3314; x_wconf 94' lang='lat' dir='ltr'>qui</span> <span class='ocrx_word' id='word_1_426' title='bbox 975 3245 1011 3299; x_wconf 89' lang='lat' dir='ltr'>ad</span> <span class='ocrx_word' id='word_1_427' title='bbox 1065 3246 1121 3311; x_wconf 87' lang='lat' dir='ltr'>est,</span> <span class='ocrx_word' id='word_1_428' title='bbox 1139 3243 1174 3297; x_wconf 92' lang='lat' dir='ltr'>de</span> <span class='ocrx_word' id='word_1_429' title='bbox 1199 3241 1287 3312; x_wconf 78' lang='lat' dir='ltr'>cujus</span> <span class='ocrx_word' id='word_1_430' title='bbox 1309 3243 1449 3298; x_wconf 84' lang='lat' dir='ltr'>carnibus</span> <span class='ocrx_word' id='word_1_431' title='bbox 1472 3244 1520 3299; x_wconf 89' lang='lat' dir='ltr'>lex</span> <span class='ocrx_word' id='word_1_432' title='bbox 1542 3242 1640 3300; x_wconf 80' lang='lat' dir='ltr'>efferri</span> <span class='ocrx_word' id='word_1_433' title='bbox 1662 3246 1743 3302; x_wconf 86' lang='lat' dir='ltr'>sores</span> <span class='ocrx_word' id='word_1_434' title='bbox 1757 3245 1902 3316; x_wconf 81' lang='lat' dir='ltr'>prohihet</span> 
     </span>
     <span class='ocr_line' id='line_1_34' title="bbox 178 3330 1902 3405; baseline 0.001 -16"><span class='ocrx_word' id='word_1_435' title='bbox 178 3334 342 3390; x_wconf 89' lang='lat' dir='ltr'>resecanda</span> <span class='ocrx_word' id='word_1_436' title='bbox 357 3337 388 3388; x_wconf 93' lang='lat' dir='ltr'>ut</span> <span class='ocrx_word' id='word_1_437' title='bbox 403 3333 515 3405; x_wconf 87' lang='lat' dir='ltr'>corrigi</span> <span class='ocrx_word' id='word_1_438' title='bbox 529 3334 670 3402; x_wconf 89' lang='lat' dir='ltr'>debeant,</span> <span class='ocrx_word' id='word_1_439' title='bbox 683 3349 742 3387; x_wconf 89' lang='lat' dir='ltr'>non</span> <span class='ocrx_word' id='word_1_440' title='bbox 758 3334 897 3388; x_wconf 88' lang='lat' dir='ltr'>occurrit.</span> <span class='ocrx_word' id='word_1_441' title='bbox 916 3356 926 3380; x_wconf 73' lang='lat' dir='ltr'><em>u</em></span> <span class='ocrx_word' id='word_1_442' title='bbox 944 3333 1012 3388; x_wconf 92' lang='lat' dir='ltr'>Non</span> <span class='ocrx_word' id='word_1_443' title='bbox 1064 3330 1162 3386; x_wconf 74' lang='lat' dir='ltr'>[dicad.</span> <span class='ocrx_word' id='word_1_444' title='bbox 1178 3331 1241 3401; x_wconf 80' lang='lat' dir='ltr'>xii).</span> <span class='ocrx_word' id='word_1_445' title='bbox 1259 3330 1291 3384; x_wconf 91' lang='lat' dir='ltr'>ln</span> <span class='ocrx_word' id='word_1_446' title='bbox 1312 3332 1413 3386; x_wconf 90' lang='lat' dir='ltr'>multis</span> <span class='ocrx_word' id='word_1_447' title='bbox 1437 3332 1556 3402; x_wconf 90' lang='lat' dir='ltr'>quidem</span> <span class='ocrx_word' id='word_1_448' title='bbox 1571 3333 1644 3389; x_wconf 90' lang='lat' dir='ltr'>estis</span> <span class='ocrx_word' id='word_1_449' title='bbox 1660 3348 1773 3403; x_wconf 89' lang='lat' dir='ltr'>secum,</span> <span class='ocrx_word' id='word_1_450' title='bbox 1789 3333 1847 3391; x_wconf 88' lang='lat' dir='ltr'>sed</span> <span class='ocrx_word' id='word_1_451' title='bbox 1868 3334 1902 3391; x_wconf 90' lang='lat' dir='ltr'>in</span> 
     </span>
     <span class='ocr_line' id='line_1_35' title="bbox 179 3418 1903 3494; baseline 0.001 -17"><span class='ocrx_word' id='word_1_452' title='bbox 179 3424 270 3494; x_wconf 86' lang='lat' dir='ltr'>igitur</span> <span class='ocrx_word' id='word_1_453' title='bbox 285 3422 492 3494; x_wconf 89' lang='lat' dir='ltr'>quodpropter</span> <span class='ocrx_word' id='word_1_454' title='bbox 501 3422 610 3477; x_wconf 92' lang='lat' dir='ltr'>bonum</span> <span class='ocrx_word' id='word_1_455' title='bbox 620 3425 648 3476; x_wconf 91' lang='lat' dir='ltr'>et</span> <span class='ocrx_word' id='word_1_456' title='bbox 664 3421 776 3475; x_wconf 91' lang='lat' dir='ltr'>licitum</span> <span class='ocrx_word' id='word_1_457' title='bbox 786 3421 921 3490; x_wconf 86' lang='lat' dir='ltr'>lecimus,</span> <span class='ocrx_word' id='word_1_458' title='bbox 934 3423 1011 3477; x_wconf 88' lang='lat' dir='ltr'>sicut</span> <span class='ocrx_word' id='word_1_459' title='bbox 1065 3418 1122 3474; x_wconf 91' lang='lat' dir='ltr'>hoc</span> <span class='ocrx_word' id='word_1_460' title='bbox 1138 3419 1227 3473; x_wconf 92' lang='lat' dir='ltr'>nolite</span> <span class='ocrx_word' id='word_1_461' title='bbox 1248 3419 1403 3491; x_wconf 83' lang='lat' dir='ltr'>gaudere:</span> <span class='ocrx_word' id='word_1_462' title='bbox 1427 3419 1502 3475; x_wconf 93' lang='lat' dir='ltr'>lllud</span> <span class='ocrx_word' id='word_1_463' title='bbox 1526 3422 1624 3491; x_wconf 90' lang='lat' dir='ltr'>potius</span> <span class='ocrx_word' id='word_1_464' title='bbox 1647 3423 1747 3478; x_wconf 88' lang='lat' dir='ltr'>timete</span> <span class='ocrx_word' id='word_1_465' title='bbox 1765 3421 1848 3494; x_wconf 83' lang='lat' dir='ltr'>quod</span> <span class='ocrx_word' id='word_1_466' title='bbox 1868 3421 1903 3479; x_wconf 77' lang='lat' dir='ltr'>in</span> 
     </span>
     <span class='ocr_line' id='line_1_36' title="bbox 179 3507 1903 3581; baseline 0.002 -15"><span class='ocrx_word' id='word_1_467' title='bbox 179 3512 322 3581; x_wconf 87' lang='lat' dir='ltr'>superius</span> <span class='ocrx_word' id='word_1_468' title='bbox 337 3511 446 3564; x_wconf 91' lang='lat' dir='ltr'>dietum</span> <span class='ocrx_word' id='word_1_469' title='bbox 462 3514 518 3580; x_wconf 90' lang='lat' dir='ltr'>est,</span> <span class='ocrx_word' id='word_1_470' title='bbox 530 3511 629 3580; x_wconf 81' lang='lat' dir='ltr'>nebia,</span> <span class='ocrx_word' id='word_1_471' title='bbox 639 3510 666 3563; x_wconf 91' lang='lat' dir='ltr'>si</span> <span class='ocrx_word' id='word_1_472' title='bbox 676 3510 747 3581; x_wconf 89' lang='lat' dir='ltr'>quid</span> <span class='ocrx_word' id='word_1_473' title='bbox 762 3511 837 3566; x_wconf 88' lang='lat' dir='ltr'>male</span> <span class='ocrx_word' id='word_1_474' title='bbox 852 3511 920 3566; x_wconf 91' lang='lat' dir='ltr'>inde</span> <span class='ocrx_word' id='word_1_475' title='bbox 934 3510 1011 3565; x_wconf 91' lang='lat' dir='ltr'>ecci·</span> <span class='ocrx_word' id='word_1_476' title='bbox 1065 3507 1170 3563; x_wconf 89' lang='lat' dir='ltr'>eodem</span> <span class='ocrx_word' id='word_1_477' title='bbox 1185 3507 1298 3577; x_wconf 88' lang='lat' dir='ltr'>psalmo</span> <span class='ocrx_word' id='word_1_478' title='bbox 1313 3509 1467 3580; x_wconf 87' lang='lat' dir='ltr'>sequitur:</span> <span class='ocrx_word' id='word_1_479' title='bbox 1483 3530 1494 3556; x_wconf 73' lang='lat' dir='ltr'>a</span> <span class='ocrx_word' id='word_1_480' title='bbox 1510 3508 1791 3567; x_wconf 77' lang='lat' dir='ltr'>contaminaverunt</span> <span class='ocrx_word' id='word_1_481' title='bbox 1804 3513 1903 3569; x_wconf 74' lang='lat' dir='ltr'>esta-</span> 
     </span>
     <span class='ocr_line' id='line_1_37' title="bbox 180 3596 1902 3670; baseline 0.002 -16"><span class='ocrx_word' id='word_1_482' title='bbox 180 3600 266 3669; x_wconf 90' lang='lat' dir='ltr'>derit,</span> <span class='ocrx_word' id='word_1_483' title='bbox 282 3599 482 3669; x_wconf 86' lang='lat' dir='ltr'>imputabitur.</span> <span class='ocrx_word' id='word_1_484' title='bbox 1065 3601 1196 3651; x_wconf 90' lang='lat' dir='ltr'>mentum</span> <span class='ocrx_word' id='word_1_485' title='bbox 1210 3596 1277 3668; x_wconf 78' lang='lat' dir='ltr'>ejus</span> <span class='ocrx_word' id='word_1_486' title='bbox 1291 3596 1386 3666; x_wconf 86' lang='lat' dir='ltr'>(Psal.</span> <span class='ocrx_word' id='word_1_487' title='bbox 1403 3599 1472 3667; x_wconf 85' lang='lat' dir='ltr'>niv).</span> <span class='ocrx_word' id='word_1_488' title='bbox 1491 3597 1598 3654; x_wconf 75' lang='lat' dir='ltr'>»Sicut</span> <span class='ocrx_word' id='word_1_489' title='bbox 1612 3615 1670 3655; x_wconf 93' lang='lat' dir='ltr'>non</span> <span class='ocrx_word' id='word_1_490' title='bbox 1685 3599 1902 3670; x_wconf 74' lang='lat' dir='ltr'>proluitrttato</span> 
     </span>
     <span class='ocr_line' id='line_1_38' title="bbox 215 3685 1903 3760; baseline 0 -17"><span class='ocrx_word' id='word_1_491' title='bbox 215 3688 299 3753; x_wconf 91' lang='lat' dir='ltr'>Quod</span> <span class='ocrx_word' id='word_1_492' title='bbox 309 3691 406 3744; x_wconf 88' lang='lat' dir='ltr'>autem</span> <span class='ocrx_word' id='word_1_493' title='bbox 415 3688 559 3760; x_wconf 86' lang='lat' dir='ltr'>dieis,qui</span> <span class='ocrx_word' id='word_1_494' title='bbox 569 3687 748 3744; x_wconf 86' lang='lat' dir='ltr'>universalis</span> <span class='ocrx_word' id='word_1_495' title='bbox 757 3687 901 3744; x_wconf 83' lang='lat' dir='ltr'>Ecclesiae</span> <span class='ocrx_word' id='word_1_496' title='bbox 911 3703 1012 3743; x_wconf 88' lang='lat' dir='ltr'>curam</span> <span class='ocrx_word' id='word_1_497' title='bbox 1066 3690 1094 3740; x_wconf 89' lang='lat' dir='ltr'>et</span> <span class='ocrx_word' id='word_1_498' title='bbox 1114 3685 1225 3741; x_wconf 89' lang='lat' dir='ltr'>Herodi</span> <span class='ocrx_word' id='word_1_499' title='bbox 1242 3686 1359 3741; x_wconf 83' lang='lat' dir='ltr'>vinctus</span> <span class='ocrx_word' id='word_1_500' title='bbox 1382 3691 1410 3742; x_wconf 88' lang='lat' dir='ltr'>et</span> <span class='ocrx_word' id='word_1_501' title='bbox 1432 3686 1598 3758; x_wconf 84' lang='lat' dir='ltr'>flagellatus</span> <span class='ocrx_word' id='word_1_502' title='bbox 1621 3686 1768 3758; x_wconf 87' lang='lat' dir='ltr'>Christus,</span> <span class='ocrx_word' id='word_1_503' title='bbox 1792 3689 1839 3743; x_wconf 89' lang='lat' dir='ltr'>sic</span> <span class='ocrx_word' id='word_1_504' title='bbox 1862 3687 1903 3747; x_wconf 72' lang='lat' dir='ltr'>ad</span> 
     </span>
     <span class='ocr_line' id='line_1_39' title="bbox 167 3773 1905 3849; baseline -0.001 -16"><span class='ocrx_word' id='word_1_505' title='bbox 167 3778 380 3848; x_wconf 78' lang='lat' dir='ltr'>suscipimus,</span> <span class='ocrx_word' id='word_1_506' title='bbox 400 3777 469 3833; x_wconf 91' lang='lat' dir='ltr'>licet</span> <span class='ocrx_word' id='word_1_507' title='bbox 491 3778 589 3847; x_wconf 88' lang='lat' dir='ltr'>inviti,</span> <span class='ocrx_word' id='word_1_508' title='bbox 611 3777 743 3849; x_wconf 90' lang='lat' dir='ltr'>nunquid</span> <span class='ocrx_word' id='word_1_509' title='bbox 766 3778 827 3831; x_wconf 90' lang='lat' dir='ltr'>vita</span> <span class='ocrx_word' id='word_1_510' title='bbox 846 3777 952 3832; x_wconf 90' lang='lat' dir='ltr'>comite</span> <span class='ocrx_word' id='word_1_511' title='bbox 975 3776 1012 3831; x_wconf 91' lang='lat' dir='ltr'>ed</span> <span class='ocrx_word' id='word_1_512' title='bbox 1065 3773 1244 3845; x_wconf 86' lang='lat' dir='ltr'>impietatem</span> <span class='ocrx_word' id='word_1_513' title='bbox 1259 3777 1287 3829; x_wconf 93' lang='lat' dir='ltr'>et</span> <span class='ocrx_word' id='word_1_514' title='bbox 1302 3775 1497 3845; x_wconf 88' lang='lat' dir='ltr'>perditionem</span> <span class='ocrx_word' id='word_1_515' title='bbox 1510 3781 1639 3832; x_wconf 84' lang='lat' dir='ltr'>vestram</span> <span class='ocrx_word' id='word_1_516' title='bbox 1653 3777 1749 3849; x_wconf 86' lang='lat' dir='ltr'>magis</span> <span class='ocrx_word' id='word_1_517' title='bbox 1763 3775 1905 3833; x_wconf 79' lang='lat' dir='ltr'>officiunt</span> 
     </span>
    </p>
   </div>
   <div class='ocr_carea' id='block_1_3' title="bbox 179 3865 1012 4384">
    <p class='ocr_par' dir='ltr' id='par_1_3' title="bbox 179 3865 1012 4208">
     <span class='ocr_line' id='line_1_40' title="bbox 179 3865 1011 3937; baseline -0.001 -16"><span class='ocrx_word' id='word_1_518' title='bbox 179 3870 239 3921; x_wconf 90' lang='lat' dir='ltr'>tam</span> <span class='ocrx_word' id='word_1_519' title='bbox 254 3867 381 3921; x_wconf 88' lang='lat' dir='ltr'>immune</span> <span class='ocrx_word' id='word_1_520' title='bbox 394 3865 511 3921; x_wconf 85' lang='lat' dir='ltr'>lacinus</span> <span class='ocrx_word' id='word_1_521' title='bbox 521 3867 652 3937; x_wconf 87' lang='lat' dir='ltr'>pertrahi</span> <span class='ocrx_word' id='word_1_522' title='bbox 660 3866 790 3921; x_wconf 90' lang='lat' dir='ltr'>debuisti</span> <span class='ocrx_word' id='word_1_523' title='bbox 805 3870 836 3920; x_wconf 91' lang='lat' dir='ltr'>ut</span> <span class='ocrx_word' id='word_1_524' title='bbox 850 3869 1011 3920; x_wconf 85' lang='lat' dir='ltr'>temerares</span> 
     </span>
     <span class='ocr_line' id='line_1_41' title="bbox 180 3954 1012 4027; baseline -0.005 -16"><span class='ocrx_word' id='word_1_525' title='bbox 180 3959 278 4012; x_wconf 89' lang='lat' dir='ltr'>torum</span> <span class='ocrx_word' id='word_1_526' title='bbox 293 3958 396 4012; x_wconf 90' lang='lat' dir='ltr'>matris</span> <span class='ocrx_word' id='word_1_527' title='bbox 411 3961 469 4012; x_wconf 83' lang='lat' dir='ltr'>tuae</span> <span class='ocrx_word' id='word_1_528' title='bbox 490 3961 518 4011; x_wconf 91' lang='lat' dir='ltr'>et</span> <span class='ocrx_word' id='word_1_529' title='bbox 537 3957 629 4027; x_wconf 87' lang='lat' dir='ltr'>patris</span> <span class='ocrx_word' id='word_1_530' title='bbox 653 3955 720 4010; x_wconf 82' lang='lat' dir='ltr'>tuit</span> <span class='ocrx_word' id='word_1_531' title='bbox 742 3954 778 4010; x_wconf 86' lang='lat' dir='ltr'>Et</span> <span class='ocrx_word' id='word_1_532' title='bbox 796 3957 822 4011; x_wconf 91' lang='lat' dir='ltr'>si</span> <span class='ocrx_word' id='word_1_533' title='bbox 842 3954 1012 4011; x_wconf 82' lang='lat' dir='ltr'>violentiam</span> 
     </span>
     <span class='ocr_line' id='line_1_42' title="bbox 179 4044 1011 4117; baseline -0.004 -16"><span class='ocrx_word' id='word_1_534' title='bbox 179 4047 368 4117; x_wconf 87' lang='lat' dir='ltr'>sustinuisti,</span> <span class='ocrx_word' id='word_1_535' title='bbox 394 4063 448 4102; x_wconf 91' lang='lat' dir='ltr'>cur</span> <span class='ocrx_word' id='word_1_536' title='bbox 476 4050 581 4101; x_wconf 90' lang='lat' dir='ltr'>sattem</span> <span class='ocrx_word' id='word_1_537' title='bbox 606 4044 670 4117; x_wconf 79' lang='lat' dir='ltr'>jam</span> <span class='ocrx_word' id='word_1_538' title='bbox 695 4045 808 4100; x_wconf 89' lang='lat' dir='ltr'>adulter</span> <span class='ocrx_word' id='word_1_539' title='bbox 837 4061 895 4100; x_wconf 90' lang='lat' dir='ltr'>non</span> <span class='ocrx_word' id='word_1_540' title='bbox 914 4045 1011 4099; x_wconf 79' lang='lat' dir='ltr'>resi-</span> 
     </span>
     <span class='ocr_line' id='line_1_43' title="bbox 179 4136 296 4208; baseline 0.017 -20"><span class='ocrx_word' id='word_1_541' title='bbox 179 4136 296 4208; x_wconf 75' lang='lat' dir='ltr'>piscis?</span> 
     </span>
    </p>

    <p class='ocr_par' dir='ltr' id='par_1_4' title="bbox 179 4223 1010 4384">
     <span class='ocr_line' id='line_1_44' title="bbox 213 4223 1010 4294; baseline -0.006 -13"><span class='ocrx_word' id='word_1_542' title='bbox 213 4227 296 4291; x_wconf 81' lang='lat' dir='ltr'>Quod</span> <span class='ocrx_word' id='word_1_543' title='bbox 313 4230 409 4281; x_wconf 87' lang='lat' dir='ltr'>autem</span> <span class='ocrx_word' id='word_1_544' title='bbox 425 4225 579 4293; x_wconf 87' lang='lat' dir='ltr'>obsecras,</span> <span class='ocrx_word' id='word_1_545' title='bbox 596 4224 782 4294; x_wconf 82' lang='lat' dir='ltr'>pertesum,</span> <span class='ocrx_word' id='word_1_546' title='bbox 799 4240 836 4279; x_wconf 89' lang='lat' dir='ltr'>ne</span> <span class='ocrx_word' id='word_1_547' title='bbox 849 4223 1010 4279; x_wconf 89' lang='lat' dir='ltr'>nobilissi-</span> 
     </span>
     <span class='ocr_line' id='line_1_45' title="bbox 179 4313 1010 4384; baseline -0.005 -13"><span class='ocrx_word' id='word_1_548' title='bbox 179 4333 257 4371; x_wconf 91' lang='lat' dir='ltr'>mam</span> <span class='ocrx_word' id='word_1_549' title='bbox 272 4317 447 4370; x_wconf 88' lang='lat' dir='ltr'>leminerum</span> <span class='ocrx_word' id='word_1_550' title='bbox 467 4315 592 4384; x_wconf 88' lang='lat' dir='ltr'>amplius</span> <span class='ocrx_word' id='word_1_551' title='bbox 612 4314 857 4383; x_wconf 89' lang='lat' dir='ltr'>circumveniam,</span> <span class='ocrx_word' id='word_1_552' title='bbox 874 4313 1010 4368; x_wconf 87' lang='lat' dir='ltr'>deludam</span> 
     </span>
    </p>
   </div>
   <div class='ocr_carea' id='block_1_4' title="bbox 1065 3862 1908 4382">
    <p class='ocr_par' dir='ltr' id='par_1_5' title="bbox 1065 3862 1345 3934">
     <span class='ocr_line' id='line_1_46' title="bbox 1065 3862 1345 3934; baseline 0.007 -18"><span class='ocrx_word' id='word_1_553' title='bbox 1065 3866 1252 3918; x_wconf 88' lang='lat' dir='ltr'>sacramenta</span> <span class='ocrx_word' id='word_1_554' title='bbox 1266 3862 1345 3934; x_wconf 83' lang='lat' dir='ltr'>ejus.</span> 
     </span>
    </p>

    <p class='ocr_par' dir='ltr' id='par_1_6' title="bbox 1065 3951 1908 4382">
     <span class='ocr_line' id='line_1_47' title="bbox 1101 3951 1905 4026; baseline 0.01 -21"><span class='ocrx_word' id='word_1_555' title='bbox 1101 3951 1174 4006; x_wconf 88' lang='lat' dir='ltr'>Cum</span> <span class='ocrx_word' id='word_1_556' title='bbox 1189 3951 1296 4006; x_wconf 86' lang='lat' dir='ltr'>ilduoia</span> <span class='ocrx_word' id='word_1_557' title='bbox 1311 3953 1378 4007; x_wconf 89' lang='lat' dir='ltr'>veni</span> <span class='ocrx_word' id='word_1_558' title='bbox 1393 3953 1429 4008; x_wconf 92' lang='lat' dir='ltr'>ad</span> <span class='ocrx_word' id='word_1_559' title='bbox 1445 3953 1654 4026; x_wconf 89' lang='lat' dir='ltr'>pinguedinem</span> <span class='ocrx_word' id='word_1_560' title='bbox 1669 3955 1771 4011; x_wconf 86' lang='lat' dir='ltr'>matris</span> <span class='ocrx_word' id='word_1_561' title='bbox 1788 3953 1905 4012; x_wconf 81' lang='lat' dir='ltr'>Eccle-</span> 
     </span>
     <span class='ocr_line' id='line_1_48' title="bbox 1066 4041 1905 4114; baseline 0.006 -19"><span class='ocrx_word' id='word_1_562' title='bbox 1066 4041 1131 4111; x_wconf 73' lang='lat' dir='ltr'>siae,</span> <span class='ocrx_word' id='word_1_563' title='bbox 1147 4057 1163 4095; x_wconf 85' lang='lat' dir='ltr'>a</span> <span class='ocrx_word' id='word_1_564' title='bbox 1178 4041 1267 4112; x_wconf 69' lang='lat' dir='ltr'>cuius</span> <span class='ocrx_word' id='word_1_565' title='bbox 1281 4043 1365 4097; x_wconf 91' lang='lat' dir='ltr'>utero</span> <span class='ocrx_word' id='word_1_566' title='bbox 1381 4043 1502 4114; x_wconf 90' lang='lat' dir='ltr'>errasti,</span> <span class='ocrx_word' id='word_1_567' title='bbox 1519 4049 1550 4098; x_wconf 91' lang='lat' dir='ltr'>ut</span> <span class='ocrx_word' id='word_1_568' title='bbox 1565 4043 1717 4100; x_wconf 87' lang='lat' dir='ltr'>coalescas</span> <span class='ocrx_word' id='word_1_569' title='bbox 1733 4045 1770 4100; x_wconf 89' lang='lat' dir='ltr'>ei.</span> <span class='ocrx_word' id='word_1_570' title='bbox 1787 4045 1905 4113; x_wconf 81' lang='lat' dir='ltr'>Potens</span> 
     </span>
     <span class='ocr_line' id='line_1_49' title="bbox 1065 4130 1907 4202; baseline 0.007 -19"><span class='ocrx_word' id='word_1_571' title='bbox 1065 4130 1145 4184; x_wconf 90' lang='lat' dir='ltr'>enim</span> <span class='ocrx_word' id='word_1_572' title='bbox 1160 4134 1206 4185; x_wconf 91' lang='lat' dir='ltr'>est</span> <span class='ocrx_word' id='word_1_573' title='bbox 1222 4130 1301 4186; x_wconf 86' lang='lat' dir='ltr'>Deus</span> <span class='ocrx_word' id='word_1_574' title='bbox 1316 4133 1421 4186; x_wconf 91' lang='lat' dir='ltr'>iterum</span> <span class='ocrx_word' id='word_1_575' title='bbox 1437 4136 1464 4187; x_wconf 90' lang='lat' dir='ltr'>te</span> <span class='ocrx_word' id='word_1_576' title='bbox 1479 4131 1623 4202; x_wconf 89' lang='lat' dir='ltr'>inserere,</span> <span class='ocrx_word' id='word_1_577' title='bbox 1636 4133 1683 4188; x_wconf 86' lang='lat' dir='ltr'>cui</span> <span class='ocrx_word' id='word_1_578' title='bbox 1696 4132 1769 4187; x_wconf 89' lang='lat' dir='ltr'>nihil</span> <span class='ocrx_word' id='word_1_579' title='bbox 1784 4135 1835 4189; x_wconf 88' lang='lat' dir='ltr'>est</span> <span class='ocrx_word' id='word_1_580' title='bbox 1847 4133 1907 4188; x_wconf 89' lang='lat' dir='ltr'>im·</span> 
     </span>
     <span class='ocr_line' id='line_1_50' title="bbox 1066 4220 1908 4295; baseline 0.001 -20"><span class='ocrx_word' id='word_1_581' title='bbox 1066 4220 1220 4295; x_wconf 89' lang='lat' dir='ltr'>possibile,</span> <span class='ocrx_word' id='word_1_582' title='bbox 1239 4223 1268 4275; x_wconf 86' lang='lat' dir='ltr'>et</span> <span class='ocrx_word' id='word_1_583' title='bbox 1283 4223 1362 4275; x_wconf 88' lang='lat' dir='ltr'>corte</span> <span class='ocrx_word' id='word_1_584' title='bbox 1383 4221 1522 4292; x_wconf 87' lang='lat' dir='ltr'>gaudebit</span> <span class='ocrx_word' id='word_1_585' title='bbox 1538 4222 1568 4276; x_wconf 92' lang='lat' dir='ltr'>in</span> <span class='ocrx_word' id='word_1_586' title='bbox 1582 4226 1624 4287; x_wconf 87' lang='lat' dir='ltr'>te,</span> <span class='ocrx_word' id='word_1_587' title='bbox 1642 4222 1794 4293; x_wconf 89' lang='lat' dir='ltr'>irruetque</span> <span class='ocrx_word' id='word_1_588' title='bbox 1809 4236 1908 4292; x_wconf 85' lang='lat' dir='ltr'>super</span> 
     </span>
     <span class='ocr_line' id='line_1_51' title="bbox 1067 4309 1907 4382; baseline -0.002 -16"><span class='ocrx_word' id='word_1_589' title='bbox 1067 4312 1174 4366; x_wconf 90' lang='lat' dir='ltr'>collum</span> <span class='ocrx_word' id='word_1_590' title='bbox 1191 4313 1288 4378; x_wconf 90' lang='lat' dir='ltr'>tuum,</span> <span class='ocrx_word' id='word_1_591' title='bbox 1305 4313 1334 4364; x_wconf 91' lang='lat' dir='ltr'>et</span> <span class='ocrx_word' id='word_1_592' title='bbox 1347 4309 1440 4379; x_wconf 87' lang='lat' dir='ltr'>prima</span> <span class='ocrx_word' id='word_1_593' title='bbox 1456 4310 1532 4364; x_wconf 88' lang='lat' dir='ltr'>stola</span> <span class='ocrx_word' id='word_1_594' title='bbox 1546 4309 1662 4380; x_wconf 90' lang='lat' dir='ltr'>induet,</span> <span class='ocrx_word' id='word_1_595' title='bbox 1678 4309 1907 4382; x_wconf 86' lang='lat' dir='ltr'>immolabitque</span> 
     </span>
    </p>
   </div>
   <div class='ocr_carea' id='block_1_5' title="bbox 180 4397 1910 4916">
    <p class='ocr_par' dir='ltr' id='par_1_7' title="bbox 180 4397 1910 4916">
     <span class='ocr_line' id='line_1_52' title="bbox 180 4397 1908 4475; baseline -0.003 -13"><span class='ocrx_word' id='word_1_596' title='bbox 180 4413 207 4462; x_wconf 88' lang='lat' dir='ltr'>ct</span> <span class='ocrx_word' id='word_1_597' title='bbox 227 4408 340 4475; x_wconf 87' lang='lat' dir='ltr'>lullum,</span> <span class='ocrx_word' id='word_1_598' title='bbox 365 4407 457 4459; x_wconf 88' lang='lat' dir='ltr'>Duum</span> <span class='ocrx_word' id='word_1_599' title='bbox 478 4407 583 4460; x_wconf 89' lang='lat' dir='ltr'>testem</span> <span class='ocrx_word' id='word_1_600' title='bbox 606 4405 722 4472; x_wconf 86' lang='lat' dir='ltr'>invoco,</span> <span class='ocrx_word' id='word_1_601' title='bbox 748 4403 820 4458; x_wconf 91' lang='lat' dir='ltr'>nihil</span> <span class='ocrx_word' id='word_1_602' title='bbox 842 4407 1008 4472; x_wconf 89' lang='lat' dir='ltr'>terrenum,</span> <span class='ocrx_word' id='word_1_603' title='bbox 1024 4410 1052 4472; x_wconf 81' lang='lat'>1)</span> <span class='ocrx_word' id='word_1_604' title='bbox 1068 4400 1191 4454; x_wconf 85' lang='lat' dir='ltr'>vitulum</span> <span class='ocrx_word' id='word_1_605' title='bbox 1207 4399 1375 4470; x_wconf 87' lang='lat' dir='ltr'>saginatum</span> <span class='ocrx_word' id='word_1_606' title='bbox 1399 4414 1452 4466; x_wconf 87' lang='lat' dir='ltr'>pro</span> <span class='ocrx_word' id='word_1_607' title='bbox 1475 4397 1535 4453; x_wconf 88' lang='lat' dir='ltr'>tilio</span> <span class='ocrx_word' id='word_1_608' title='bbox 1557 4399 1692 4471; x_wconf 91' lang='lat' dir='ltr'>prodigo.</span> <span class='ocrx_word' id='word_1_609' title='bbox 1708 4397 1908 4470; x_wconf 71' lang='lat' dir='ltr'>Omnipotens</span> 
     </span>
     <span class='ocr_line' id='line_1_53' title="bbox 180 4486 1909 4568; baseline -0.006 -16"><span class='ocrx_word' id='word_1_610' title='bbox 180 4498 311 4568; x_wconf 86' lang='lat' dir='ltr'>nihilque</span> <span class='ocrx_word' id='word_1_611' title='bbox 327 4495 444 4550; x_wconf 88' lang='lat' dir='ltr'>carnale</span> <span class='ocrx_word' id='word_1_612' title='bbox 460 4495 488 4547; x_wconf 90' lang='lat' dir='ltr'>iu</span> <span class='ocrx_word' id='word_1_613' title='bbox 505 4510 540 4547; x_wconf 88' lang='lat' dir='ltr'>ca</span> <span class='ocrx_word' id='word_1_614' title='bbox 552 4493 598 4547; x_wconf 92' lang='lat' dir='ltr'>vel</span> <span class='ocrx_word' id='word_1_615' title='bbox 614 4495 650 4548; x_wconf 89' lang='lat' dir='ltr'>eh</span> <span class='ocrx_word' id='word_1_616' title='bbox 666 4509 700 4546; x_wconf 88' lang='lat' dir='ltr'>ea</span> <span class='ocrx_word' id='word_1_617' title='bbox 715 4508 753 4546; x_wconf 89' lang='lat' dir='ltr'>ex</span> <span class='ocrx_word' id='word_1_618' title='bbox 768 4493 926 4546; x_wconf 89' lang='lat' dir='ltr'>intentione</span> <span class='ocrx_word' id='word_1_619' title='bbox 942 4507 1010 4546; x_wconf 92' lang='lat' dir='ltr'>con·</span> <span class='ocrx_word' id='word_1_620' title='bbox 1068 4491 1149 4544; x_wconf 89' lang='lat' dir='ltr'>Deus</span> <span class='ocrx_word' id='word_1_621' title='bbox 1164 4489 1213 4559; x_wconf 92' lang='lat' dir='ltr'>qui</span> <span class='ocrx_word' id='word_1_622' title='bbox 1229 4489 1291 4542; x_wconf 87' lang='lat' dir='ltr'>vult</span> <span class='ocrx_word' id='word_1_623' title='bbox 1306 4486 1452 4542; x_wconf 90' lang='lat' dir='ltr'>neminem</span> <span class='ocrx_word' id='word_1_624' title='bbox 1475 4489 1588 4557; x_wconf 85' lang='lat' dir='ltr'>perire,</span> <span class='ocrx_word' id='word_1_625' title='bbox 1610 4488 1661 4559; x_wconf 92' lang='lat' dir='ltr'>qui</span> <span class='ocrx_word' id='word_1_626' title='bbox 1684 4503 1775 4558; x_wconf 86' lang='lat' dir='ltr'>supra</span> <span class='ocrx_word' id='word_1_627' title='bbox 1791 4492 1909 4543; x_wconf 85' lang='lat' dir='ltr'>mater·</span> 
     </span>
     <span class='ocr_line' id='line_1_54' title="bbox 180 4576 1910 4659; baseline -0.005 -17"><span class='ocrx_word' id='word_1_628' title='bbox 180 4588 314 4658; x_wconf 87' lang='lat' dir='ltr'>eupieeo,</span> <span class='ocrx_word' id='word_1_629' title='bbox 322 4589 350 4640; x_wconf 93' lang='lat' dir='ltr'>et</span> <span class='ocrx_word' id='word_1_630' title='bbox 361 4585 426 4639; x_wconf 88' lang='lat' dir='ltr'>sine</span> <span class='ocrx_word' id='word_1_631' title='bbox 437 4583 658 4638; x_wconf 91' lang='lat' dir='ltr'>intermissione</span> <span class='ocrx_word' id='word_1_632' title='bbox 674 4597 726 4637; x_wconf 91' lang='lat' dir='ltr'>oro</span> <span class='ocrx_word' id='word_1_633' title='bbox 743 4585 773 4636; x_wconf 93' lang='lat' dir='ltr'>ut</span> <span class='ocrx_word' id='word_1_634' title='bbox 783 4581 820 4636; x_wconf 87' lang='lat' dir='ltr'>ab</span> <span class='ocrx_word' id='word_1_635' title='bbox 832 4582 888 4636; x_wconf 95' lang='lat' dir='ltr'>hoc</span> <span class='ocrx_word' id='word_1_636' title='bbox 899 4580 1010 4635; x_wconf 75' lang='lat' dir='ltr'>saeculo</span> <span class='ocrx_word' id='word_1_637' title='bbox 1068 4594 1138 4659; x_wconf 88' lang='lat' dir='ltr'>num</span> <span class='ocrx_word' id='word_1_638' title='bbox 1148 4592 1278 4632; x_wconf 88' lang='lat' dir='ltr'>amorem</span> <span class='ocrx_word' id='word_1_639' title='bbox 1289 4576 1386 4648; x_wconf 84' lang='lat' dir='ltr'>diligit</span> <span class='ocrx_word' id='word_1_640' title='bbox 1397 4579 1580 4646; x_wconf 89' lang='lat' dir='ltr'>peccateres,</span> <span class='ocrx_word' id='word_1_641' title='bbox 1597 4576 1740 4632; x_wconf 90' lang='lat' dir='ltr'>illuminet</span> <span class='ocrx_word' id='word_1_642' title='bbox 1755 4592 1810 4632; x_wconf 90' lang='lat' dir='ltr'>cor</span> <span class='ocrx_word' id='word_1_643' title='bbox 1821 4580 1910 4633; x_wconf 77' lang='lat' dir='ltr'>tuum</span> 
     </span>
     <span class='ocr_line' id='line_1_55' title="bbox 181 4664 1909 4747; baseline -0.005 -17"><span class='ocrx_word' id='word_1_644' title='bbox 181 4692 306 4747; x_wconf 90' lang='lat' dir='ltr'>nequam</span> <span class='ocrx_word' id='word_1_645' title='bbox 330 4675 386 4728; x_wconf 90' lang='lat' dir='ltr'>oito</span> <span class='ocrx_word' id='word_1_646' title='bbox 408 4672 481 4741; x_wconf 89' lang='lat' dir='ltr'>eripi</span> <span class='ocrx_word' id='word_1_647' title='bbox 504 4687 632 4739; x_wconf 87' lang='lat' dir='ltr'>merear,</span> <span class='ocrx_word' id='word_1_648' title='bbox 651 4672 740 4724; x_wconf 90' lang='lat' dir='ltr'>nimio</span> <span class='ocrx_word' id='word_1_649' title='bbox 765 4669 888 4725; x_wconf 81' lang='lat' dir='ltr'>allectus</span> <span class='ocrx_word' id='word_1_650' title='bbox 908 4670 1011 4738; x_wconf 88' lang='lat' dir='ltr'>taedio,</span> <span class='ocrx_word' id='word_1_651' title='bbox 1068 4667 1173 4739; x_wconf 78' lang='lat' dir='ltr'>gratiae</span> <span class='ocrx_word' id='word_1_652' title='bbox 1189 4681 1253 4720; x_wconf 86' lang='lat' dir='ltr'>suae</span> <span class='ocrx_word' id='word_1_653' title='bbox 1269 4664 1427 4735; x_wconf 88' lang='lat' dir='ltr'>splendere</span> <span class='ocrx_word' id='word_1_654' title='bbox 1452 4668 1480 4718; x_wconf 91' lang='lat' dir='ltr'>et</span> <span class='ocrx_word' id='word_1_655' title='bbox 1501 4665 1623 4720; x_wconf 89' lang='lat' dir='ltr'>reducat</span> <span class='ocrx_word' id='word_1_656' title='bbox 1638 4665 1675 4719; x_wconf 88' lang='lat' dir='ltr'>nd</span> <span class='ocrx_word' id='word_1_657' title='bbox 1689 4665 1766 4720; x_wconf 85' lang='lat' dir='ltr'>viam</span> <span class='ocrx_word' id='word_1_658' title='bbox 1782 4665 1909 4737; x_wconf 86' lang='lat' dir='ltr'>salutis,</span> 
     </span>
     <span class='ocr_line' id='line_1_56' title="bbox 180 4751 1910 4836; baseline -0.005 -17"><span class='ocrx_word' id='word_1_659' title='bbox 180 4766 248 4836; x_wconf 89' lang='lat' dir='ltr'>qnia</span> <span class='ocrx_word' id='word_1_660' title='bbox 259 4764 418 4819; x_wconf 87' lang='lat' dir='ltr'>incolatum</span> <span class='ocrx_word' id='word_1_661' title='bbox 429 4776 527 4816; x_wconf 91' lang='lat' dir='ltr'>meum</span> <span class='ocrx_word' id='word_1_662' title='bbox 537 4760 708 4831; x_wconf 89' lang='lat' dir='ltr'>prolongari</span> <span class='ocrx_word' id='word_1_663' title='bbox 718 4758 813 4829; x_wconf 87' lang='lat' dir='ltr'>(Psal.</span> <span class='ocrx_word' id='word_1_664' title='bbox 824 4766 903 4828; x_wconf 79' lang='lat' dir='ltr'>cxix)</span> <span class='ocrx_word' id='word_1_665' title='bbox 915 4758 1012 4828; x_wconf 88' lang='lat' dir='ltr'>video,</span> <span class='ocrx_word' id='word_1_666' title='bbox 1068 4760 1099 4810; x_wconf 90' lang='lat' dir='ltr'>ut</span> <span class='ocrx_word' id='word_1_667' title='bbox 1114 4768 1283 4827; x_wconf 89' lang='lat' dir='ltr'>cognoscas</span> <span class='ocrx_word' id='word_1_668' title='bbox 1294 4769 1361 4824; x_wconf 78' lang='lat' dir='ltr'>quae</span> <span class='ocrx_word' id='word_1_669' title='bbox 1376 4753 1415 4808; x_wconf 89' lang='lat' dir='ltr'>sit</span> <span class='ocrx_word' id='word_1_670' title='bbox 1429 4751 1566 4809; x_wconf 81' lang='lat' dir='ltr'>voluntas</span> <span class='ocrx_word' id='word_1_671' title='bbox 1581 4753 1649 4826; x_wconf 81' lang='lat' dir='ltr'>ejus</span> <span class='ocrx_word' id='word_1_672' title='bbox 1663 4753 1869 4824; x_wconf 80' lang='lat' dir='ltr'>beneplacens</span> <span class='ocrx_word' id='word_1_673' title='bbox 1876 4757 1910 4810; x_wconf 85' lang='lat' dir='ltr'>et</span> 
     </span>
     <span class='ocr_line' id='line_1_57' title="bbox 181 4843 1209 4916; baseline -0.012 -7"><span class='ocrx_word' id='word_1_674' title='bbox 181 4858 318 4912; x_wconf 88' lang='lat' dir='ltr'>serviens</span> <span class='ocrx_word' id='word_1_675' title='bbox 330 4855 376 4911; x_wconf 92' lang='lat' dir='ltr'>die</span> <span class='ocrx_word' id='word_1_676' title='bbox 387 4868 422 4907; x_wconf 84' lang='lat' dir='ltr'>ae</span> <span class='ocrx_word' id='word_1_677' title='bbox 432 4853 519 4905; x_wconf 90' lang='lat' dir='ltr'>nocte</span> <span class='ocrx_word' id='word_1_678' title='bbox 529 4851 560 4905; x_wconf 92' lang='lat' dir='ltr'>in</span> <span class='ocrx_word' id='word_1_679' title='bbox 571 4848 765 4905; x_wconf 87' lang='lat' dir='ltr'>custodiendo</span> <span class='ocrx_word' id='word_1_680' title='bbox 775 4849 854 4903; x_wconf 88' lang='lat' dir='ltr'>illam</span> <span class='ocrx_word' id='word_1_681' title='bbox 865 4849 925 4903; x_wconf 91' lang='lat' dir='ltr'>Deo</span> <span class='ocrx_word' id='word_1_682' title='bbox 937 4863 1013 4915; x_wconf 93' lang='lat' dir='ltr'>meo,</span> <span class='ocrx_word' id='word_1_683' title='bbox 1069 4843 1209 4916; x_wconf 84' lang='lat' dir='ltr'>perfecta.</span> 
     </span>
    </p>
   </div>
   <div class='ocr_carea' id='block_1_6' title="bbox 591 5030 1490 5132">
    <p class='ocr_par' dir='ltr' id='par_1_8' title="bbox 591 5030 1490 5132">
     <span class='ocr_line' id='line_1_58' title="bbox 591 5030 1490 5132; baseline -0.01 -1"><span class='ocrx_word' id='word_1_684' title='bbox 591 5039 845 5132; x_wconf 74' lang='lat' dir='ltr'>lNClPI&#39;l&#39;</span> <span class='ocrx_word' id='word_1_685' title='bbox 888 5034 1096 5129; x_wconf 72' lang='lat' dir='ltr'>hiltun</span> <span class='ocrx_word' id='word_1_686' title='bbox 1141 5030 1490 5124; x_wconf 73' lang='lat' dir='ltr'>SECUNDUS</span> 
     </span>
    </p>
   </div>
   <div class='ocr_carea' id='block_1_7' title="bbox 182 5243 1917 5786">
    <p class='ocr_par' dir='ltr' id='par_1_9' title="bbox 182 5243 1917 5786">
     <span class='ocr_line' id='line_1_59' title="bbox 218 5243 1910 5330; baseline -0.007 -16"><span class='ocrx_word' id='word_1_687' title='bbox 218 5256 509 5330; x_wconf 83' lang='lat' dir='ltr'>opitulanteltomini</span> <span class='ocrx_word' id='word_1_688' title='bbox 521 5257 574 5314; x_wconf 91' lang='lat' dir='ltr'>Dei</span> <span class='ocrx_word' id='word_1_689' title='bbox 584 5255 908 5327; x_wconf 88' lang='lat' dir='ltr'>nostriclementie,qui</span> <span class='ocrx_word' id='word_1_690' title='bbox 919 5270 975 5310; x_wconf 89' lang='lat' dir='ltr'>nos</span> <span class='ocrx_word' id='word_1_691' title='bbox 986 5257 1014 5308; x_wconf 88' lang='lat' dir='ltr'>ct</span> <span class='ocrx_word' id='word_1_692' title='bbox 1068 5243 1824 5321; x_wconf 75' lang='lat' dir='ltr'>libuerttjumtranslerro.ntusdiutiisoxordium</span> <span class='ocrx_word' id='word_1_693' title='bbox 1834 5259 1910 5319; x_wconf 81' lang='lat' dir='ltr'>pre·</span> 
     </span>
     <span class='ocr_line' id='line_1_60' title="bbox 184 5333 1909 5417; baseline -0.008 -13"><span class='ocrx_word' id='word_1_694' title='bbox 184 5364 341 5404; x_wconf 85' lang='lat' dir='ltr'>sormones</span> <span class='ocrx_word' id='word_1_695' title='bbox 353 5352 472 5404; x_wconf 88' lang='lat' dir='ltr'>nostros</span> <span class='ocrx_word' id='word_1_696' title='bbox 481 5364 535 5403; x_wconf 88' lang='lat' dir='ltr'>suo</span> <span class='ocrx_word' id='word_1_697' title='bbox 547 5348 673 5402; x_wconf 89' lang='lat' dir='ltr'>mirabili</span> <span class='ocrx_word' id='word_1_698' title='bbox 684 5349 756 5402; x_wconf 90' lang='lat' dir='ltr'>nutu</span> <span class='ocrx_word' id='word_1_699' title='bbox 767 5345 944 5417; x_wconf 86' lang='lat' dir='ltr'>regit‚atque</span> <span class='ocrx_word' id='word_1_700' title='bbox 954 5344 1014 5397; x_wconf 89' lang='lat' dir='ltr'>dis·</span> <span class='ocrx_word' id='word_1_701' title='bbox 1067 5336 1538 5408; x_wconf 83' lang='lat' dir='ltr'>traliamus‚inprimisdicendum</span> <span class='ocrx_word' id='word_1_702' title='bbox 1546 5333 1733 5406; x_wconf 85' lang='lat' dir='ltr'>videturque</span> <span class='ocrx_word' id='word_1_703' title='bbox 1744 5333 1909 5409; x_wconf 78' lang='lat' dir='ltr'>modoser-</span> 
     </span>
     <span class='ocr_line' id='line_1_61' title="bbox 183 5422 1909 5509; baseline -0.007 -16"><span class='ocrx_word' id='word_1_704' title='bbox 183 5438 275 5509; x_wconf 89' lang='lat' dir='ltr'>ponit,</span> <span class='ocrx_word' id='word_1_705' title='bbox 287 5437 471 5508; x_wconf 88' lang='lat' dir='ltr'>accingimur</span> <span class='ocrx_word' id='word_1_706' title='bbox 485 5437 667 5506; x_wconf 83' lang='lat' dir='ltr'>respondero</span> <span class='ocrx_word' id='word_1_707' title='bbox 681 5436 730 5491; x_wconf 93' lang='lat' dir='ltr'>his</span> <span class='ocrx_word' id='word_1_708' title='bbox 744 5436 795 5506; x_wconf 93' lang='lat' dir='ltr'>qui</span> <span class='ocrx_word' id='word_1_709' title='bbox 810 5433 910 5488; x_wconf 91' lang='lat' dir='ltr'>dicunt</span> <span class='ocrx_word' id='word_1_710' title='bbox 921 5432 1015 5504; x_wconf 81' lang='lat' dir='ltr'>regali</span> <span class='ocrx_word' id='word_1_711' title='bbox 1068 5431 1129 5482; x_wconf 92' lang='lat' dir='ltr'>tum</span> <span class='ocrx_word' id='word_1_712' title='bbox 1141 5431 1186 5481; x_wconf 87' lang='lat' dir='ltr'>cst</span> <span class='ocrx_word' id='word_1_713' title='bbox 1198 5426 1276 5497; x_wconf 93' lang='lat' dir='ltr'>quod</span> <span class='ocrx_word' id='word_1_714' title='bbox 1291 5425 1483 5479; x_wconf 85' lang='lat' dir='ltr'>beatissimus</span> <span class='ocrx_word' id='word_1_715' title='bbox 1500 5423 1607 5479; x_wconf 87' lang='lat' dir='ltr'>Petrus</span> <span class='ocrx_word' id='word_1_716' title='bbox 1622 5424 1777 5497; x_wconf 88' lang='lat' dir='ltr'>apostolus</span> <span class='ocrx_word' id='word_1_717' title='bbox 1787 5422 1909 5495; x_wconf 70' lang='lat' dir='ltr'>pinnas</span> 
     </span>
     <span class='ocr_line' id='line_1_62' title="bbox 183 5508 1910 5600; baseline -0.01 -16"><span class='ocrx_word' id='word_1_718' title='bbox 183 5520 1015 5600; x_wconf 66' lang='lat' dir='ltr'>potestatiChristiDcclesiamsubjacerenteiprosuoli-</span> <span class='ocrx_word' id='word_1_719' title='bbox 1070 5515 1214 5573; x_wconf 85' lang='lat' dir='ltr'>Ecclesiae</span> <span class='ocrx_word' id='word_1_720' title='bbox 1225 5514 1367 5586; x_wconf 85' lang='lat' dir='ltr'>pontifex,</span> <span class='ocrx_word' id='word_1_721' title='bbox 1378 5513 1462 5584; x_wconf 88' lang='lat' dir='ltr'>prins</span> <span class='ocrx_word' id='word_1_722' title='bbox 1470 5511 1717 5583; x_wconf 84' lang='lat' dir='ltr'>patriarchalibus</span> <span class='ocrx_word' id='word_1_723' title='bbox 1728 5508 1910 5588; x_wconf 76' lang='lat' dir='ltr'>sedibusD-</span> 
     </span>
     <span class='ocr_line' id='line_1_63' title="bbox 182 5598 1917 5688; baseline -0.01 -13"><span class='ocrx_word' id='word_1_724' title='bbox 182 5610 1016 5688; x_wconf 76' lang='lat' dir='ltr'>bituvelprece,velpretio,velgretisliceatpestoresim·</span> <span class='ocrx_word' id='word_1_725' title='bbox 1070 5598 1917 5676; x_wconf 78' lang='lat' dir='ltr'>riculis,postmodumveroprimosmisitpontihcesoivi·</span> 
     </span>
     <span class='ocr_line' id='line_1_64' title="bbox 184 5688 1911 5786; baseline -0.009 -20"><span class='ocrx_word' id='word_1_726' title='bbox 184 5704 442 5786; x_wconf 79' lang='lat' dir='ltr'>peuere,ejusque</span> <span class='ocrx_word' id='word_1_727' title='bbox 450 5704 665 5780; x_wconf 85' lang='lat' dir='ltr'>possessiones</span> <span class='ocrx_word' id='word_1_728' title='bbox 673 5703 721 5761; x_wconf 88' lang='lat' dir='ltr'>vel</span> <span class='ocrx_word' id='word_1_729' title='bbox 731 5702 761 5759; x_wconf 92' lang='lat' dir='ltr'>in</span> <span class='ocrx_word' id='word_1_730' title='bbox 773 5700 889 5775; x_wconf 86' lang='lat' dir='ltr'>sua,vel</span> <span class='ocrx_word' id='word_1_731' title='bbox 895 5699 925 5757; x_wconf 91' lang='lat' dir='ltr'>in</span> <span class='ocrx_word' id='word_1_732' title='bbox 931 5699 1020 5777; x_wconf 67' lang='lat' dir='ltr'>citius</span> <span class='ocrx_word' id='word_1_733' title='bbox 1074 5691 1368 5755; x_wconf 83' lang='lat' dir='ltr'>tatibusOccidentis.</span> <span class='ocrx_word' id='word_1_734' title='bbox 1385 5691 1446 5766; x_wconf 91' lang='lat' dir='ltr'>lpsi</span> <span class='ocrx_word' id='word_1_735' title='bbox 1455 5691 1533 5748; x_wconf 90' lang='lat' dir='ltr'>enim</span> <span class='ocrx_word' id='word_1_736' title='bbox 1544 5690 1610 5748; x_wconf 78' lang='lat' dir='ltr'>hee</span> <span class='ocrx_word' id='word_1_737' title='bbox 1622 5688 1911 5753; x_wconf 71' lang='lat' dir='ltr'>ordinationum·</span> 
     </span>
    </p>
   </div>
   <div class='ocr_carea' id='block_1_8' title="bbox 0 0 1970 6112">
    <p class='ocr_par' dir='ltr' id='par_1_10' title="bbox 0 0 1970 6112">
     <span class='ocr_line' id='line_1_65' title="bbox 0 0 1970 6112; baseline 0 0"><span class='ocrx_word' id='word_1_738' title='bbox 0 0 1970 6112; x_wconf 95' lang='lat' dir='ltr'> </span> 
     </span>
    </p>
   </div>
  </div>
 </body>
</html>
