3900 6112
188 280 404 347 HlS'l'OlllAE
425 281 822 351 NORTHMANNORUM
846 283 1146 352 treu100r0.-
1164 287 1291 353 LIBER
1312 291 1514 359 OCTAVUS.

1635 274 1707 381 ι’894

87 486 238 559 equitibus
254 484 427 556 sagittariis,
439 501 564 556 quorum
579 485 652 539 inibi
667 485 817 539 exercitus
833 470 860 535 ll
878 486 1016 556 princeps
1026 487 1091 541 suis
1107 488 1262 558 stipendiis
1279 491 1558 550 suffleeuternlebat
1575 499 1604 550 ot
1615 496 1707 552 donn-

87 575 260 630 ·maximam
275 573 491 628 multitudinem
508 574 644 643 babebat,
676 575 705 626 iu
719 575 821 628 dextra

87 664 209 720 nostium
223 663 400 732 praemissis,
418 662 528 717 clamor
544 666 574 717 ut
588 662 617 715 in
634 662 715 716 initio
730 662 821 716 bello-

87 752 146 807 olet
160 751 234 817 fieri,
261 752 399 821 utrinque
427 752 575 805 attollitur.
592 750 650 805 Sed
665 754 819 820 antequam

87 854 112 894 m
132 841 218 895 cunei
236 839 444 911 jungerentur,
456 856 526 908 pars
543 839 659 893 comitis
681 838 819 892 instantia

87 929 218 995 rriorum,
245 929 294 998 qui
318 943 382 982 eam
408 927 436 981 in
461 927 584 994 dextris,
606 928 657 980 ubi
678 927 819 982 carebant

89 1017 169 1072 tione
193 1017 374 1087 clypeorum,
401 1015 514 1086 absque
526 1015 680 1069 intervallo
695 1017 819 1086 sagitta-

87 1120 157 1176 pene
173 1103 333 1159 defecerat.
350 1103 525 1174 spaciosum
541 1109 623 1158 osset
638 1104 680 1158 irc
691 1120 744 1174 per
756 1104 820 1158 sin-

97 1194 152 1249 eed
181 1208 236 1247 nos
255 1193 292 1247 ad
308 1197 416 1247 caetera
435 1192 609 1247 festinantes
627 1193 669 1247 rei
684 1196 821 1246 eventum

88 1285 136 1337 cte
152 1282 325 1336 enodamus

87 1371 210 1441 litaque
232 1369 403 1438 certamine,
430 1370 616 1439 postmodum
646 1373 750 1439 captus
774 1371 820 1423 est

105 1458 331 1527 Walerannus3
357 1444 432 1527 capti
455 1464 523 1512 sunt
544 1459 630 1513 etiam
653 1473 756 1512 omnes
780 1458 822 1510 illi

87 1547 93 1603 l
106 1550 137 1603 et
148 1548 255 1602 divites
266 1548 375 1601 milites
385 1547 435 1617 qui
443 1545 469 1616 ej
474 1562 509 1601 ns
522 1548 608 1617 signa
619 1547 822 1616 sequebantur

87 1636 173 1708 liqui,
186 1640 343 1707 postquam
358 1637 387 1688 in
404 1651 510 1689 manus
523 1635 652 1690 bostium
664 1637 821 1704 uenerunt,

87 1724 426 1795 rtientibusquibusdam
437 1739 559 1778 suorum
569 1725 820 1793 necessariorum,

87 1826 107 1866 n
121 1811 255 1866 exercitu
268 1811 351 1881 regio
367 1810 516 1863 habebant

87 1915 170 1955 orum
176 1914 299 1952 numero
312 1897 366 1951 fuit
375 1898 541 1952 Almaricus
552 1914 653 1952 comes
663 1898 820 1953 Ebroiceu-

91 1986 265 2051 Willelmus
280 1987 422 2041 Lovcllus
438 1986 473 2040 de
490 1986 825 2042 lureiGcstumostau·

87 2092 116 2132 >c
126 2076 236 2131 bellum
251 2092 266 2129 a
278 2076 404 2130 ducibus
415 2076 535 2131 llcnriri
546 2076 628 2147 regis
644 2077 819 2148 nugatorum,

117 2164 330 2218 Wnlcrannum
361 2164 497 2218 comitem
526 2164 665 2230 lllellenli,
692 2181 767 2218 anno
785 2165 821 2218 ab

87 2253 190 2307 ratione
207 2253 322 2306 Domini
343 2251 422 2321 trel,
440 2268 480 2304 vu
507 2250 570 2305 Kal.
595 2251 718 2320 Aprilis,
745 2251 822 2305 lraud

87 2355 120 2395 a
144 2339 213 2393 villa
232 2354 320 2409 quam
335 2343 440 2393 vocant
465 2338 597 2410 Burgum
619 2338 750 2392 Turoldi.

279 2463 406 2517 CAPUT
433 2462 528 2517 XXll.

94 2588 260 2661 sagacitate
273 2587 351 2641 idem
364 2602 421 2641 rer
437 2593 550 2641 terram
561 2602 642 2640 suam
663 2584 788 2657 pacifice

339 2657 475 2729 repebat.

87 2767 239 2836 uleitaque
255 2765 437 2819 Waleranno
455 2765 484 2818 in
499 2763 627 2818 vinculis
648 2779 715 2817 cnm
730 2762 822 2818 sociis

87 2852 681 2924 rsito,rexchrieusturremWatcvillrc
690 2851 823 2906 funditus

87 2944 167 2998 rerti.
175 2942 287 3013 Oppido
297 2947 439 3012 praeterea
450 2941 618 2995 Brionniiri
628 2941 823 3011 potiusquam

87 3032 150 3087 arie
166 3030 332 3086 redditione
349 3030 406 3084 sibi
418 3028 590 3101 subjugato,
601 3045 668 3084 eum
683 3029 733 3100 qui
744 3029 822 3083 idern

87 3121 229 3192 aptioncm
245 3119 361 3173 comitis
380 3119 429 3173 diu
446 3121 588 3186 tenuerat,
606 3119 730 3173 orbitate
753 3134 822 3172 ocu·

95 3209 238 3264 multavit.
255 3208 339 3263 Unde
357 3208 516 3277 perterriti,
533 3207 585 3277 qui
601 3193 867 3261 castrumllelli·0

87 3299 278 3364 rservabant,
295 3312 331 3351 ne
348 3296 454 3350 similia
472 3299 652 3366 paterentur,
670 3296 741 3350 illud
758 3297 822 3367 regi

87 3390 186 3441 erunt.
218 3386 327 3440 Taliter
343 3386 432 3456 igilur
444 3386 521 3439 omni
544 3385 593 3439 illa
604 3385 824 3459 pertnrbntIonc

87 3515 93 3541 ,
122 3491 177 3529 rex
205 3478 262 3527 iam
280 3478 388 3528 terram
405 3475 521 3528 comitis
534 3491 621 3545 quam
637 3478 821 3544 caeterorum,

87 3579 119 3618 m
134 3565 253 3632 eocapti
265 3563 390 3631 fuerant,
404 3564 494 3617 insuo
503 3564 631 3617 dominio
643 3563 756 3617 habuit.
765 3562 823 3616 Sed

87 3699 88 3704 ,
110 3654 180 3722 post
200 3651 310 3722 aliquot
332 3668 426 3705 annos
447 3654 545 3705 comiti
561 3651 743 3706 Weleranno
759 3653 823 3705 data

92 3744 121 3795 et
135 3755 152 3793 a
167 3739 296 3793 vinculis
312 3740 445 3808 liberato,
458 3740 591 3794 redditus
601 3756 665 3794 suae
676 3744 762 3795 terrae
774 3741 823 3793 bn·

87 3829 211 3896 ermisil,
220 3829 398 3883 munitiones
406 3829 653 3898 tantumipsiusin
665 3845 728 3884 suae
736 3845 823 3882 manu

87 3916 825 3988 ns.Quidamveroconcaptivorum,qunndiuidern

89 4006 205 4060 umanis
235 4007 324 4060 rebus
348 4006 490 4075 interfuit,
504 4006 532 4058 in
544 4006 671 4059 vinculis
684 4007 823 4076 sirisper-

87 4098 170 4149 rrunt.
182 4095 225 4148 Ex
237 4110 294 4166 quo
311 4098 406 4149 autem
419 4110 519 4149 eomes
536 4093 663 4148 liellcnti
673 4094 702 4148 in
718 4111 824 4164 supra·

880 575 949 629 liris
960 580 1131 631 muneratos
1147 577 1319 647 honorabat,
1337 579 1396 634 illis
1408 581 1601 639 obsistebant.

1165 664 1290 720 CAPUT
1315 667 1418 723 XXlll.

882 770 957 836 Quid
972 771 1009 827 dc
1025 776 1188 843 trapezetis
1199 789 1257 843 per
1272 789 1384 828 ornnem
1407 775 1473 829 fere
1494 777 1633 848 Anglinm
1654 780 1708 836 do-

1001 844 1139 914 praratis
1154 844 1190 897 ob
1215 860 1343 898 aurorem
1356 846 1488 916 justitiae
1502 847 1584 902 fecit.

916 947 1055 1023 Referam
1083 950 1221 1020 quiddam
1242 951 1319 1021 quod
1348 953 1464 1022 accidit,
1485 953 1555 1008 dum
1570 957 1710 1025 praedicta

879 1036 1028 1091 discordia
1044 1037 1139 1091 adhuc
1155 1042 1361 1107 perseveraret
1375 1040 1452 1095 inter
1463 1057 1564 1114 regem
1578 1047 1607 1098 et
1621 1046 1710 1099 comi·

879 1130 937 1181 tem
952 1125 1091 1194 Malleoli,
1108 1127 1138 1180 in
1153 1143 1211 1197 quo
1227 1129 1414 1197 apparebitet
1428 1132 1573 1186 severitas
1585 1131 1710 1203 justitiae

879 1215 974 1284 ipsius
989 1216 1018 1269 in
1033 1214 1139 1284 impios
1155 1220 1183 1269 et
1199 1219 1382 1286 contemptus
1399 1219 1531 1287 pecuniae
1547 1220 1576 1273 irr
1589 1236 1709 1292 compa-

880 1305 991 1358 ratione
1020 1303 1214 1358 rectitudinis.
1243 1305 1314 1358 itum
1338 1305 1429 1377 igitur
1452 1307 1482 1362 in
1497 1308 1710 1365 Northmannia

878 1391 1710 1471 rebusbellieisintendensageret,acciditutnescioqua

878 1481 1071 1551 perversitate
1087 1481 1236 1552 depravati
1249 1483 1421 1538 omncsfere
1430 1487 1585 1554 trapezetae
1592 1487 1708 1558 Anglici

879 1571 962 1640 regni
988 1574 1134 1625 monetam
1156 1572 1320 1640 stanneum,
1346 1573 1454 1643 inqua
1476 1573 1525 1628 rix
1540 1576 1711 1645 tertiapars

878 1662 960 1713 esset
988 1664 1139 1729 argentea,
1152 1661 1329 1715 cumeadem
1342 1665 1457 1716 moneta
1469 1664 1527 1718 tota
1540 1680 1575 1718 ex
1583 1667 1707 1737 argento

879 1748 1071 1817 soleretsseri,
1088 1747 1274 1803 fabricarent.
1292 1748 1364 1804 Cum
1380 1766 1450 1805 rero
1461 1752 1496 1806 de
1514 1752 1616 1808 eadem
1633 1753 1709 1810 falsa

535 1810 603 1881 suga
622 1811 821 1864 ⁰¹³¹l⁰l0¹¹l¹¹¹⁸
840 1841 994 1904 Bmoneta
1012 1837 1044 1891 in
1059 1837 1302 1893 Northmanniam
1316 1838 1411 1894 deleta
1429 1840 1504 1912 regii
1520 1842 1709 1899 militesforte

879 1926 1262 1996 stipendiumnceepissent,
1272 1942 1327 1982 nec
1342 1928 1377 1982 de
1394 1943 1438 1998 ea,
1453 1930 1619 1999 utpotenon
1635 1931 1710 2004 legi·

879 2016 946 2070 tima
969 2015 1078 2087 aliquid
1103 2030 1202 2070 emere
1228 2017 1371 2087 valerent,
1401 2016 1529 2074 falsitate
1553 2018 1621 2091 ejus
1643 2036 1713 2076 con·

879 2106 977 2175 questi
992 2109 1061 2159 sunt
1071 2105 1148 2174 apud
1160 2106 1375 2176 regemlratus
1387 2121 1459 2178 ergo
1475 2123 1538 2175 rex,
1555 2111 1712 2179 etpropter

879 2194 1002 2247 militnm
1018 2208 1151 2261 snorum,
1165 2193 1313 2264 injuriam,
1332 2195 1428 2266 magis
1443 2201 1540 2251 autem
1560 2196 1597 2251 ob
1616 2195 1711 2268 justi-

878 2282 946 2336 tiam
963 2284 1144 2350 temeratam,
1171 2283 1346 2337 sententiam
1368 2283 1504 2353 dietavitg
1524 2286 1667 2341 mandans
1683 2290 1712 2341 et

878 2370 1056 2442 praecipiens
1067 2370 1313 2440 illisquosiusuo
1321 2371 1386 2426 loeo
1395 2372 1538 2445 inbnglia
1546 2373 1709 2444 dimiserat,

879 2464 909 2514 ut
919 2474 1023 2514 omues
1035 2459 1305 2530 nummulariosqui
1316 2459 1711 2534 hujusimpietatisjuetear·

877 2550 929 2621 gui
938 2548 1078 2618 valerent,
1087 2548 1255 2603 abscisione
1263 2549 1430 2604 dextrarum
1438 2565 1710 2620 manuum,necnon

878 2643 906 2692 ct
920 2635 1090 2709 genitalium
1097 2637 1295 2693 membrorum
1307 2638 1542 2694 multarentur.0
1555 2640 1650 2695 virum
1660 2641 1711 2696 dc·

878 2722 1029 2781 fe'nsorem
1042 2725 1166 2796 justitiae
1182 2730 1209 2780 et
1224 2726 1387 2797 iniquitatis
1402 2728 1579 2784 acerrimum
1590 2729 1709 2800 punito-

877 2831 938 2869 rem
951 2813 993 2869 lO
1008 2815 1035 2869 si
1046 2816 1134 2869 vellet
1142 2815 1373 2885 redemptionem
1389 2817 1523 2887 accipere
1538 2834 1593 2888 pro
1604 2821 1646 2874 tot
1661 2818 1712 2874 lro·

877 2905 987 2958 minum
1001 2903 1158 2974 impiorum
1178 2904 1328 2974 membris,
1346 2908 1452 2976 quanta
1468 2907 1558 2962 millia
1583 2908 1710 2964 talento-

877 3009 942 3047 rum
962 2997 1066 3063 posset
1080 2992 1147 3047 inde
1163 2990 1289 3047 lnernril
1306 2992 1375 3064 Sed,
1392 2997 1424 3048 ut
1438 2995 1578 3067 diximus,
1596 2999 1710 3068 sprevit

876 3081 1031 3152 pecuniam
1042 3081 1286 3152 amorejustitiae.

1160 3189 1285 3244 CAPUT
1320 3189 1423 3244 XXlV.

877 3292 920 3346 Dc
936 3290 1018 3346 obitu
1033 3289 1176 3345 ii'illelmi
1186 3290 1305 3346 abbatis
1313 3291 1477 3346 Buccerrsis
1488 3298 1517 3348 et
1528 3291 1566 3349 de
1575 3291 1710 3351 bonitate

994 3360 1178 3417 venerabilis
1192 3362 1319 3417 Bosouis
1335 3366 1521 3418 successoris
1537 3365 1594 3420 sui.

914 3468 1245 3537 Hoetemporemoritur
1261 3465 1430 3523 Willelmus
1442 3470 1707 3528 abbaslleecensis

879 3562 906 3614 ct
922 3559 1055 3613 succedit
1075 3559 1201 3611 domnus
1231 3557 1319 3628 Boso,
1342 3557 1451 3630 dequo
1471 3561 1595 3614 venitin
1617 3559 1708 3632 litem,

878 3648 984 3718 plusne
1000 3648 1038 3702 sit
1054 3647 1176 3702 meritus
1188 3646 1710 3723 bominumrevorentiamatqueglo-

879 3738 963 3801 riam,
980 3735 1170 3790 surcularium
1185 3752 1219 3790 ac
1235 3736 1435 3806 spiritualium
1450 3751 1550 3791 rerum
1565 3738 1712 3809 singulari

879 3824 993 3894 peritia,
1011 3840 1046 3878 an
1058 3824 1171 3879 ordinis
1187 3825 1343 3878 monastici
1353 3824 1499 3896 singulari
1510 3826 1708 3882 observantia.

880 3912 965 3968 Hunc
981 3912 1098 3984 plurimi
1113 3917 1259 3984 polentae,
1276 3917 1334 3966 tam
1350 3913 1489 3969 saeculari
1502 3918 1592 3986 'quam
1613 3914 1711 3972 eccle·

879 4001 1000 4057 siastien
1030 4002 1171 4073 dignitate
1200 4002 1361 4074 fulgentes,
1396 4003 1496 4056 intima
1511 4002 1709 4061 familiaritate

879 4091 1025 4159 colebant,
1042 4093 1072 4144 nt
1083 4094 1195 4160 petrem
1210 4095 1399 4162 venerantes,
1415 4094 1710 4163 verentesutpraece·

87 4182 213 4237 conflictu
225 4187 329 4252 eaptus
338 4186 393 4251 est,
404 4186 462 4237 tam
477 4183 505 4235 iu
526 4182 634 4237 ducatu
645 4182 825 4238 Northman·
878 4183 1003 4250 plorem,
1015 4179 1173 4250 diligentes
1180 4179 1573 4250 utgermanum,aeprolem.
1584 4179 1711 4235 lllicon-

87 4272 193 4327 1amin
219 4287 313 4343 regno
336 4271 451 4343 Anglioe
467 4286 519 4341 per
533 4274 625 4325 lotum
649 4271 825 4326 decennium
877 4269 954 4324 suita
970 4268 1132 4322 animarum
1153 4283 1284 4337 suarum,
1311 4267 1352 4321 illi
1373 4267 1525 4338 speculam
1540 4268 1709 4339 quemdam,

87 4378 118 4416 ex
134 4361 284 4415 flenrieus
299 4360 474 4429 supervixit,
493 4375 607 4414 summa
632 4377 687 4430 pax
711 4360 824 4432 viguit3
877 4357 954 4412 unde
967 4357 1123 4412 ordinibus
1138 4355 1355 4411 ecclesiasticis
1378 4357 1610 4428 prospiceretur,
1628 4372 1710 4412 com-

87 4466 179 4522 nepos
212 4448 279 4520 ejus
310 4449 480 4502 willelmus
506 4464 597 4518 parvo
619 4453 825 4519 temporeque
879 4446 1040 4501 mittebant.
1054 4446 1349 4518 Potuitnamqueviri
1361 4445 1712 4518 talisvigilanscura,cui

87 4542 160 4593 rtum
176 4537 379 4592 Flaudriarum
393 4537 494 4606 tenuit,
506 4552 569 4590 eam
584 4538 757 4607 perturbare
771 4553 825 4608 pro
838 4536 1005 4609 nmaxima
1019 4535 1224 4589 auctoritatem
1250 4533 1404 4606 sapientiae
1426 4535 1538 4605 pariter
1552 4551 1587 4591 ac
1598 4535 1711 4590 sancti-

87 4642 147 4682 rsse
163 4629 324 4697 satageret.
341 4625 399 4679 Sed
416 4642 483 4680 eum
499 4626 620 4695 sapiens
637 4643 689 4681 rex
705 4627 826 4681 miseri-

87 4718 131 4770 .et
147 4715 261 4769 divitiis
272 4712 334 4767 fere
350 4713 487 4767 omnibus
505 4714 701 4783 suitcmporis
717 4715 826 4785 princi·

88 4803 258 4871 excelleret,
272 4802 475 4856 altcroeorum
485 4802 600 4856 scilicet
610 4802 822 4870 misericordia,

87 4892 130 4946 riis
145 4894 175 4945 et
186 4891 377 4945 monasteriis
392 4891 572 4960 pauperibus
582 4891 752 4945 hominibus
762 4907 825 4945 sure

92 4979 351 5035 condescendebat
363 4993 370 5046 3
383 4978 474 5032 altero
489 4994 570 5045 vero,
583 4978 610 5032 id
621 4981 666 5033 cst
677 4978 825 5049 opulentia

86 5068 329 5135 uoruminiluita,
341 5067 641 5137 plurimasccnlurias
656 5068 780 5121 militum
796 5069 826 5121 in

87 5157 204 5212 rislocis
212 5155 348 5209 hostibus
356 5156 530 5225 propinquis
540 5157 704 5224 opponebat
716 5157 764 5226 qui
773 5171 825 5210 eos

87 5262 123 5301 na
138 5245 345 5312 ecelesiarum,
363 5245 408 5298 vel
419 5260 591 5314 pauperum,
603 5246 666 5298 acie
682 5245 754 5299 ferri
780 5262 827 5300 re·

87 5337 142 5390 ent.
160 5333 244 5388 Unde
261 5332 431 5388 factumest
448 5338 478 5386 ut
489 5349 555 5386 raro
572 5334 658 5387 etiarn
678 5335 726 5388 illa
748 5336 825 5388 terra

87 5424 91 5477 i
103 5423 232 5495 Augusti
246 5421 376 5492 tierrici,
394 5437 460 5492 quae
473 5421 502 5474 in
514 5422 640 5475 confinio
653 5426 826 5478 emtor-nrum

87 5512 211 5567 reiorum
222 5515 294 5581 erat,
305 5511 403 5581 aliqua
412 5510 513 5565 hostili
524 5511 645 5565 laesione
657 5511 825 5586 laederetur,

878 4626 945 4679 talis
960 4624 1158 4696 praerogativa
1174 4624 1355 4695 comparavit
1371 4625 1560 4681 securitatem
1575 4640 1634 4680 non
1645 4638 1711 4695 par·

879 4711 1068 4783 varnoptimn
1076 4711 1376 4767 sollieitudinieorum
1384 4712 1562 4782 promittere.
1576 4711 1672 4781 Hune,
1681 4713 1713 4766 ut

881 4801 1712 4873 diximus,rexHenrieus,imogeneralistotiusconren-

879 4888 1711 4958 tusconsensusruonasteriiBeccensisabbatemstatuit,

881 4995 937 5033 non
953 4980 1050 5035 minus
1067 4981 1259 5035 reluctantem
1274 4978 1470 5050 subjectionis
1485 4994 1596 5048 amore,
1625 4993 1714 5050 quam

881 5068 995 5123 altioris
1007 5070 1118 5140 gradus
1134 5071 1249 5124 timore.
1263 5070 1448 5123 Venerantur
1461 5083 1528 5123 eum
1538 5070 1713 5123 reverentes

880 5158 1014 5228 abbates,
1030 5159 1219 5227 monasteria,
1236 5157 1353 5229 synodi,
1370 5157 1472 5227 curiae,
1483 5160 1514 5212 ut
1526 5157 1712 5227 prudentem,

881 5247 1189 5318 itaqueeloquentem;
1202 5250 1232 5301 ut
1238 5246 1362 5318 justum,
1376 5246 1413 5300 ita
1426 5245 1715 5302 discretum.Gustat

881 5336 1062 5408 hieimperio
1079 5340 1201 5405 nature,
1218 5352 1276 5390 non
1287 5335 1441 5407 epulatur3
1457 5336 1571 5408 quinee
1579 5333 1713 5405 pecuniae

881 5441 1019 5496 umquam
1034 5425 1150 5480 favebat
1166 5425 1212 5478 rel
1228 5424 1342 5496 gratiae,
1355 5424 1460 5480 sivein
1472 5423 1597 5494 judicio,
1608 5422 1714 5479 sivein

881 5514 1006 5570 concilio
1017 5514 1193 5570 sententiam
1205 5512 1319 5568 dicens.
1330 5512 1457 5569 Exhibat
1472 5527 1506 5569 se
1523 5511 1664 5569 blandum
1679 5525 1715 5564 no

87 5616 119 5656 na
146 5600 208 5670 illa,
235 5615 302 5672 quae
330 5600 366 5654 ab
396 5600 441 5654 eis
456 5599 544 5671 longe
562 5600 769 5671 aberat3qnia,
796 5605 828 5656 nt
880 5618 1029 5671 severum,
1046 5602 1258 5660 decentissima
1271 5602 1302 5658 in
1316 5600 1715 5675 alterutrumpermutatione

87 5693 165 5764 uest,
173 5687 547 5764 multitudomilitum,quos
555 5689 826 5750 excellentissimus

879 5691 1000 5750 mallius
1025 5690 1168 5766 hominis,
1185 5690 1283 5750 omnis
1297 5692 1361 5750 vitii
1377 5692 1510 5751 clemens
1524 5688 1714 5771 perseeutor,
