3900 6112
159 303 219 366 963
474 324 477 331 ·
803 307 995 373 VICTORIS
1017 308 1061 371 111
1083 309 1209 371 PAPAE
1791 309 1854 373 964

162 505 252 560 irater
267 511 295 561 et
309 509 479 579 coepiscope
493 510 596 561 noster
607 509 694 575 Ursa,
707 509 825 579 tuisque
836 492 1203 580 successoAdep....bis
1231 513 1280 567 aut
1306 515 1352 565 ter
1380 511 1520 589 canoniea
1559 508 1754 579 compellatus
1784 509 1882 576 luerit,

159 594 245 649 ribus
257 595 285 648 in
300 600 474 666 perpetuum
489 597 629 666 quidquid
643 597 678 649 ml
696 596 901 672 [lavellenscm
917 599 991 653 civi·
1050 600 1107 653 nisi
1123 600 1302 654 satisfecerit
1319 599 1418 654 sed...
1435 598 1544 652 malitia
1559 597 1735 668 perstiterit,
1751 612 1821 651 eum
1836 613 1883 651 ex·

159 685 246 736 tatem
262 684 585 754 episcopalidignitatis
606 685 717 738 honore
733 686 850 739 noviter
869 687 993 758 insigni·
1050 689 1295 743 communicatum
1304 691 1331 741 et
1340 687 1506 741 damnatum
1514 700 1583 741 esse
1592 686 1881 740 censemus.Damus

157 772 217 823 tam
237 770 284 824 vel
311 772 456 841 pertinere
485 772 520 825 ad
546 788 694 842 praesenS,
726 773 772 827 vel
803 775 880 844 quod
906 777 993 830 etiam
1047 773 1881 846 autemtibituisquesuccessoribusliberampotestatcm

158 857 993 934 tuturistemporibusjusteacquisieritis,utJ'ureepisco·
1047 860 1876 934 indimcesivastraabsquaalicujuseon...chrismacon·

158 947 216 1015 pali
230 946 374 1017 habeatis,
391 949 541 1002 retineatis
557 955 584 1003 et
599 951 791 1019 possideatis
814 950 922 1022 Siquis
938 969 992 1008 au·
1047 951 1587 1023 ficere,ecclesiasdedicara,elericos
1611 950 1877 1022 ordinare,etqnid·

156 1035 215 1088 tem
230 1035 278 1089 vel
294 1052 357 1104 rex,
369 1037 416 1090 vel
432 1038 573 1105 marchio,
585 1039 632 1092 vol
643 1039 712 1107 dux,
726 1039 773 1093 vel
783 1041 932 1110 princepe,
945 1042 993 1096 vel
1046 1043 1116 1114 quid
1131 1043 1321 1112 episcopatus
1337 1045 1383 1095 est
1397 1040 1510 1095 ordinis
1526 1039 1689 1094 celebrare.

155 1123 307 1192 patricius,
338 1125 382 1178 vol
410 1140 521 1191 comcs,
544 1127 590 1180 vel
616 1129 793 1197 vicecomes,
817 1144 872 1183 seu
895 1130 992 1200 aliqua
1082 1133 1186 1185 Datum
1200 1131 1307 1198 Capuae
1321 1144 1535 1200 parmenus...
1552 1126 1724 1198 Signiensis
1735 1127 1865 1197 episcopi,

156 1224 262 1281 magna
273 1227 422 1282 parvaque
435 1229 564 1281 persona
579 1216 768 1271 contra'hane
777 1220 871 1273 nostri
882 1218 993 1273 decreti
1047 1221 1187 1275 Romanae
1203 1234 1273 1273 vero
1286 1217 1431 1271 Ecclesiae
1442 1215 1670 1284 bibliothecarii,
1687 1230 1764 1269 anno
1778 1215 1814 1269 ab
1828 1215 1863 1270 ln-

156 1299 338 1353 sanctionem
354 1317 443 1371 agere
476 1307 710 1374 praesumpserit,
734 1307 960 1377 primoquidem
976 1324 991 1361 a
1047 1312 1156 1362 carnal.
1179 1307 1213 1362 D.
1230 1306 1266 1361 N.
1284 1308 1310 1361 l.
1327 1305 1359 1360 C.
1376 1303 1460 1371 1108&
1483 1320 1559 1359 anno
1573 1301 1676 1357 varoi
1701 1302 1864 1374 pontificatus

155 1385 267 1441 Christi
277 1403 402 1458 corpore
415 1395 443 1444 et
452 1392 607 1463 sanguinis
619 1396 824 1450 communione
836 1400 991 1466 separatus
1046 1397 1080 1451 D.
1099 1396 1226 1450 Victoris
1246 1394 1285 1448 lll
1300 1410 1394 1464 papae,
1415 1393 1517 1448 indict.
1534 1411 1562 1446 x.

506 1647 1035 1789 wasonis
1073 1650 1203 1786 111
1241 1649 1568 1787 PAPAE

923 1899 1098 1967 CONCIO.

158 1535 304 1549 t—u-

717 2084 838 2146 Habitu
861 2086 894 2146 ia
916 2085 1041 2164 synodo
1064 2083 1302 2163 Beneventano,

252 2262 298 2324 De
319 2260 524 2326 damnatione
546 2265 704 2341 Guiberti;
728 2265 765 2327 do
786 2264 967 2328 recentibus
989 2265 1205 2328 schismaticis
1226 2265 1376 2329 vitandis.
1402 2301 1439 2315 -
1459 2266 1593 2329 Concilii
1619 2287 1769 2330 canones.

689 2447 813 2516 (aanor.
834 2446 942 2501 Annal.
965 2446 1002 2501 ad
1017 2463 1064 2503 an.
1085 2446 1163 2513 1087,
1186 2451 1255 2504 tom.
1276 2450 1338 2521 xl.)

191 2715 279 2768 Novit
287 2717 385 2769 vestra
393 2711 813 2778 dilecti0,charissimisratras
821 2708 989 2780 coepiscopi
1004 2705 1097 2766 Best.
1113 2708 1171 2763 Sed
1186 2709 1393 2780 omnipotentis
1410 2710 1463 2765 Dei
1474 2713 1602 2782 potentia
1613 2715 1751 2786 cumjam
1765 2716 1876 2770 dietum

155 2800 262 2873 (noque
278 2803 347 2856 latet
371 2803 473 2857 orbem
489 2800 683 2870 universum),
701 2800 803 2853 sancta
821 2800 990 2853 Romanaet
1041 2797 1217 2870 Gregorium
1239 2798 1408 2869 pontificem
1435 2805 1503 2869 post
1518 2801 1637 2857 labores
1656 2820 1691 2858 ae
1716 2805 1877 2860 certamina

154 2891 317 2958 apostolica
341 2891 440 2956 sedes,
461 2891 508 2944 cni
528 2890 589 2944 lleo
606 2892 725 2943 auctore
750 2887 898 2956 deservio,
921 2888 991 2957 quot
1040 2885 1165 2956 plurima
1182 2886 1218 2940 ad
1234 2889 1374 2941 aeternam
1384 2889 1517 2959 requiem
1528 2895 1697 2961 evocasset,
1710 2897 1738 2947 et
1747 2881 1882 2948 unanimi

155 2976 281 3031 adversa
310 2977 472 3048 pertulerit,
499 2980 570 3048 quot
590 2976 716 3046 denique
738 2991 791 3045 per
814 2974 989 3028 Simoniacae
1040 2975 1198 3029 concordia
1220 2975 1354 3045 episcopi
1375 2978 1403 3031 et
1425 2976 1591 3033 cardinales
1617 2981 1885 3051 provincialesque

156 3065 308 3120 haereseos
339 3065 494 3136 trapezitas
519 3064 634 3119 malleis
660 3062 909 3134 tunsionibusque
925 3079 990 3133 per·
1040 3063 1186 3118 antistites
1203 3079 1259 3117 una
1275 3079 1341 3118 eum
1358 3065 1491 3120 Romano
1516 3066 1596 3121 clero
1611 3070 1883 3140 etpopuloparvi‘

151 3154 244 3208 fracta
259 3155 307 3224 sit,
323 3153 397 3210 adeo
409 3157 440 3209 ut
455 3155 588 3208 columna
610 3153 663 3207 liei
679 3152 739 3205 vivi
757 3152 908 3206 videratur
922 3151 987 3222 jam
1038 3156 1127 3207 tatem
1147 3157 1278 3207 nostram
1302 3152 1399 3208 modis
1419 3154 1557 3209 omnibus
1578 3157 1822 3213 contradicentem
1839 3151 1884 3211 et

154 3257 228 3312 pene
243 3258 392 3297 concussa
405 3245 518 3309 nutare,
536 3246 563 3296 et
586 3256 698 3313 sagena
713 3242 821 3295 summi
832 3240 989 3309 piscatoris
1040 3241 1214 3295 renitentem
1223 3242 1465 3310 apostolicaesedi
1472 3243 1692 3315 praefecissent,
1701 3247 1880 3300 nontimens

154 3330 421 3386 intumescentibus
450 3329 589 3383 tluetibus
609 3327 764 3396 disrumpi,
789 3343 822 3381 ao
844 3326 990 3397 naufragii
1039 3331 1142 3384 aeterni
1156 3329 1345 3400 imperatoris
1357 3329 1513 3401 judicium,
1525 3348 1603 3388 nune
1614 3349 1712 3404 usque
1724 3334 1884 3390 Christum

154 3421 235 3472 sorte
250 3419 358 3488 perire.
377 3415 537 3471 Guibertus
552 3417 630 3470 enim
640 3414 850 3483 haeresiarcha,
866 3413 927 3484 qui,
944 3412 989 3467 vi·
1039 3421 1068 3472 et
1080 3433 1152 3472 ovas
1168 3417 1247 3488 eiua,
1259 3421 1431 3490 proquihus
1443 3420 1492 3475 ille
1503 3421 1578 3476 ludit
1588 3424 1768 3494 sangninem
1778 3440 1881 3486 suum,

153 3508 364 3560 ventesanatoe
384 3505 534 3558 memoriae
549 3504 773 3573 praedecessore
790 3517 854 3556 meo
877 3502 988 3573 Grego·
1038 3507 1180 3578 persequi
1205 3522 1264 3563 non
1284 3509 1399 3563 omittit.
1430 3509 1543 3564 ldcirco
1571 3513 1746 3567 auctoritate
1775 3513 1825 3567 Dei
1843 3507 1888 3566 et

154 3593 198 3649 rio
213 3609 297 3663 papa,
314 3594 475 3647 Romanam
492 3592 599 3646 invasit
621 3591 796 3660 Ecclesiam,
814 3591 989 3645 Antichristi
1038 3594 1192 3649 beatorum
1203 3596 1407 3666 apostolorum
1426 3597 1506 3651 Petri
1531 3600 1560 3652 et
1575 3598 1667 3663 Pauli,
1687 3602 1884 3672 omniumque

152 3697 326 3752 praecursor
340 3684 368 3734 et
383 3680 498 3735 Satanae
510 3679 646 3752 signiter,
663 3695 736 3733 oves
751 3678 861 3733 Christi
877 3679 990 3750 disper·
1038 3687 1220 3752 sanctorum,
1239 3685 1317 3739 omni
1329 3684 1411 3739 illum
1423 3685 1599 3740 sacerdotali
1611 3686 1712 3744 oihoio
1729 3690 1889 3744 ethonore

153 3786 236 3843 gere,
252 3773 382 3825 mactare
396 3770 566 3841 laniareque
584 3787 641 3825 non
658 3771 776 3824 desinit.
1037 3771 1202 3842 privamuS,
1215 3775 1253 3840 et,
1268 3771 1450 3828 aliminibus
1460 3773 1605 3830 Ecclesiae
1615 3783 1889 3849 separanteS,ana‘

190 3860 328 3916 incitator
365 3863 442 3916 anim
473 3863 666 3930 incentorque
705 3859 848 3914 malorum
880 3859 986 3928 lactas,
1036 3859 1173 3914 thematis
1189 3860 1309 3916 vinculo
1326 3861 1514 3916 innodamus.

154 3949 518 4022 quantasGregoriopapae
526 3950 741 4021 injurias,quas
751 3948 986 4019 persecutiones,
1072 3948 1176 4003 Nostis
1198 3952 1343 4018 praeterea
1367 3954 1394 4004 et
1413 3951 1488 4005 bene
1502 3951 1597 4005 nostis
1613 3968 1690 4023 quos
1706 3954 1792 4009 dolos
1809 3970 1876 4008 ma-

153 4039 224 4107 quot
239 4037 337 4092 clades
347 4040 485 4106 intulerit,
505 4039 617 4094 reterre
629 4039 696 4109 quis
709 4038 827 4108 possiti
842 4035 987 4090 Excitavit
1040 4037 1149 4091 chinati
1165 4039 1234 4102 sint,
1251 4039 1437 4110 quantasque
1463 4039 1534 4093 mihi
1554 4055 1718 4110 pressuras
1728 4036 1892 4097 intulerint

154 4129 255 4180 eontra
269 4141 336 4181 eum
350 4128 519 4198 conjuratos
540 4128 604 4196 ipse
628 4125 857 4194 conspirationis
873 4127 985 4190 auctum
1003 4152 1025 4215 c
1041 4125 1128 4197 lingo
1144 4125 1355 4196 Lugdunensis
1384 4126 1639 4199 archiepiscopus
1657 4134 1687 4184 et
1711 4131 1889 4186 bichardus

153 4213 267 4286 fugavit
281 4215 371 4279 Urbe,
385 4215 563 4283 sacerdotio,
577 4213 758 4285 quantumin
773 4228 806 4267 so
823 4213 886 4279 luit,
896 4213 988 4266 Simo·
1040 4213 1239 4269 Massiliensis
1254 4214 1358 4283 abbas,
1374 4216 1424 4286 qui
1435 4215 1576 4285 proiastu
1586 4221 1611 4270 et
1622 4217 1783 4275 ambitione
1795 4217 1890 4274 sedis

153 4304 257 4358 niseus
272 4303 472 4374 perjurusque
492 4304 639 4373 primavit,
663 4302 820 4356 commovit
841 4301 987 4354 adversus
1039 4303 1221 4372 apostolieae,
1248 4303 1283 4357 ad
1308 4319 1395 4375 quam
1415 4304 1526 4359 dudum
1545 4305 1620 4359 olam
1640 4306 1805 4379 inhiabant,
1826 4297 1888 4361 ubi

153 4406 219 4446 eum
232 4394 395 4447 Romanum
412 4392 577 4461 imparium,
601 4390 758 4445 concitavit
781 4393 886 4461 gentes
901 4391 928 4443 et
944 4405 987 4443 re·
1039 4390 1117 4445 votis
1133 4391 1197 4446 suis
1213 4391 1294 4462 potiti
1312 4407 1370 4446 non
1386 4395 1464 4462 sunt,
1481 4393 1642 4447 schismata
1658 4394 1689 4447 in
1704 4399 1807 4450 sancta
1816 4394 1884 4448 Εσ-

153 4497 222 4552 gna3
238 4484 267 4535 et
282 4481 372 4550 (quod
387 4497 403 4533 a
419 4481 521 4534 seculo
538 4485 582 4534 est
604 4480 776 4549 inauditum)
787 4477 989 4533 excommuni-
1039 4479 1282 4549 clesialeoerunt,
1295 4481 1622 4553 etllichardusquidem
1631 4483 1879 4538 Romanostram

153 4573 237 4623 catus
253 4569 318 4638 ipse
334 4568 585 4639 atquedamnatus
603 4570 736 4622 sanctum
752 4568 919 4637 pontificem
934 4582 988 4620 ex·
1039 4566 1212 4622 electionem
1227 4583 1294 4623 cum
1310 4568 1510 4623 cardinalibus
1526 4571 1555 4624 et
1574 4571 1726 4640 episeopis
1747 4574 1848 4643 egerat
1867 4579 1877 4616 :

153 4657 369 4713 communicare
385 4658 586 4727 praesumpsit,
600 4658 761 4711 Romanam
774 4656 877 4710 urbem
890 4655 987 4709 haete—
1039 4657 1127 4728 llugo
1143 4661 1239 4711 antem
1254 4658 1290 4710 ad
1303 4672 1358 4712 noa
1373 4661 1440 4727 post
1455 4657 1605 4727 paululum
1620 4659 1745 4715 veniens
1762 4659 1879 4715 affusus

152 4744 986 4817 nussacrilegiis,caedibus,perjariis,eonspirationibns,
1039 4745 1187 4817 vestigiis,
1198 4746 1268 4800 dum
1290 4746 1467 4815 obsequium
1491 4746 1578 4801 nobis
1601 4762 1719 4803 summo
1741 4738 1871 4819 pontiflci

153 4834 273 4907 ilagitiis
289 4837 317 4889 et
327 4834 466 4889 vitiorum
475 4834 605 4889 omnium
614 4834 751 4888 ludibriis
762 4832 918 4904 profanare
930 4848 988 4886 non
1039 4834 1170 4889 debitum
1185 4834 1286 4889 invitis
1298 4850 1331 4888 ae
1342 4834 1569 4890 retractantibus
1580 4835 1746 4907 exhiberet,
1758 4836 1873 4909 legatio·

152 4921 270 4991 desinit,
284 4927 312 4977 et
322 4923 452 4978 Simonis
464 4922 674 4993 llagiperfidia
685 4923 838 4992 incensus,
850 4920 989 4992 nequitiae
1039 4939 1106 4977 nem
1122 4940 1138 4977 a
1153 4923 1238 4977 nobis
1253 4923 1283 4976 in
1298 4923 1434 4992 partibus
1455 4922 1615 4978 Galliarum
1628 4925 1829 4993 postulaverat
1842 4918 1866 4974 ei

153 5025 216 5065 snae
226 5012 386 5081 complices
394 5013 431 5067 ad
443 5016 499 5066 tam
510 5012 631 5081 impium
642 5011 861 5065 etexsecrabile
872 5009 988 5064 facinus
1040 5015 1203 5082 acceperat.
1230 5011 1330 5083 ltaque
1352 5011 1446 5066 donec
1465 5011 1637 5083 parvitatem
1661 5017 1794 5068 nostram
1815 5012 1865 5067 ela·

153 5112 292 5169 evocans,
316 5105 417 5155 coacto
438 5099 625 5170 imperatoris
647 5101 790 5165 exercitu,
817 5099 988 5168 apostolieae
1041 5100 1129 5154 ctioni
1146 5100 1242 5169 iactae,
1258 5104 1345 5171 atque
1361 5115 1376 5153 a
1393 5116 1425 5154 se
1440 5101 1608 5170 approbatae
1622 5115 1791 5174 repugnare
1805 5112 1862 5154 eon·

152 5186 234 5241 aedis
246 5187 366 5244 invasor
381 5188 505 5244 effectus
521 5193 567 5244 est
584 5192 843 5258 contrapraecepta
858 5202 989 5258 evange·
1040 5192 1209 5260 spexerant,
1227 5189 1284 5258 ipsi
1295 5189 1391 5244 modis
1403 5189 1540 5243 omnibus
1554 5189 1736 5245 insistebant
1747 5205 1782 5245 ua
1796 5198 1857 5244 onos

153 5273 217 5345 lica,
235 5281 335 5331 contra
350 5279 561 5347 prophetarum
580 5277 841 5348 apostolorumque
856 5277 987 5345 decreta,
1039 5294 1093 5348 pro
1101 5278 1220 5331 utilitate
1228 5277 1372 5331 Ecclesiae
1383 5277 1470 5331 nobis
1481 5277 1650 5346 impositum
1662 5278 1856 5350 abjiceremus·

153 5368 255 5420 eontra
275 5383 421 5421 canonum
441 5371 469 5421 et
492 5368 690 5422 llomanorum
720 5368 890 5437 pontificum
908 5365 987 5435 jura,
1042 5365 1178 5420 Ubivero
1189 5367 1368 5420 nostandem
1377 5365 1482 5420 eadere
1494 5365 1696 5438 perviderunt,
1706 5367 1855 5436 conceptam

152 5452 231 5506 nullo
244 5453 435 5507 cardinalium
446 5456 654 5526 episcoporum
665 5455 850 5525 praecedente
859 5453 985 5525 judicio,
1040 5454 1241 5509 diuilammam
1252 5455 1386 5510 elibanus
1396 5457 1582 5509 exsaturatus
1593 5455 1735 5511 evomuit.
1747 5456 1856 5525 Quapro-

151 5540 232 5593 nullo
250 5541 374 5596 ltomani
388 5543 461 5596 cleri
475 5544 656 5614 approbante
672 5543 825 5615 suffragio,
844 5544 922 5597 nullo
935 5543 984 5596 de·
1040 5547 1105 5613 pter
1122 5548 1277 5598 cernentes
1294 5543 1351 5596 sibi
1372 5543 1494 5597 fratrum
1510 5542 1639 5597 omnium
1656 5545 1855 5599 unanimitatem

150 5627 212 5682 voti
228 5628 327 5695 populi
354 5631 496 5701 requisito
517 5647 665 5687 consensu
688 5635 717 5687 in
733 5638 836 5686 saneta
854 5633 984 5687 llomana
998 5603 1025 5665 D
1041 5636 1211 5687 constanter
1226 5632 1380 5701 obluctari,
1397 5631 1433 5686 ab
1450 5647 1551 5686 eorum
1567 5635 1596 5686 et
1609 5635 1714 5687 nostra
1728 5637 1855 5688 suntcon·

224 5713 382 5775 asiatotius
392 5721 530 5794 nequitiae
540 5736 574 5774 ae
583 5721 758 5791 perditionis
766 5719 982 5794 eaputelleetus
1041 5723 1121 5776 tinuo
1138 5721 1343 5777 communione
1359 5719 1497 5793 sejuncti.
1514 5720 1599 5776 Unde
1613 5721 1704 5778 vobis
1715 5719 1856 5793 apostolica
