3900 6112
171 249 231 313 579
689 245 720 307 S.
741 245 928 308 ANSELMl
946 244 1151 308 LUCENSIS
1167 245 1370 309 episcopt.

659 330 672 351 0

207 450 234 504 ἓ.
251 449 356 505 Mirum
370 449 487 505 videtur
496 447 613 519 quando
627 446 817 501 miserhomo
832 460 891 502 non
906 444 1005 500 tremit
1019 432 1046 495 Α
1061 446 1120 500 tuoe
1144 445 1258 518 grenuo
1281 446 1483 517 quiescamus.
1514 446 1632 504 Currite
1660 460 1738 521 ergo
1759 462 1793 503 nn

174 541 202 593 et
216 537 386 608 expavescit
400 539 509 591 tantam
525 535 678 591 Dominam
698 535 847 603 salutare3
863 533 917 590 sed
931 533 1003 588 illud
1062 532 1191 604 humani,
1209 537 1238 590 et
1251 537 1309 589 tam
1326 535 1455 591 nobilem
1469 538 1499 590 et
1513 550 1636 592 suavem
1650 535 1793 610 Virginea

174 622 1004 696 detestabilenimiumestipsamnominareore,etc0rde
1063 624 1172 677 temus.

173 730 249 769 vana
259 717 288 769 et
302 713 424 782 inutilia,
439 711 631 767 imonel'anda
642 715 778 782 tractare,
790 712 884 781 ipsam
894 709 1003 779 alloqui
1098 710 1125 764 4.
1141 711 1218 765 Are.
1235 711 1407 767 Patientiam
1431 712 1518 784 habe,
1535 711 1670 783 Domina,
1692 712 1793 786 quodi

173 808 259 875 tergo
276 817 376 857 verso.
388 801 459 856 Cum
471 801 551 856 omni
565 800 720 855 devotione
734 803 763 855 et
776 799 941 855 reverentia
957 801 1004 853 est
1065 814 1129 852 cam
1144 799 1269 854 salutem
1282 815 1397 871 promo,
1413 804 1442 856 et
1457 800 1592 872 angelice
1602 817 1662 858 non
1676 803 1769 869 viv03
1783 816 1793 858 ι

175 890 267 962 Virgo
280 890 452 945 beatissima
464 888 627 959 salutanda,
639 892 667 943 et
679 889 745 959 ipsa
754 888 827 943 tales
839 885 1004 959 quaeritqui
1064 886 1133 956 tius,
1150 886 1296 944 diabolice
1310 888 1480 944 horrendus
1502 893 1531 944 et
1544 893 1573 945 te
1587 890 1722 946 salutare
1736 906 1793 963 pu

174 979 210 1033 ad
225 993 290 1033 eam
305 978 409 1034 devoto
424 980 453 1032 et
467 980 637 1033 reverenter
651 977 807 1046 accedant,
824 976 882 1032 hos
897 975 1002 1048 diligit,
1064 975 1181 1031 conlido
1197 979 1277 1031 certe
1291 977 1327 1031 de
1351 979 1402 1032 tua
1416 977 1504 1032 nimie
1523 978 1663 1047 bonitate,
1679 983 1710 1035 et
1724 979 1793 1035 tuot

174 1066 229 1122 hos
244 1066 343 1137 nutrit,
359 1065 415 1121 hos
430 1066 460 1120 in
476 1065 552 1121 illios
568 1080 642 1120 suos
654 1065 790 1135 suscipit.
801 1063 825 1120 0
835 1065 941 1120 beatus
953 1064 1004 1135 qui
1064 1067 1160 1119 matus
1181 1080 1282 1119 amore
1298 1068 1337 1135 te,
1362 1065 1501 1137 quamvis
1523 1066 1666 1139 indignus
1690 1066 1793 1123 nimiur

174 1155 210 1210 de
225 1160 282 1210 tam
296 1155 386 1209 nobili
402 1153 493 1209 Matre
508 1154 669 1224 laetatur,et
682 1154 777 1224 ipsam
794 1153 884 1208 corde
898 1151 1005 1223 ample·
1062 1168 1170 1207 vereor
1184 1153 1324 1208 salutare.
1340 1154 1418 1209 Ave.
1434 1153 1511 1219 Quid
1529 1155 1601 1210 mihi
1617 1154 1793 1224 dulcinum

175 1245 264 1298 ctitur
278 1248 307 1298 et
321 1257 411 1314 opere
426 1241 574 1298 imitaturi
590 1242 614 1297 0
628 1242 709 1312 felix,
725 1243 775 1313 qui
784 1241 868 1297 Matri
884 1241 938 1296 llei
953 1256 1004 1295 se·
1063 1243 1113 1295 tuo
1129 1240 1246 1311 aveto
1260 1241 1367 1296 mirum
1381 1257 1447 1311 are,
1464 1243 1543 1314 quod
1558 1244 1687 1314 quadam
1706 1244 1793 1301 colet

175 1331 303 1388 cundum
318 1346 406 1387 suum
420 1346 511 1403 posse
535 1331 636 1386 nititur
660 1328 857 1386 conformari!
881 1330 936 1384 llic
958 1332 1004 1383 cst
1065 1328 1168 1385 cedine
1178 1329 1304 1384 inebriat
1315 1344 1368 1387 cor
1381 1328 1537 1386 devotum!
1553 1330 1641 1388 Certe
1652 1330 1717 1403 jam
1731 1332 1793 1389 dioc

174 1424 253 1476 certe
268 1420 329 1491 qui,
346 1420 425 1475 omni
440 1420 822 1490 creaturacontempta,soli
834 1418 1003 1491 Deosingu-
1064 1419 1122 1473 test
1140 1417 1244 1473 devote
1258 1419 1391 1474 salutans
1416 1435 1424 1474 :
1446 1417 1620 1493 Liquer‘acta
1643 1426 1691 1475 est
1715 1420 1793 1476 anim

172 1509 226 1564 lari
241 1525 341 1565 amore
351 1508 485 1579 inhaeret,
497 1512 526 1564 et
536 1508 699 1564 crucifixus
713 1523 780 1563 cum
794 1506 923 1577 Christo,
940 1508 1003 1560 nni·
1065 1505 1162 1575 (Cant.
1181 1506 1221 1576 x),
1238 1510 1269 1561 ut
1284 1507 1410 1562 salutavi
1421 1507 1576 1563 Dominam
1590 1523 1697 1563 meam.
1714 1506 1793 1565 Dete

174 1614 288 1653 marum
302 1599 365 1653 sitit
377 1596 548 1652 salutem.O
562 1598 668 1651 mirum
685 1599 775 1664 certe,
792 1595 939 1666 quomodo
956 1610 1006 1650 ex·
1063 1609 1158 1649 meum
1169 1599 1350 1650 cicaromee
1364 1595 1458 1667 (Psel.
1476 1596 1578 1666 uxxu),
1594 1596 1663 1651 dum
1688 1595 1793 1669 altoque

175 1683 671 1756 sultationenonrapiturcortalem
680 1680 1007 1757 Virginemsalutantisl
1064 1683 1172 1737 minam
1187 1699 1292 1739 meam.
1309 1683 1383 1750 Quis
1397 1685 1428 1738 in
1443 1688 1471 1739 te
1486 1699 1545 1740 non
1562 1684 1689 1756 deliciet,
1708 1685 1793 1759 Virga

174 1776 296 1831 llatrem
308 1775 361 1830 Dei
370 1774 539 1846 alloquitur,
559 1774 651 1829 Deum
668 1771 1007 1844 exipsaiaotumbomi-
1022 1801 1046 1862 B
1064 1772 1134 1826 dum
1159 1771 1256 1827 cernit
1274 1771 1330 1826 bac
1352 1772 1528 1828 salutatione
1548 1773 1671 1843 praevia,
1693 1776 1724 1828 te
1748 1772 1793 1829 Dat

174 1878 241 1918 nem
256 1862 540 1933 contemplatur.Hic
550 1862 696 1917 videtima
707 1861 843 1931 summis,
853 1864 882 1918 et
892 1876 1009 1917 summa
1063 1859 1311 1932 impregnatam?
1331 1859 1404 1925 Quis
1425 1876 1486 1916 non
1507 1862 1634 1932 deliciet,
1649 1861 1722 1917 dana
1738 1876 1793 1918 oen

174 1951 242 2006 imis
257 1965 311 2022 pro
326 1965 381 2005 sua
391 1950 533 2005 charitate
548 1949 702 2022 conjungi.
713 1949 874 2017 Quomodo,
891 1964 1006 2021 quoeso,
1063 1947 1171 2003 Filium
1186 1950 1235 2003 tuo
1259 1952 1344 2004 utero
1359 1947 1499 2020 bajulari,
1515 1952 1566 2005 tuo
1583 1950 1657 2006 lacte
1680 1950 1788 2006 nutriri

175 2038 386 2110 conliquescit
401 2038 502 2094 inhac
518 2039 696 2095 salutatione
711 2040 923 2108 mensnostra,
940 2053 1008 2092 cum
1063 2051 1136 2108 ergo
1161 2036 1303 2092 libentius
1323 2037 1426 2107 audis,
1443 2053 1461 2094 o
1480 2038 1615 2108 Domina,
1639 2054 1730 2111 quam
1744 2037 1793 2095 seb

175 2128 268 2183 Deum
283 2129 394 2181 tantum
404 2142 459 2183 nos
470 2127 613 2183 dilexisse
622 2127 760 2183 videmus
771 2130 803 2182 ut
816 2141 854 2182 ex
868 2123 1009 2199 virginali
1063 2139 1141 2193 nem,
1155 2140 1214 2196 qua
1229 2126 1468 2198 recognosceris,
1484 2126 1579 2182 Mater
1593 2127 1657 2195 Dei,
1673 2128 1793 2183 sieinte

174 2220 257 2272 utero
266 2215 405 2288 dignatus
414 2216 452 2271 sit
461 2215 1005 2284 fleriiraternastentamosnostrum,
1062 2228 1117 2268 nes
1134 2212 1291 2284 jucundari
1319 2217 1351 2270 ut
1364 2230 1484 2287 semper
1507 2215 1538 2270 in
1559 2230 1626 2271 eum
1649 2215 1738 2287 cujus
1758 2228 1792 2272 es

174 2307 280 2359 etcaro
297 2307 397 2359 nostre
412 2308 467 2360 est.
480 2303 603 2359 Onimia
617 2306 645 2359 et
660 2301 1006 2360 ineffabilisdiilusiobo·
1062 2301 1240 2359 retundant?
1263 2302 1330 2358 Non
1350 2304 1427 2359 enim
1447 2306 1517 2375 puto
1537 2305 1596 2359 nisi
1616 2308 1647 2360 ut
1671 2303 1793 2360 Materl

173 2393 273 2448 nitatis
292 2390 417 2448 ‹livinaei
432 2392 554 2463 Quanta,
578 2407 692 2465 quoesm
708 2408 780 2465 erga
800 2392 890 2447 talem
904 2390 1006 2462 Virgi-
1064 2389 1150 2445 aliter
1164 2390 1297 2461 salutari,
1313 2407 1368 2447 nec
1383 2395 1412 2446 et
1426 2394 1581 2465 cognosci.
1595 2394 1685 2449 Porta
1699 2390 1793 2449 esth

173 2497 240 2537 nem
256 2481 378 2536 deberet
399 2497 451 2537 cor
470 2485 606 2536 nostrum
629 2481 785 2536 devotione
804 2478 937 2549 diffundi,
953 2494 1007 2550 per
1059 2479 1131 2552 line,
1146 2482 1176 2534 et
1189 2494 1245 2550 per
1258 2482 1287 2535 te
1301 2479 1349 2536 ris
1362 2484 1413 2536 tuo
1429 2480 1504 2537 Filio
1516 2497 1572 2537 nos
1581 2481 1738 2555 conjungi.
1748 2480 1793 2538 sa

173 2585 262 2641 quam
276 2570 439 2624 meruimus
450 2569 510 2624 Deo
523 2584 592 2624 esse
607 2570 772 2625 confratres
782 2575 811 2624 et
822 2568 1004 2624 cohaeredes.
1062 2572 1090 2622 et
1100 2583 1171 2623 vere
1187 2584 1253 2639 ave,
1269 2585 1336 2624 nam
1350 2584 1405 2625 cor
1425 2573 1562 2626 nostrum
1583 2573 1678 2643 aperit
1700 2575 1793 2627 tuan.

175 2659 251 2713 Mira
263 2657 383 2713 deberet
397 2674 432 2712 os
447 2661 583 2713 nostrum
598 2658 753 2713 dulcedine
768 2657 929 2727 abundare,
939 2672 1006 2712 cum
1062 2654 1234 2712 admirabile
1250 2661 1279 2714 et
1293 2658 1559 2729 superadmirabile
1571 2676 1635 2726 ave,
1649 2677 1665 2715 a
1680 2675 1739 2732 quo
1749 2658 1793 2715 dee

175 2745 556 2818 tamdulcemetbenignam
565 2745 1006 2818 Dominamsalutamus,etejus
1064 2742 1240 2817 effugantur,
1256 2748 1428 2818 peccatores
1444 2747 1656 2820 lacrymantur,
1683 2748 1736 2803 tilii
1749 2746 1793 2803 del

174 2834 378 2890 benedicimus
394 2834 531 2890 trucium.
548 2834 752 2890 suavissimus
770 2838 800 2890 et
813 2834 1007 2890 dulcissimus
1063 2834 1121 2903 tur,
1134 2833 1260 2905 angelus
1275 2834 1451 2907 gratulatur,
1469 2835 1599 2891 Verbum
1615 2836 1791 2907 incarnatur,

175 2926 221 2977 est
232 2922 346 2977 tructus
362 2922 440 2994 ejus,
452 2926 480 2977 ct
494 2924 524 2978 in
540 2938 601 2993 ore,
615 2927 643 2979 et
654 2924 743 2979 corde
754 2923 897 2994 sapientis
908 2923 1006 2978 dulce·
1064 2922 1246 2994 gravidatur.
1263 2922 1359 2993 Certe,
1387 2939 1453 2994 ave,
1472 2923 1560 2997 cujus
1581 2925 1679 2980 lructu
1696 2928 1793 2980 creatu

175 3010 467 3082 scitMiraestbujus
477 3011 610 3086 Virginis
618 3012 793 3084 fecunditas,
804 3010 952 3085 quaedum
964 3026 1009 3066 sa·
1063 3013 1221 3078 novantur,
1247 3011 1383 3067 homines
1398 3013 1593 3085 redimuntur,
1605 3013 1705 3087 angeli
1716 3027 1793 3083 repar

174 3099 283 3154 tutatur
293 3099 455 3170 devote,ad
466 3115 518 3156 cor
530 3100 685 3156 salutantis
697 3116 785 3157 suum
795 3100 1007 3156 suavissimum
1064 3097 1144 3172 Ergo
1159 3100 1221 3168 tibi,
1237 3116 1301 3168 are,
1319 3102 1458 3158 universa
1474 3106 1608 3158 creatura
1624 3102 1690 3157 sine
1706 3102 1793 3172 tinep

174 3189 302 3244 fructum
316 3189 429 3258 emittit,
445 3194 474 3245 et
488 3193 597 3262 quanto
619 3189 648 3245 in
665 3189 732 3262 ejus
748 3192 845 3246 fructu
860 3190 928 3262 quis
943 3205 1006 3244 am·
1021 3149 1048 3214 c
1066 3192 1134 3243 met.
1148 3188 1171 3244 0
1186 3188 1403 3262 dulcissimum,
1416 3195 1444 3246 et
1461 3190 1673 3247 suavissimum
1690 3207 1754 3259 are,
1765 3205 1793 3263 qv

175 3278 253 3349 plius
263 3276 446 3349 jucundetur
465 3282 545 3335 tanto
561 3279 597 3334 ab
612 3295 646 3335 ea
671 3280 797 3350 amplius
821 3280 1006 3351 impetratur.
1064 3277 1170 3332 restria
1185 3278 1332 3350 laetantur,
1345 3281 1479 3335 coelestia
1489 3280 1705 3352 iucundantur,
1720 3280 1787 3335 imis

175 3366 241 3420 Nisi
257 3366 338 3421 dicas
352 3383 357 3420 :
370 3365 496 3437 Sulticit,
508 3383 657 3441 nunquam
668 3367 810 3423 cessabit.
825 3367 849 3422 0
862 3367 935 3422 mira
950 3368 1008 3422 Do·
1065 3381 1112 3420 ma
1132 3365 1312 3439 junguntur.
1337 3368 1361 3424 0
1377 3385 1442 3438 ave,
1465 3369 1544 3441 quod
1567 3368 1747 3424 intellectum
1768 3367 1793 3423 ir

175 3455 262 3520 mina,
278 3455 387 3510 mirum
402 3455 519 3510 videtur
532 3456 746 3528 quomodonon
756 3457 866 3511 tantum
881 3456 1008 3512 delecta·
1066 3455 1201 3511 atlectum
1218 3457 1315 3524 satiat,
1335 3460 1462 3513 mentem
1478 3458 1514 3512 ad
1530 3457 1663 3512 caelestia
1679 3458 1767 3525 levat,
1783 3472 1793 3510 a

175 3559 241 3599 mur
256 3544 285 3598 in
300 3548 328 3599 te
343 3543 496 3599 salutando
512 3545 602 3616 quod,
622 3549 731 3616 praeter
750 3548 778 3599 te
794 3547 823 3600 et
832 3547 915 3600 tuum
929 3544 1008 3600 truc·
1065 3545 1240 3615 illustratur,
1255 3550 1360 3617 pectus
1380 3546 1597 3615 indulcoratur,
1615 3561 1685 3601 caro
1709 3560 1793 3601 mace

174 3637 245 3701 tum,
263 3636 371 3688 caetera
386 3633 569 3705 ignoremus.
580 3633 744 3704 Quomodo,
757 3648 871 3706 quaeso,
888 3637 1009 3689 nonest
1066 3650 1140 3706 ergo
1156 3650 1221 3690 ave.
1242 3635 1265 3691 0
1281 3636 1412 3691 catenate
1436 3651 1502 3706 avc,
1522 3635 1601 3708 quod
1622 3651 1675 3690 cor
1690 3634 1793 3708 stringi

155 3750 158 3755 ·
175 3722 211 3777 ad
226 3725 254 3777 te
268 3725 381 3777 mnium
396 3723 527 3778 intentus
547 3722 645 3793 bomo,
661 3724 782 3794 propter
796 3725 875 3778 tuam
888 3723 1009 3778 nimiam
1067 3723 1191 3795 Virgine
1205 3726 1235 3778 et
1245 3738 1369 3795 separas
1379 3725 1531 3780 aterrenia
1543 3739 1609 3779 cum
1620 3722 1793 3779 misericord

175 3811 360 3881 suavitatem,
376 3815 407 3866 ut
425 3811 512 3867 etiam
538 3812 733 3883 semetipsum
759 3826 825 3868 ase
839 3812 1009 3867 abstractus
1066 3812 1220 3882 miserum,
1236 3826 1302 3867 cum
1320 3812 1442 3867 Domina
1457 3827 1588 3882 servum,
1605 3827 1673 3867 cum
1690 3811 1782 3868 Matre

175 3900 313 3973 ignoret?
331 3900 355 3955 0
373 3902 486 3972 raptrix
507 3899 659 3956 cordiuml
685 3900 709 3955 0
731 3901 903 3973 absorptrix
926 3916 1010 3955 men·
1067 3901 1240 3957 firmissime
1263 3901 1351 3973 ligas.
1375 3899 1591 3956 Oadmirabile
1606 3915 1662 3955 ave
1680 3897 1687 3954 l
1708 3901 1793 3955 Acce*

177 3987 267 4045 iiumi
284 3987 307 4044 0
321 3989 461 4062 liquatrix
475 3996 664 4061 peccatorum
681 3988 688 4045 i
1066 3993 1097 4046 te
1112 3989 1230 4060 salutet,
1240 3990 1290 4063 qui
1300 3990 1363 4045 vult
1373 3989 1503 4045 catenari
1514 4003 1624 4055 amore,
1637 3992 1675 4058 et,
1686 4004 1753 4045 cum
1763 4003 1793 4044 er

210 4075 236 4133 3.
252 4077 329 4134 Ave.
338 4079 407 4150 Gur,
425 4080 559 4151 Domine,
572 4096 628 4136 nos
639 4080 811 4154 ingravidas
825 4085 876 4136 tuo
891 4079 1011 4136 lruotui
1068 4078 1251 4147 salutaverit,
1260 4079 1398 4149 amplius,
1410 4076 1516 4133 lortius
1525 4077 1793 4149 constringetur,et=

175 4167 234 4223 Gur
248 4183 303 4223 nos
319 4168 380 4225 Deo
395 4172 499 4226 nostro
511 4171 717 4243 impraegnasi
730 4170 789 4226 Cur
799 4171 892 4226 lutum
901 4171 1009 4242 imples
1067 4168 1291 4241 constringetur
1302 4166 1420 4236 lortius,
1436 4167 1576 4223 libentius
1592 4166 1743 4222 salutabit.
1757 4164 1793 4221 Si«

174 4258 259 4328 coelo,
272 4260 492 4314 etvanissimos
508 4258 583 4315 lacis
599 4260 756 4316 dominos?
770 4259 907 4330 Carnos,
920 4260 1010 4315 obse·
1069 4256 1191 4312 Domina
1206 4271 1282 4327 mea,
1298 4259 1327 4312 et
1349 4271 1432 4312 amor
1446 4258 1546 4311 mutuo
1569 4271 1603 4312 se
1623 4256 1784 4327 augebunt,

174 4349 344 4418 cr0,lrliitui
357 4363 456 4403 amore
467 4348 609 4417 inebrias,
621 4365 688 4403 cum
698 4364 753 4404 nec
763 4347 1013 4419 tibi,necsibiali.
1068 4361 1120 4401 cor
1143 4345 1298 4401 salutantis
1328 4345 1446 4400 deliciet
1466 4360 1529 4415 prae
1561 4342 1693 4399 dulcore.
1722 4342 1793 4399 ΟΥ

174 4437 244 4509 quid
260 4437 430 4506 impendere
445 4437 624 4492 valeamus?
642 4436 717 4502 Quid
733 4438 785 4493 tibi
806 4438 929 4508 prodest
944 4437 1010 4493 ani·
1067 4448 1160 4505 amor,
1177 4434 1310 4490 divinum
1332 4434 1434 4489 reddis
1459 4436 1614 4504 amantem,
1641 4432 1793 4505 virgineus

175 4541 288 4582 marum
303 4525 438 4595 amatrix,
455 4512 534 4595 quod
549 4530 578 4581 te
592 4529 621 4580 et
636 4524 742 4581 Filium
757 4530 839 4581 tuum
855 4499 1128 4597 nostram-niam
1151 4524 1240 4579 multa
1265 4524 1355 4579 sorde
1386 4523 1539 4594 pollutum.
1570 4522 1650 4595 Ergo
1679 4538 1751 4589 ave,
1775 4520 1793 4574 1:

174 4613 928 4688 ligamusamoreiNoqnecaalestiasufiiciunttibi,
941 4615 1012 4686 quid
1069 4630 1147 4684 mea,
1168 4614 1261 4668 Mater
1275 4627 1350 4683 maa,
1375 4612 1434 4667 imo
1455 4626 1509 4668 cor
1530 4626 1638 4681 meum,
1663 4613 1692 4665 et
1716 4609 1793 4665 anim

174 4707 275 4759 nostra
291 4702 380 4758 corde
403 4702 543 4774 requiris,
561 4717 627 4757 cum
644 4707 741 4757 tamen
757 4703 818 4758 sint
832 4703 1010 4759 fetidissima
1068 4705 1155 4776 virgo
1171 4701 1272 4756 Maria.

174 4794 203 4849 et
212 4797 329 4849 terrena
339 4792 471 4864 tltccipe
482 4805 526 4861 ea,
539 4791 704 4847 animarum
715 4792 862 4863 venatrix,
871 4795 901 4848 et
909 4792 1011 4847 reiove
1104 4788 1425 4861 normanigena
1441 4803 1447 4843 :
1463 4786 1793 4843 Onomensuavissimu

174 4899 208 4937 ea
228 4883 258 4938 in
277 4884 345 4938 sinu
364 4882 468 4955 gratim
496 4885 564 4936 tuae.
581 4879 654 4946 Quis
675 4882 858 4953 enimpotest
879 4879 1010 4954 effugere
1068 4895 1135 4934 men
1151 4876 1366 4944 dulcissimum,
1384 4889 1490 4930 nomen
1508 4873 1778 4946 jucundissimum,

174 4972 317 5027 claritatis
331 4976 390 5028 tuae
405 4971 553 5043 fulgorem
569 4976 598 5025 et
611 4973 671 5026 tuce
686 4970 787 5026 radios
801 4971 942 5041 pietatis?
954 4986 1010 5026 nec
1069 4963 1190 5023 uariat
1206 4964 1280 5030 Quid
1295 4963 1372 5020 ieci?
1381 4963 1458 5029 Quid
1472 4962 1677 5034 praesumpsit
1690 4962 1793 5028 Quom<

174 5062 252 5115 enim
271 5061 388 5132 estqui
409 5076 444 5117 se
466 5076 482 5115 a
506 5064 556 5116 tun
581 5059 680 5116 calore
705 5060 891 5116 abscondere
913 5059 1010 5131 possit
1068 5056 1171 5113 ceseii
1184 5054 1336 5109 nominare
1350 5054 1380 5108 te
1395 5049 1503 5107 audeat
1519 5051 1592 5117 Quis
1609 5066 1741 5123 unquam
1765 5055 1793 5105 ta

173 5149 268 5219 (Psal.
288 5152 380 5218 xvml,
396 5151 465 5222 quia
484 5149 639 5206 beneticiis
654 5151 714 5205 tuis
726 5150 805 5221 pleni
816 5151 887 5205 sunt
901 5148 967 5204 coeli
983 5151 1011 5204 et
1068 5146 1140 5199 divit
1155 5142 1234 5215 quod
1247 5140 1421 5212 perditionis
1438 5141 1527 5208 lilius,
1543 5143 1734 5211 peccatorum
1749 5155 1793 5196 saa

174 5240 262 5292 terra.
277 5235 458 5310 Quocunque
473 5241 551 5294 enim
563 5254 734 5312 pergamus,
745 5240 874 5294 occurrit
892 5236 1010 5293 diffusio
1067 5235 1234 5290 daemonum
1249 5229 1377 5285 ramulus
1387 5232 1415 5285 te
1425 5230 1578 5284 nominare
1592 5229 1793 5300 praesumetit

175 5324 249 5378 uteri
258 5325 423 5398 virginalia.
436 5326 513 5384 Ecce
524 5344 596 5401 crgo
611 5344 665 5384 nos
677 5328 807 5400 undique
821 5327 879 5382 tu's
894 5325 1009 5381 heneti-
1067 5321 1139 5378 mail
1155 5336 1261 5376 nomen
1272 5319 1374 5372 Matris
1386 5319 1436 5372 Dei
1449 5315 1456 5372 l
1468 5317 1599 5373 revereri
1609 5318 1707 5374 nescit
1718 5332 1793 5375 arnor

176 5414 231 5466 ciis
246 5415 380 5485 irretisti,
399 5420 426 5470 et
442 5431 559 5487 semper
570 5423 599 5472 et
614 5419 724 5490 ubique
738 5419 798 5472 tuae
818 5415 1010 5486 benignitatis
1067 5429 1164 5484 par-cc,
1178 5410 1311 5479 Domina,
1327 5408 1405 5480 quod
1420 5413 1447 5462 te
1458 5422 1555 5463 amare
1567 5407 1682 5472 dicam;
1700 5407 1792 5462 etsie

175 5500 298 5573 laqueos
315 5503 531 5572 extendimini
548 5509 600 5561 aie
617 5507 707 5561 Matre
720 5504 893 5560 dulcissime
904 5502 1008 5575 iugerc
1067 5518 1132 5557 sum
1149 5501 1257 5572 dignus
1273 5500 1301 5553 le
1327 5512 1435 5568 amare,
1453 5500 1483 5552 tu
1501 5512 1539 5553 cs
1554 5495 1644 5568 digna
1661 5494 1764 5552 amari.
1785 5497 1793 5556 t

175 5595 388 5652 rationabiliter
403 5610 596 5667 nequeamus,
606 5596 659 5652 sed
674 5595 832 5669 semperin
843 5591 1009 5650 dulcedinis
1066 5590 1199 5662 Domina,
1210 5591 1238 5646 te
1254 5602 1353 5642 amare
1367 5586 1502 5657 desistet,
1512 5585 1602 5661 cuius
1612 5585 1793 5663 beneficiisg
