3908 6112
110 296 170 361 4117
590 290 810 354 APPENDIX
829 291 886 353 Ab
903 290 939 352 B.
957 286 1350 353 BARTHOLOMAEUM.
1771 283 1834 348 408

110 500 138 551 et
151 495 188 550 ab
202 494 333 550 hostium
348 492 483 547 manibus
499 490 689 546 liberevasit.
707 489 805 559 Inque
823 488 939 542 scilicet
950 469 982 531 Α
994 486 1122 556 ceteris,
1139 489 1263 540 stratum
1279 484 1346 555 ejus
1362 484 1540 552 ascendens,
1567 485 1626 537 toto
1649 497 1682 538 se
1701 496 1831 551 corpore

112 583 188 639 iacto
203 583 283 638 Deus
302 580 390 638 nobis
405 583 433 635 et
449 579 558 633 inimici
582 593 654 650 erga
673 593 728 631 nos
744 577 893 644 malitiam,
912 577 939 630 et
993 591 1084 645 super
1098 590 1165 629 eum
1180 573 1321 642 extendit,
1341 574 1380 627 ita
1396 575 1426 627 ut
1441 572 1528 627 ctiam
1542 587 1577 625 oa
1593 586 1680 626 suum
1697 571 1745 624 ori
1758 568 1830 641 ejus

110 675 221 727 sanctae
244 668 444 726 consessionis
469 669 606 722 virtutem
630 665 864 736 insuperabilem
889 664 940 719 de·
992 663 1160 733 applicaret.
1176 661 1229 716 Ille
1244 677 1315 717 vero
1331 677 1398 728 cum
1413 676 1475 732 prae
1487 659 1616 730 pondere
1627 657 1829 715 incumbentis

112 761 299 815 monstravit.
993 766 1026 805 se
1042 765 1161 805 movere
1175 751 1292 818 penitus
1304 765 1362 803 non
1377 751 1490 819 posset,
1503 746 1582 819 quod
1597 748 1691 818 potuit
1706 747 1787 815 lecit,
1799 749 1830 801 et

146 848 174 902 5.
188 848 351 917 Presbyter
361 844 478 916 quidam
495 841 650 897 saecularis
665 842 694 895 in
706 839 942 911 coeuobiollajo·
993 843 1111 908 spatum
1126 839 1162 891 ale
1177 852 1289 892 oresuo
1304 836 1451 891 infaciem
1462 836 1828 907 demonisseprementis

112 936 156 990 ris
166 934 337 989 monasterii
348 932 523 987 monachum
535 931 692 1000 professus
703 928 845 983 saeculum
857 929 941 983 dere·
992 926 1102 997 injecit.
1115 926 1197 991 Quod
1206 925 1342 980 diabolus
1353 940 1412 978 non
1423 924 1533 994 tereus,
1549 927 1629 979 retro
1640 922 1780 993 resilivit,
1797 927 1829 977 et

112 1023 216 1094 liquit3
240 1022 307 1092 qui,
330 1021 480 1090 susceptis
496 1018 720 1073 monachalibus
735 1016 940 1084 sacramentis,
993 1017 1078 1086 quasi
1096 1014 1245 1084 propriam
1261 1013 1363 1068 velens
1383 1013 1488 1068 ulcisci
1512 1011 1661 1084 injuriam,
1686 1012 1723 1066 ad
1746 1015 1830 1065 artes

111 1111 182 1166 dum
196 1110 322 1180 quadam
338 1109 384 1162 dic
399 1107 429 1160 in
446 1106 722 1161 domoinlirmornm
738 1105 843 1158 lectulo
854 1105 943 1157 dceu-
994 1103 1116 1158 callidas
1132 1119 1165 1156 se
1182 1102 1335 1158 convertit.
1350 1101 1481 1172 Denique
1497 1116 1599 1156 coram
1616 1115 1652 1155 co
1666 1100 1784 1172 argenti
1801 1099 1832 1155 ct

109 1199 202 1266 barat,
215 1197 335 1253 tratrem
345 1197 378 1250 ad
391 1212 423 1250 se
435 1197 520 1250 vocat
530 1193 687 1248 cuitaliam
700 1209 769 1247 cura
779 1193 941 1246 commissa
995 1193 1059 1247 auri
1074 1191 1204 1261 pondera
1219 1191 1371 1259 immensa,
1388 1193 1548 1261 vestesque
1564 1189 1712 1260 pretiosas
1734 1204 1831 1259 expo·

112 1290 185 1356 erat,
201 1289 229 1340 et
251 1286 289 1339 ait
310 1285 347 1339 ad
362 1300 428 1338 eum
446 1298 452 1336 :
471 1283 626 1336 Dominum
647 1282 783 1335 abbatem
807 1280 943 1335 exhibete
996 1281 1047 1349 nit,
1066 1280 1177 1335 choros
1192 1278 1372 1349 puellarum,
1390 1278 1581 1349 equitantium
1600 1276 1764 1332 viventium
1780 1293 1833 1332 cu-

111 1374 193 1442 mihi,
210 1375 279 1444 quia
292 1372 426 1442 pristinae
443 1371 679 1425 conversationis
691 1369 789 1440 aliqua
801 1368 896 1439 ipsam
908 1367 944 1421 ad
999 1385 1084 1436 neca,
1103 1372 1133 1422 ut
1144 1383 1220 1439 quos
1236 1368 1323 1420 etiam
1348 1366 1531 1438 agnoscebat
1555 1365 1613 1420 sihi
1636 1365 1737 1420 videre
1754 1365 1837 1420 vide·

114 1460 286 1517 memoriam
301 1459 414 1523 reduxi,
432 1476 499 1530 quae
511 1458 551 1511 illi
568 1458 700 1511 confiteri
712 1456 844 1510 habeam.
864 1478 874 1504 a
892 1455 945 1510 Cui
999 1461 1089 1511 retur.
1107 1457 1186 1510 luter
1201 1471 1267 1526 quae
1288 1455 1374 1526 quasi
1395 1454 1549 1509 exsultans
1574 1454 1721 1522 diabotus,
1739 1453 1838 1510 aiebat

113 1548 163 1603 ille
180 1565 186 1602 :
206 1570 215 1594 r
230 1546 394 1615 Meridiani,
407 1547 511 1616 inquit,
524 1546 665 1616 temporis
678 1561 782 1599 scarae
794 1560 847 1614 pro
863 1560 946 1597 moro
999 1546 1035 1599 ad
1051 1560 1119 1600 eum
1136 1561 1141 1598 :
1161 1566 1173 1591 α
1190 1543 1278 1613 Ecce,
1295 1543 1396 1612 miser,
1409 1542 1759 1613 gloriaquamreliquisti
1770 1545 1837 1597 ante

115 1635 240 1692 solemni
269 1636 406 1690 dominus
429 1635 521 1688 abitas
541 1640 703 1688 nocturnas
722 1633 810 1687 modo
830 1647 946 1685 recom—
1002 1631 1502 1703 tempusmiseriarum,sponteneis
1512 1634 1538 1685 te
1547 1631 1680 1685 subdens
1693 1630 1836 1701 miseriis,

114 1726 220 1795 pensat
242 1722 372 1795 vigilias,
390 1739 444 1776 neo
468 1722 626 1792 quisquam
648 1738 715 1775 eum
729 1721 776 1775 his
792 1720 876 1775 horis
893 1736 946 1774 cx·
1005 1734 1071 1772 cum
1089 1719 1157 1772 istis
1172 1722 1291 1788 poteras
1306 1716 1403 1770 adhuc
1417 1716 1535 1788 llorere,
1552 1717 1695 1771 sinestra
1710 1715 1838 1771 consilia

116 1812 206 1866 citare
222 1810 308 1865 audet
326 1825 331 1864 :
348 1825 433 1864 nonae
454 1825 525 1863 vcro
550 1809 630 1864 liorae
655 1810 741 1880 signo
766 1808 893 1878 pulsato,
910 1807 946 1860 li·
1004 1825 1060 1862 non
1077 1806 1257 1876 sprevisses.
1270 1828 1280 1853 n
1291 1807 1326 1859 at
1338 1806 1386 1859 ille
1396 1807 1566 1860 constanter
1581 1807 1700 1861 econtra
1711 1819 1839 1874 respon·

116 1900 217 1953 center
231 1897 267 1951 ad
277 1912 344 1952 eum
355 1896 497 1961 introieris
507 1897 660 1949 adducam.
677 1920 687 1942 ι»
701 1895 735 1949 m
746 1912 844 1966 aeger:
864 1916 876 1945 ι
889 1895 947 1949 Νο-
962 1909 987 1973 Β
1002 1897 1089 1950 debat
1101 1911 1107 1950 :
1120 1917 1131 1945 a
1142 1895 1205 1949 Nos
1215 1909 1332 1965 queque
1341 1894 1564 1962 lloruimns,sed
1580 1892 1635 1948 llos
1658 1892 1712 1947 luit
1723 1891 1783 1946 iste
1794 1906 1840 1946 ca·

116 1987 254 2054 cessitas,
264 1985 367 2054 inquit,
378 1983 474 2054 legem
490 2000 547 2038 non
564 1984 661 2050 habet,
680 1984 734 2038 sed
751 1983 828 2054 volt.
842 1981 889 2054 ne]
900 1985 947 2036 eui
1002 1982 1176 2036 ducusdam
1185 1998 1262 2035 nunc
1273 1981 1351 2036 absit
1361 1981 1432 2034 mihi
1444 1980 1566 2050 gloriari
1575 1980 1632 2034 nisi
1644 1981 1673 2033 in
1685 1994 1776 2034 cruce
1785 1979 1839 2034 Do·

116 2072 220 2144 gravis
234 2071 368 2138 existam,
387 2073 488 2126 loeoet
505 2073 570 2125 vice
584 2071 662 2142 ejas,
685 2073 782 2141 vobis,
800 2071 846 2124 eui
862 2071 898 2125 ab
914 2086 949 2124 eo
1002 2070 1072 2125 mini
1094 2069 1189 2125 nostri
1210 2070 1284 2124 lesu
1308 2066 1439 2123 Christil
1459 2088 1470 2117 i
1488 2068 1533 2122 hd
1555 2068 1622 2122 haec
1644 2058 1737 2122 verba
1751 2066 1840 2121 turba

118 2175 186 2214 sum
201 2160 394 2227 commissus,
413 2159 589 2225 confitebor,
616 2161 704 2229 urget
726 2160 803 2213 enim
819 2161 949 2213 extrema
1003 2160 1170 2213 daemonum
1183 2160 1320 2227 tanquam
1334 2155 1434 2211 fumus
1449 2157 1569 2210 evanuit
1579 2175 1586 2223 ;
1603 2159 1631 2211 et
1645 2171 1715 2210 eece
1732 2154 1839 2210 beatus

118 2248 295 2304 necessitas
317 2247 408 2302 nNec
426 2262 515 2316 mora,
533 2263 616 2317 aeger
640 2248 675 2300 de
701 2246 951 2315 culpapoenitcus
1003 2247 1147 2300 Martinus
1172 2243 1392 2315 pontificalibus
1423 2244 1578 2300 redimitus
1607 2244 1710 2299 insulis
1736 2258 1840 2298 coram

118 2334 233 2406 culpam
256 2334 421 2403 confitetur,
448 2333 681 2389 satisfactionem
708 2313 952 2405 sibi'injunctam
1003 2349 1083 2406 tegre
1098 2334 1245 2388 assistens
1262 2349 1298 2388 :a
1324 2333 1386 2402 Eia,
1411 2333 1511 2402 frater,
1536 2333 1585 2401 ait,
1609 2332 1778 2387 confortare
1810 2332 1840 2386 in

120 2424 225 2479 devote
237 2424 497 2494 amplectitur3pro
507 2439 588 2477 more
600 2423 775 2477 sacramenti
786 2422 952 2478 arcatuab-
1004 2422 1138 2487 Domino,
1157 2437 1212 2476 nec
1227 2424 1254 2475 te
1270 2421 1419 2491 decipiant
1432 2421 1550 2476 insidiae
1560 2421 1769 2493 malignorum.
1785 2419 1841 2474 Ca·

121 2512 257 2566 solvitur.
275 2510 388 2582 Hisque
407 2512 512 2582 gestis,
532 2512 666 2581 ipsisque
682 2511 882 2566 residentibus
895 2512 951 2565 ait:
1005 2511 1140 2565 ciderunt
1156 2509 1266 2564 enimn
1290 2510 1381 2564 latere
1397 2513 1457 2578 tuo,
1474 2512 1502 2562 et
1521 2525 1538 2562 a
1557 2509 1671 2564 dextris
1686 2509 1759 2577 tuis,
1775 2523 1841 2562 am-

121 2599 187 2653 dam
202 2613 280 2652 nunc
300 2613 435 2669 pugnare
457 2597 552 2653 habeo
568 2614 635 2652 cum
659 2599 795 2653 hostibus
812 2599 895 2653 loris.
910 2599 954 2654 Tu
1005 2600 1083 2669 plius
1110 2599 1146 2652 ad
1169 2601 1197 2652 le
1221 2613 1280 2652 non
1303 2597 1591 2669 appropinquabunt.
1616 2596 1680 2650 »Et
1703 2595 1840 2652 addidit:

126 2686 217 2757 igitur
228 2700 373 2756 nusquam
382 2685 839 2756 abscedens,praescntiaselare,
853 2688 957 2742 oratio·
1009 2686 1244 2759 «cognoscisne
1267 2687 1336 2740 me‘?
1357 2685 1439 2749 Quod
1462 2700 1529 2740 eum
1549 2685 1597 2739 ille
1619 2687 1753 2757 negaret,
1775 2684 1839 2739 ait:

123 2773 212 2828 nibus
223 2772 633 2843 vaca.Nequeeaimvieurus
644 2789 677 2828 es
691 2790 758 2828 cum
769 2775 957 2844 quibusprae·
1010 2796 1022 2826 r
1038 2775 1102 2846 Ego
1118 2791 1194 2844 sum,
1218 2775 1321 2845 inquit,
1346 2773 1500 2844 Martinus,
1523 2773 1614 2844 hujus
1634 2774 1691 2828 loci
1715 2775 1798 2827 tutor
1813 2775 1843 2827 et

122 2861 225 2929 liabor,
235 2860 294 2914 imo
305 2859 425 2914 horrido
440 2863 563 2930 aspectu
580 2860 704 2915 sormam
719 2862 777 2917 sibi
793 2864 867 2917 satis
883 2877 955 2916 con·
1008 2863 1154 2935 provisor,
1166 2863 1223 2918 suh
1239 2861 1327 2934 cujus
1336 2861 1477 2916 auxilium
1485 2861 1657 2934 confugisti.
1673 2860 1840 2932 nhdquam

123 2964 237 3021 gruem,
258 2947 408 3003 corvinam
424 2948 549 3017 scilieet,
565 2948 733 3005 induerunt.
755 2973 765 2996 r
782 2950 911 3020 Dixerat,
928 2953 957 3004 et
1009 2967 1114 3006 vocem
1128 2952 1243 3006 enitens
1258 2950 1307 3005 ille
1322 2950 1461 3020 prosilire
1482 2951 1518 3004 de
1532 2949 1650 3020 lectulo,
1667 2953 1736 3019 post
1751 2950 1843 3004 tante

123 3037 221 3091 subito
235 3035 303 3107 ejus
319 3035 412 3090 facies
422 3040 482 3091 tota
494 3037 671 3106 immutatur,
688 3038 764 3092 oculi
776 3038 860 3092 venis
876 3038 955 3092 intu-
1009 3040 1136 3095 visionis
1152 3037 1565 3093 abscessumaservientihus
1581 3036 1639 3092 sibi
1648 3040 1787 3108 repertus
1796 3039 1845 3092 est

122 3127 259 3180 mescunt
274 3124 458 3196 sanguineis,
475 3128 503 3180 et
519 3126 631 3180 versati
647 3125 810 3181 terribilem
822 3125 955 3196 praebent
1009 3129 1114 3199 pedem
1129 3125 1273 3196 exteriuS,
1291 3129 1322 3183 ut
1336 3127 1429 3182 sancti
1446 3126 1537 3198 pedes
1546 3126 1680 3198 amplecti
1695 3125 1842 3181 voluerat.

122 3211 275 3279 intuitum
292 3227 326 3267 os
342 3212 538 3268 distortumin
552 3218 653 3283 partes
669 3229 791 3283 spumas
807 3215 954 3286 sanguine
1010 3215 1080 3270 lude
1096 3217 1190 3270 accito
1207 3231 1360 3271 oeconcmo
1380 3214 1587 3270 decubantium
1605 3229 1611 3270 :
1635 3237 1646 3264 a
1662 3213 1776 3285 Sucrm,
1791 3214 1844 3286 ait,

123 3300 250 3356 iniectas
266 3300 385 3370 evomit,
401 3316 469 3356 cum
485 3301 760 3373 membreejusdem
770 3302 955 3373 nullaquiete
1010 3304 1158 3360 unctionis
1170 3303 1341 3376 mysterium
1352 3303 1423 3357 mihi
1431 3302 1606 3374 quantocius
1617 3302 1754 3358 exhiheri
1761 3305 1845 3357 sata-
1868 3300 1871 3305 ’

130 3388 276 3445 fruantur.
286 3388 400 3444 Interea
410 3387 500 3443 trater
511 3390 561 3459 qui
573 3389 684 3456 ederat,
695 3391 781 3460 coepit
791 3390 955 3460 trepidare;
972 3351 1081 3463 cgite,
1098 3392 1166 3462 quia
1181 3392 1319 3446 dominns
1334 3406 1418 3445 meus
1434 3389 1578 3446 Martinus
1593 3391 1630 3445 ita
1645 3390 1718 3445 mihi
1733 3406 1847 3462 praece-

128 3476 197 3547 quis
212 3477 289 3531 enim
313 3493 372 3532 uon
395 3479 500 3546 paveat
523 3477 559 3530 ad
581 3477 661 3530 hoc?
683 3476 752 3532 Solo
767 3480 864 3531 eutem
879 3481 958 3531 metu
1009 3478 1060 3551 pit.
1077 3478 1158 3543 Quod
1174 3483 1514 3549 postqunmsuscepero,
1530 3478 1689 3534 decaetero
1705 3478 1844 3534 mascia-

77 3578 84 3593 ·
128 3564 564 3634 orationiprocubnit3tamque
580 3564 630 3618 diu
653 3565 833 3634 protrahitur
851 3565 957 3637 agonia
1008 3567 1048 3621 tis
1060 3582 1115 3621 nec
1131 3567 1290 3638 quidquam
1315 3567 1482 3621 locuturum
1498 3582 1553 3621 nec
1572 3567 1723 3637 quidpiam
1738 3570 1846 3640 gusta·

127 3652 298 3725 pugnantis,
311 3653 380 3707 dum
392 3654 443 3723 qui
460 3653 575 3706 astabat
592 3654 705 3721 septem
718 3652 851 3724 psalmos
866 3653 958 3723 pmni·
1009 3659 1117 3710 turum.
1134 3654 1212 3709 Satis
1228 3655 1305 3708 enim
1328 3653 1424 3709 tidelis
1439 3656 1485 3708 est
1506 3669 1596 3725 aquo
1620 3654 1685 3709 hoec
1700 3654 1813 3708 audivi.
1830 3678 1842 3703 ι

127 3740 447 3796 tentialesctletaniam
460 3739 870 3810 expleretTuncqnetaadem
879 3757 960 3813 aeger
1010 3744 1072 3799 Neo
1087 3759 1180 3812 mora,
1197 3760 1249 3812 pro
1266 3758 1346 3797 mora
1362 3742 1491 3796 lldclium
1499 3741 1662 3814 inungitur,
1671 3745 1710 3810 ct,
1728 3743 1845 3812 uepre-

127 3828 215 3883 rediit
230 3828 261 3883 in
273 3829 415 3898 seipsum,
429 3833 457 3883 et
470 3828 528 3882 sibi
541 3829 648 3883 astanti
664 3829 703 3883 ait
721 3844 726 3884 :
746 3852 756 3878 r
775 3827 829 3898 En,
846 3828 958 3899 inquit;
1011 3832 1134 3901 dixerat,
1153 3831 1281 3901 quandiu
1297 3830 1470 3901 supervixit,
1481 3845 1535 3884 nec
1551 3829 1709 3901 quidquam
1725 3830 1846 3887 locutus

127 3914 229 3985 trater,
237 3914 297 3970 Deo
305 3920 488 3987 protegente,
499 3916 602 3971 hostes
612 3917 694 3970 evasi
705 3935 712 3983 ;
724 3917 824 3987 tu,qui
834 3917 904 3970 mihi
914 3916 959 3971 la·
1012 3923 1068 3984 est,
1085 3934 1139 3974 nec
1155 3919 1305 3991 quidpiam
1319 3920 1460 3991 gustavit.

127 4001 246 4057 boranti
260 4005 346 4074 quasi
369 4004 556 4060 collaborans
581 4004 711 4074 astitisti,
724 4004 786 4075 jam
803 4020 961 4076 parumper
1046 4009 1073 4062 7.
1091 4009 1122 4062 ln
1138 4009 1240 4062 eodem
1250 4008 1386 4063 coenobio
1396 4008 1597 4080 puerquidam
1612 4008 1687 4062 intra
1696 4007 1847 4064 decimum

128 4087 250 4162 indulge
264 4091 365 4161 quieti.
383 4092 475 4147 Nocte
491 4093 569 4148 enim
584 4092 746 4148 imminenti
756 4109 871 4149 mecum
885 4093 960 4165 vigi·
1012 4097 1066 4150 aevi
1082 4112 1201 4165 annum,
1216 4095 1483 4162 nomineloannes,
1500 4097 1536 4151 de
1547 4098 1645 4151 castro
1653 4095 1756 4151 Sancti
1765 4095 1847 4151 Mar-

126 4176 190 4233 lare
205 4177 311 4249 hahes,
328 4180 503 4235 discessuro
525 4196 541 4234 a
565 4180 663 4236 vobis.
684 4204 693 4229 a
711 4180 809 4236 Verba
824 4183 961 4253 sequitur
1010 4185 1091 4240 tinia
1105 4182 1278 4255 pareatibus
1294 4184 1432 4256 religioni
1450 4183 1536 4239 dctus
1552 4188 1607 4240 est.
1624 4182 1718 4256 Cujus
1734 4185 1766 4239 in
1780 4200 1847 4241 oevo

127 4262 263 4337 effectus,
279 4266 403 4339 ipsaque
419 4270 516 4339 nocte,
536 4271 566 4322 ut
588 4269 774 4338 praedixerat,
787 4269 961 4325 dissolvitur
1010 4272 1847 4344 puerilimaturitasmaturisetiamsensibusadmirabilis

127 4368 292 4427 acorpore.
309 4355 332 4411 Ο
347 4361 454 4428 quanta
469 4356 522 4410 Dei
534 4354 702 4412 clementini
716 4373 773 4428 qua
788 4357 818 4413 in
834 4373 960 4428 corpore
1010 4366 1081 4417 erat.
1104 4362 1197 4415 Nemo
1222 4376 1289 4415 eum
1303 4363 1467 4416 resolutum
1487 4362 1560 4431 risu,
1576 4377 1663 4417 nemo
1679 4377 1846 4417 censuram

127 4443 224 4515 posito
240 4445 268 4497 et
282 4459 416 4514 pugnare
432 4444 511 4499 dedit
526 4448 627 4501 contra
639 4446 789 4500 daemones
800 4446 959 4515 hominem,
1012 4449 1120 4504 silentii
1136 4448 1342 4518 excedentem,
1359 4464 1446 4505 nemo
1461 4449 1530 4504 dum
1546 4449 1656 4520 vigiliae
1670 4453 1846 4522 agerentur,

128 4532 158 4587 et
170 4534 352 4603 pugnantem
365 4532 484 4586 vincere
503 4548 509 4586 :
526 4535 558 4586 ut
572 4536 601 4586 et
614 4532 715 4587 labore
726 4549 836 4604 pugnae
851 4537 959 4603 praete-
1012 4553 1079 4592 cum
1090 4536 1200 4591 coevis
1216 4552 1321 4592 somno
1330 4537 1412 4606 vidit,
1420 4541 1450 4592 ut
1461 4537 1554 4592 moris
1563 4540 1619 4608 est,
1630 4537 1845 4610 indulgentem.

126 4617 183 4674 rita
198 4622 293 4674 errata
311 4622 463 4691 purgaret,
480 4621 585 4675 animae
602 4623 698 4674 autem
713 4636 778 4675 suae
793 4621 959 4677 absolutio·
1013 4624 1192 4695 llelulgehat
1212 4625 1242 4678 in
1264 4625 1346 4680 vultu
1368 4624 1435 4695 ejus
1452 4626 1587 4696 quaedam
1610 4641 1677 4679 cum
1699 4627 1847 4698 gravitate

126 4705 174 4761 nis
185 4705 289 4762 horam
303 4707 401 4762 notam
416 4705 535 4762 laceret.
1014 4712 1199 4782 simplicitas,
1210 4712 1337 4784 ejusque
1347 4713 1589 4783 puerilesoculos
1597 4713 1692 4784 pudor
1699 4714 1848 4770 innocen-

163 4794 191 4848 6.
202 4795 260 4849 Per
270 4793 348 4849 idem
358 4792 421 4850 fere
435 4797 551 4864 tempus
569 4795 688 4868 quidam
699 4795 793 4851 laicus
808 4796 844 4852 de
860 4799 957 4856 castro
1013 4799 1254 4871 tiaeconlovebat,
1263 4802 1293 4854 ut
1304 4801 1333 4854 in
1342 4817 1375 4856 se
1387 4800 1600 4871 aspicientibus
1608 4800 1707 4857 divino
1716 4801 1848 4873 quodam

128 4880 210 4937 Beati
221 4881 338 4939 Martini
353 4881 383 4939 in
393 4883 497 4939 eodem
509 4884 643 4940 omnobio
655 4893 832 4954 conversus,
850 4886 886 4940 ad
897 4886 957 4941 exi·
971 4882 999 4944 D
1014 4888 1118 4945 intuitu
1134 4890 1293 4960 castigaret
1314 4889 1477 4959 levitatem,
1500 4904 1534 4943 ac
1556 4889 1688 4945 divinum
1707 4890 1848 4948 timorem

125 4970 188 5023 tum
203 4971 387 5040 properabat.
401 4971 456 5028 llic
477 4971 505 5026 in
526 4972 653 5044 quodam
671 4973 835 5031 diversorio
852 4975 957 5029 domus
1014 4976 1180 5047 inspiraret.
1190 4975 1283 5048 (laqus
1299 4976 1695 5046 senectutemvenembilem,
1707 4992 1769 5032 non
1780 4978 1849 5036 diu·

126 5053 319 5129 infirmorum,
330 5074 369 5115 ne
378 5061 423 5116 vel
436 5061 484 5114 alii
493 5061 656 5115 molestiam
669 5060 705 5115 ab
721 5077 767 5130 eo,
784 5061 828 5116 vel
845 5063 910 5132 ipse
920 5063 957 5117 ab
1013 5064 1285 5133 turnam,Dominus
1297 5065 1441 5119 festinans
1450 5064 1620 5119 educerede
1629 5065 1725 5120 medio
1736 5066 1849 5138 iniqui-

14 5166 21 5174 ·
127 5141 194 5196 aliie
210 5149 367 5217 pateretur,
377 5149 512 5203 cubabat.
524 5149 619 5204 Media
634 5152 730 5204 autem
746 5150 803 5219 die,
820 5166 891 5205 ecce
902 5151 959 5207 dte·
1013 5156 1119 5221 tutum,
1135 5153 1210 5207 intra
1220 5168 1315 5207 annos
1331 5153 1507 5209 innocentiae
1523 5153 1709 5208 innocentem
1720 5168 1850 5224 puerum

127 5245 231 5286 mones
247 5233 359 5289 visibili
374 5237 475 5305 specie
495 5236 809 5308 AEthiopibussimilas
825 5238 960 5310 ingressi
1012 5240 1159 5297 molestiis
1185 5240 1389 5310 corporalibus
1413 5241 1507 5313 allligi
1526 5241 1671 5313 permisit.
1686 5239 1805 5306 Quibus
1819 5243 1850 5298 in

127 5317 164 5372 ad
186 5333 266 5388 eum,
290 5320 429 5378 lectulum
450 5325 517 5396 ejus
540 5327 809 5381 circumsteterunt.
829 5324 960 5390 Quorum
1013 5328 1851 5401 diesaugmentacapientibus,religiosuspuerpraescius

127 5420 205 5461 unus
220 5412 248 5462 et
262 5407 327 5477 ipse
341 5410 511 5481 terribilior,
533 5416 562 5468 et
585 5414 787 5485 magnitudine
806 5415 962 5483 procerior
1013 5419 1226 5487 extremorum,
1243 5416 1379 5472 abbatem
1392 5417 1460 5488 loci,
1476 5417 1643 5473 Garterium
1660 5417 1701 5488 (d)
1715 5418 1850 5491 nominc,

130 5644 144 5701 1
164 5574 203 5703 ἓξ)
223 5576 330 5635 Nullus
344 5577 400 5636 tut
412 5579 503 5657 ¹²thss
519 5583 646 5667 nominis
661 5583 784 5666 Maioris
794 5583 888 5640 abbas
897 5584 1078 5644 llonasterii.
1090 5588 1261 5660 Legendum
1274 5588 1446 5644 hauddubie
1460 5588 1636 5660 Garnerius,
1651 5588 1703 5662 qui
1717 5588 1756 5645 ab
1772 5604 1851 5647 anno

148 5646 161 5702 1
214 5663 309 5722 usque
324 5648 362 5707 ad
376 5666 484 5709 unum
500 5652 569 5707 llio
588 5655 716 5722 praeturt.
