3900 6112
58 345 118 411 aaa
763 321 895 389 meaa
917 318 1092 386 ramus.
1735 335 1794 403 aaa

64 558 170 617 regem
185 541 368 614 mitigarent,
384 533 567 605 interpositis
594 529 706 600 aliquot
733 525 840 580 dicbus
868 521 903 577 ad
917 501 948 563 Α
962 535 1127 590 properans
1136 520 1268 576 dicebat:
1283 544 1293 568 u
1306 521 1381 587 Quid
1390 526 1432 592 tu,
1449 541 1466 580 ο
1480 528 1664 586 misserrima
1679 531 1789 606 Teddo,

64 633 242 704 episcopum
254 629 361 684 iterum
376 624 524 689 veniebat,
540 620 666 691 suisque
680 614 821 686 precibus
836 627 904 666 suo·
961 610 1030 682 quid
1042 613 1072 665 tu
1082 609 1285 680 patriarelicta
1295 611 1371 665 inter
1380 612 1525 669 barbaros
1534 616 1702 674 devenisti?
1713 621 1790 679 Ecce

61 719 256 793 queingenio
285 718 416 788 paratam
439 709 669 780 expeditionem,
693 719 765 776 rege
786 701 905 773 quidem
959 699 1124 770 tuisplana,
1137 699 1190 753 sed
1209 702 1236 753 et
1245 698 1334 770 digna
1343 704 1568 772 reconpensatio
1577 707 1700 779 meritis,
1711 713 1790 781 quod

63 807 280 875 mansuefacto,
305 804 460 876 quievisse
482 798 618 856 referens
644 793 808 866 jactitabat.
839 788 902 842 liae
958 794 1040 843 tuum
1051 789 1164 858 patrem
1175 789 1310 842 sanctum
1320 787 1495 846 Severinum
1505 793 1660 865 reliquisti.
1680 819 1690 846 ι
1712 799 1791 855 lnter

64 897 166 952 frauda
173 894 312 966 episcopi
323 893 448 965 gratiam
456 892 588 959 captans,
600 883 756 940 maximam
782 878 904 949 opuleu-
959 876 1102 948 haecergo
1112 877 1281 947 episcopus,
1293 878 1560 953 alentonaufragio
1570 888 1688 940 enatare
1699 901 1789 940 cona-

63 985 287 1041 tiamdonorum
294 981 471 1051 excipiebat,
480 977 649 1032 immovero
659 986 726 1027 cum
735 968 802 1023 aliis
817 968 904 1021 bene·
958 969 1016 1034 tus,
1033 963 1183 1020 Coloniam
1192 966 1365 1037 revertitur3
1381 972 1410 1021 et
1424 984 1461 1023 ne
1476 969 1586 1025 diutius
1612 974 1701 1028 tantis
1723 990 1789 1030 ver-

62 1075 138 1132 papa
146 1073 310 1129 ainamma
321 1067 580 1126 aamenLambras
592 1062 768 1118 extorserat.
784 1056 816 1111 ld
826 1070 903 1126 quo·
956 1054 1079 1108 heribus
1095 1057 1275 1125 quateretur,
1293 1057 1392 1125 credo,
1414 1057 1474 1113 Deo
1500 1060 1660 1116 miserante
1685 1064 1788 1119 morbo

62 1180 113 1237 que
125 1157 507 1230 Herivvardusaliqnnndo.
519 1154 574 1209 llio
590 1154 656 1207 ante
665 1163 717 1222 pre
731 1144 902 1201 infidelitate
956 1146 1112 1213 correptus
1122 1143 1261 1215 migravit
1276 1159 1292 1197 a
1309 1145 1431 1216 saeculo,
1453 1149 1482 1201 et
1498 1148 1527 1202 in
1545 1149 1669 1205 basilica
1692 1153 1787 1206 sancti

61 1252 162 1308 aauata
173 1251 332 1322 episeopo,
342 1246 512 1318 raptoribus
524 1255 650 1314 quorum
658 1231 902 1303 mentionemjam
956 1230 1091 1286 Severini
1109 1233 1243 1302 sepultus
1261 1236 1316 1288 est.
1326 1232 1388 1288 Nec
1400 1232 1442 1277 ¹7⁰
1449 1239 1687 1309 pretereundum,
1709 1241 1787 1312 quod

61 1341 198 1411 lecimus,
212 1339 345 1395 Rainero
355 1335 493 1390 videlicet
503 1335 591 1403 atque
600 1327 770 1394 boniberto,
779 1319 900 1378 seaddi·
955 1319 981 1373 ei
992 1336 1008 1373 a
1020 1335 1152 1390 superna
1163 1321 1270 1391 pietate
1281 1338 1488 1378 concessuma
1505 1326 1594 1381 certis
1608 1326 1786 1386 relatoribus

60 1431 93 1484 dit
103 1446 111 1498 ς
121 1431 333 1484 verumtamen
344 1425 402 1480 sub
418 1424 465 1478 his
480 1434 584 1492 parum
604 1415 776 1488 proficiens,
796 1411 901 1480 postea
955 1409 1135 1478 accepimus.
1147 1408 1277 1474 Quadam
1287 1411 1594 1483 namquedio,dumin
1605 1418 1786 1474 monasterio

59 1518 89 1573 aa
103 1518 289 1588 apjaaapum
303 1515 360 1571 sub
378 1511 478 1584 specie
498 1507 646 1565 fidelitatis
671 1501 822 1560 remeavit.
844 1496 898 1564 Qui
954 1500 1066 1552 sanctae
1077 1497 1277 1568 Muricesuper
1288 1500 1378 1556 altare
1390 1501 1655 1558 sanotiSalvatoris
1666 1520 1785 1559 sacrum

60 1609 143 1662 etiam
153 1605 293 1660 versutis
302 1602 481 1658 factionibus
495 1602 581 1668 atque
598 1591 815 1650 adulationibus
839 1586 896 1642 sub
953 1586 1126 1656 mysterium
1143 1587 1318 1658 celebraret,
1333 1594 1362 1644 et
1374 1590 1424 1644 ubi
1435 1593 1564 1662 ventum,
1577 1593 1656 1662 quod
1675 1608 1784 1664 corpus

61 1695 187 1766 qondam
199 1693 303 1765 specie
318 1689 525 1747 familiaritatis
541 1685 666 1758 gratiam
685 1678 819 1754 episcopi
838 1675 897 1730 sibi
953 1674 1139 1730 Dominicum
1150 1675 1280 1731 demere
1291 1678 1513 1732 sacerdotaliad
1531 1695 1565 1735 os
1581 1679 1686 1736 offerre
1705 1682 1782 1737 debe

60 1783 278 1852 emercabatur,
294 1783 380 1852 eique
396 1778 553 1850 aliquando
564 1773 732 1846 suspiciosa
743 1775 772 1826 et
786 1766 896 1822 verisi-
911 1748 937 1811 B
952 1767 997 1818 ret
1009 1781 1014 1818 :
1026 1780 1094 1818 mox
1104 1764 1248 1820 mirumin
1266 1766 1384 1821 modum
1399 1767 1464 1838 ipsa
1483 1770 1667 1823 sacrosancti
1680 1785 1784 1840 corpo·

61 1874 117 1928 affl
127 1871 382 1928 aammaatatlaaa
392 1869 478 1924 datas
493 1866 726 1932 machinabatur,
752 1877 896 1919 assaraaa
952 1852 996 1906 ris
1011 1853 1155 1908 conlectio
1169 1854 1205 1907 ad
1221 1856 1324 1909 nutum
1341 1855 1473 1925 episcopi
1487 1856 1601 1911 caelitus
1617 1857 1783 1930 sublevata,
1866 1912 1870 1917 ,

59 1963 197 2017 aaafiaat
208 1960 382 2031 Rapaaaaaa
391 1955 678 2028 atqaaLaatbartum
689 1953 725 2007 aa
740 1953 818 2007 bana
833 1952 896 2020 api.
952 1942 1088 1996 manibus
1099 1942 1176 2013 ejus,
1189 1943 1335 1997 ministris
1346 1943 1533 2013 mirantibus,
1544 1944 1667 1999 insiluit.

60 2051 139 2120 scopi
147 2049 335 2105 devastanda
352 2046 461 2118 parari.
478 2045 561 2100 lianc
575 2044 673 2114 itaque
689 2040 764 2096 false
780 2055 896 2110 compo·
987 2046 1047 2102 lut.
1058 2048 1144 2118 (100.)
1154 2039 1443 2103 Knrolnsciurcausa
1461 2051 1577 2106 titionis
1593 2051 1784 2108 Camaracum

60 2141 142 2194 sitam
157 2137 393 2210 suggestionem
407 2134 509 2205 presul
525 2147 597 2187 vere
625 2130 788 2201 accipiere,
817 2127 897 2182 haud
950 2138 1108 2210 inpressas
1122 2138 1211 2192 multa
1231 2137 1307 2191 mala
1324 2137 1429 2192 edidit.
1444 2137 1507 2204 Quo
1523 2138 1673 2209 defunctu,
1692 2141 1784 2198 multo

59 2224 417 2284 modioct'isolliciiaiione
440 2221 710 2293 constringebatur,
735 2218 845 2288 illique,
870 2217 897 2270 Sl
949 2226 1112 2296 asperioris
1128 2226 1304 2296 pestileniiae
1320 2241 1411 2280 causa
1432 2228 1575 2297 exoritur,
1601 2228 1692 2284 multa
1713 2233 1785 2283 tam.

60 2333 114 2388 quo
124 2331 239 2389 genere
250 2313 364 2387 ingenii
377 2312 570 2383 cosmitigure
581 2309 693 2364 valeret
715 2321 751 2361 110
766 2307 894 2376 veniunt,
949 2314 1190 2384 pestuosioribus
1204 2314 1344 2383 procellis
1363 2314 1500 2369 ecclaesia
1523 2314 1783 2372 Cameracensium

60 2405 320 2460 commutationem
330 2401 429 2457 multoe
445 2399 592 2455 mercedis
614 2397 819 2468 pollicebatur·
841 2394 896 2460 Qui
949 2403 1150 2474 naufragatur.
1158 2401 1310 2473 Siquidem
1320 2403 1623 2472 imperatoralinibus
1634 2406 1682 2460 sui
1697 2407 1784 2478 regni

60 2495 195 2563 protinus
204 2491 242 2546 ad
252 2489 486 2546 falsitatisiilaioe
498 2487 701 2557 suspicionem
716 2483 894 2539 confirmati·
948 2491 1051 2562 procul
1068 2492 1216 2557 remotus,
1234 2505 1325 2559 super
1345 2490 1507 2546 sclavones
1527 2507 1602 2563 quos
1623 2493 1784 2549 adversum

59 2582 121 2635 dam
144 2579 348 2651 illosquidem
373 2576 552 2650 mitigandos
576 2575 657 2631 adire
681 2573 893 2642 assimulans,
947 2581 1021 2634 ierat
1031 2579 1245 2651 expugnandos
1255 2579 1439 2649 morabatur3
1455 2579 1609 2652 relictique
1629 2583 1782 2652 principes

57 2662 907 2746 aliorsnmdeclinat,etpaulopostrcmeansquasiimpe-¹
948 2668 1186 2738 Lothariensum,
1218 2668 1357 2738 quidnam
1381 2668 1417 2722 de
1435 2669 1622 2725 restitutione
1647 2670 1782 2741 episcopi

55 2760 125 2811 trata
135 2772 232 2827 pace,
245 2753 615 2827 promissasibireposcit.
640 2752 718 2808 Huic
741 2751 840 2822 itaque
866 2753 894 2806 et
948 2757 1088 2826 iacerent,
1100 2756 1299 2829 ambigebant.
1314 2756 1380 2810 lam
1397 2772 1469 2812 vero
1488 2757 1661 2812 Lotharium
1679 2774 1782 2832 regem

56 2845 301 2915 aliisperniciose
318 2840 895 2912 illudentibustantaimpendit,ntadhuc
948 2861 997 2900 res
1019 2845 1227 2900 Atrebatensis
1251 2845 1394 2916 episcopii
1418 2858 1583 2915 occupasse
1609 2847 1778 2918 audierant,

54 2934 145 2988 sedes
153 2932 346 3004 episcopalis,
357 2933 412 2988 sed
423 2935 451 2987 et
460 2932 558 2986 omnis
566 2931 734 3001 parrochia,
746 2945 780 2984 se
795 2929 893 2984 divul·
948 2937 1073 3005 ideoque
1085 2934 1165 2986 illum
1177 2933 1306 2987 fortasse
1315 2934 1413 2988 subita
1423 2934 1594 2989 incursione
1603 2935 1708 2989 urbem
1717 2934 1780 2989 Ca-

52 3023 331 3094 samingemiscera
346 3021 492 3075 videatur.
515 3019 577 3075 Sub
601 3020 656 3074 hac
681 3021 769 3074 etiam
790 3020 892 3088 specie
906 3051 933 3117 c
947 3023 1443 3091 meracensiumpervasurumesse
1453 3021 1662 3077 formidabant.
1682 3023 1779 3088 Quare

53 3111 118 3180 ipse
127 3110 329 3166 Heriwardus
339 3109 508 3165 advocatias
520 3109 735 3180 aliquantarum
754 3107 892 3163 villarum
947 3113 1079 3180 comites,
1097 3109 1274 3165 Godeiridue
1284 3109 1430 3178 videlicet,
1443 3125 1501 3179 quo
1512 3110 1653 3181 dignitate
1664 3126 1779 3167 morum

54 3199 205 3270 qnasipro
215 3197 393 3254 defensione
415 3199 607 3268 presumpsit,
633 3197 688 3251 scd
713 3197 781 3266 plus
803 3212 892 3267 quam
945 3202 1019 3256 alter
1032 3198 1184 3268 illustrior,
1202 3197 1276 3252 alter
1290 3213 1350 3252 non
1366 3199 1428 3251 erat
1444 3197 1571 3252 consilio
1585 3200 1775 3270 prestantior,

51 3289 193 3342 inimicus
204 3287 307 3357 praedo
318 3287 451 3342 assiduis
462 3285 668 3341 exactionibus
679 3285 855 3340 devastavit.
945 3289 1088 3344 Arnnlfus
1110 3302 1242 3358 quoque,
1269 3286 1425 3340 admodum
1447 3286 1611 3355 sollicitati,
1636 3287 1776 3343 Karolum

85 3373 379 3445 loo.(99.)l)eocitu
399 3375 541 3431 Tetdonis
554 3375 694 3446 episcopi,
721 3373 839 3446 etquid
862 3373 893 3427 iu
945 3380 1050 3434 ducem
1060 3376 1142 3449 regis
1155 3374 1443 3443 Lhothoriifratrem,
1451 3389 1538 3444 quem
1546 3373 1779 3445 Ottoimperator

54 3464 263 3519 celebratione
273 3463 482 3520 missaedivina
485 3465 586 3535 pietas
594 3463 740 3519 adnutum
751 3462 817 3534 ejus
827 3477 893 3534 ope·
944 3466 1045 3522 multis
1064 3464 1218 3520 beneficiis
1233 3463 1420 3534 conductum,
1446 3465 1478 3517 ut
1495 3461 1633 3518 fraternis
1648 3464 1777 3519 motibus

55 3559 148 3606 ratur.
161 3551 226 3607 Sub
233 3551 326 3623 hauns
336 3555 433 3607 autem
441 3555 583 3622 tempora,
594 3551 797 3607 ltrnnltosene
808 3551 893 3606 Flan·
946 3570 1049 3611 secum
1060 3554 1166 3609 fortior
1174 3553 1339 3621 resisteret,
1358 3551 1486 3606 citeriori
1503 3550 1705 3624 Lctbaringiea
1719 3553 1776 3609 sub

54 3641 211 3695 dransinm
226 3640 334 3695 comite
348 3644 473 3710 mortuo,
490 3656 559 3695 mox
582 3640 702 3695 irruens
731 3640 892 3695 Lctbarius
945 3660 979 3701 se
993 3645 1160 3715 prefecerat
1174 3672 1209 3682 -
1223 3641 1318 3708 hunc,
1343 3640 1479 3712 inquam,
1501 3641 1606 3696 collato
1630 3641 1778 3713 utrimque

54 3727 813 3799 rextio'i),possessionnesillius,abatiasvidelicet
825 3744 893 3782 san·
945 3733 1070 3789 consilio
1086 3730 1186 3785 adorsi
1201 3731 1390 3798 monuerunt,
1413 3731 1444 3784 ut
1462 3729 1567 3784 urbem
1584 3745 1639 3784 suo
1656 3733 1776 3800 pastore

56 3819 92 3870 eti
102 3817 245 3884 timendi,
258 3816 412 3888 sanctique
421 3817 542 3872 vedasti
552 3833 619 3873 cum
629 3818 762 3887 castello,
780 3819 892 3874 Duvai-
945 3822 1076 3878 orbatam
1083 3820 1257 3874 festinanter
1264 3819 1433 3890 ingressus,
1446 3817 1482 3872 ab
1494 3818 1664 3873 incursione
1674 3818 1774 3873 fratris

56 3920 264 3978 eumqnoquc,
281 3906 380 3960 sedet
404 3907 502 3961 omnia
526 3922 622 3979 usqne
642 3908 678 3962 ad
699 3909 821 3963 fluvium
840 3908 892 3963 Lis
944 3912 1114 3977 immunem,
1127 3907 1207 3962 seda
1222 3907 1336 3961 cunctis
1355 3921 1473 3979 quoque
1489 3907 1702 3977 pervasoribus
1721 3906 1775 3963 de·

57 4009 118 4048 cnm
133 3996 217 4049 omni
232 3995 426 4064 occupatione
442 3996 559 4050 invasit.
585 3995 668 4061 Quod
693 4000 772 4052 certe
797 3998 890 4052 maxi·
944 4000 1084 4068 senserat,
1101 3996 1308 4066 vassallosque
1325 3994 1460 4065 ejusdem
1477 3995 1536 4050 loci
1554 3996 1590 4050 ad
1606 3995 1776 4052 fidelitatem

56 4097 131 4137 mum
142 4088 258 4138 metum
269 4083 397 4138 incussit
408 4084 559 4155 episcopo,
572 4084 743 4156 conjicienti
754 4086 892 4142 videlicet
944 4088 1131 4157 imperatoris
1141 4087 1326 4140 sacramento
1335 4087 1364 4137 et
1374 4082 1531 4137 obsidibus
1543 4083 1773 4156 constringeret,

55 4170 133 4226 illum
143 4186 251 4244 regem
260 4186 327 4226 mox
337 4171 467 4227 fortasse
475 4173 659 4228 suametiam
673 4174 787 4244 urbem,
810 4176 889 4246 quod
944 4177 1013 4231 dnm
1026 4175 1185 4245 imperator
1202 4187 1381 4227 reversurus
1396 4171 1426 4226 in
1447 4173 1580 4240 patriam,
1600 4171 1775 4240 episcopum

56 4261 185 4328 proxima
202 4264 295 4329 esset,
312 4265 534 4332 occupaturum.
551 4262 606 4317 His
622 4263 714 4334 igitur
727 4267 755 4319 et
776 4265 885 4337 hujus·
943 4265 1101 4320 rediberet.
1114 4262 1190 4317 Huic
1204 4260 1328 4315 consilio
1344 4258 1471 4313 Karolus
1496 4258 1622 4313 libenter
1645 4259 1774 4313 accessit

57 4348 129 4402 modi
144 4349 279 4404 motibus
294 4364 413 4420 semper
437 4349 570 4421 affectus,
595 4367 723 4408 moerore
750 4353 885 4410 tabesco·
943 4353 997 4410 sed
1016 4351 1091 4406 male
1107 4353 1246 4418 tractans,
1261 4364 1321 4402 non
1335 4361 1429 4417 aequae
1449 4344 1633 4401 executionis
1650 4349 1717 4401 actu
1736 4345 1773 4400 li-

58 4434 110 4505 bat,
120 4437 241 4509 sibique
256 4437 414 4509 aliquando
429 4454 496 4494 cum
510 4439 601 4495 flebili
621 4441 803 4512 querimonia
827 4444 883 4499 im·
941 4442 1049 4499 bravit.
1063 4441 1138 4495 Nam
1153 4439 1275 4510 copioso
1293 4436 1410 4509 agmine
1424 4436 1579 4491 comitatus
1596 4450 1663 4490 cum
1677 4433 1772 4506 prela·

697 4550 844 4615 VARIAE
871 4550 1117 4618 cauliculus,

64 4723 159 4790 primae
170 4739 313 4847 capuaque
326 4723 414 4780 lineae
428 4725 540 4780 litterae
555 4725 681 4783 abaciam
696 4734 775 4799 sunl,
791 4732 822 4785 in
833 4733 932 4804 prima
976 4747 1009 4786 ec
1024 4747 1053 4799 p,
1069 4730 1100 4782 in
1115 4725 1330 4797 secundaquod
1346 4726 1372 4781 ei
1387 4741 1414 4795 a,
1430 4726 1462 4778 in
1482 4726 1572 4779 tertia
1595 4725 1623 4805 te
1649 4737 1714 4777 con.
1740 4724 1772 4777 ia

10 4844 12 4853 ,
60 4800 194 4912 Znartare
205 4798 246 4862 at,
259 4800 289 4848 et
296 4795 341 4849 sic
349 4795 500 4868 deinceps.
516 4796 626 4851 Damus
641 4798 696 4852 iras
710 4799 840 4869 lacunae,
856 4808 944 4875 prout
960 4799 1156 4857 Coiveuerins
1177 4814 1228 4854 eas
1250 4813 1289 4851 ex
1306 4798 1333 4851 i.
1354 4794 1516 4868 supplevit3
1537 4795 1564 4849 a,
1590 4799 1632 4847 rta
1656 4792 1769 4849 tranet:

60 4879 114 4917 ,οη
127 4881 155 4934 p.
172 4865 254 4934 quod
269 4880 400 4935 superna
414 4883 443 4935 p.
460 4882 486 4921 c.
502 4882 529 4921 a.
546 4884 573 4921 c.
589 4868 753 4940 majoribus
775 4888 802 4927 a.
818 4873 852 4938 Q.
870 4889 899 4929 n.
915 4874 944 4928 d.
961 4873 989 4928 d.
1007 4873 1026 4926 i.
1043 4888 1081 4926 m.
1099 4886 1124 4925 s.
1142 4869 1180 4924 M.
1197 4871 1264 4923 aute
1279 4884 1305 4922 a.
1322 4884 1347 4923 s.
1364 4867 1394 4936 S,
1412 4882 1438 4921 s-
1456 4880 1530 4919 Μ·
1543 4880 1569 4918 0·
1588 4881 1616 4920 ὓ·
1633 4880 1661 4918 V·
1677 4867 1770 4936 ⁰⁸⁸⁰¹i

62 4945 85 5000 q.
98 4949 122 4988 c.
137 4934 319 4992 dominicum
332 4952 413 4992 more
429 4954 460 5009 s,
472 4936 578 4993 offerre
594 4939 622 4994 d.
638 4941 784 4998 mirumin
798 4959 837 5001 m.
853 4943 891 5001 da
905 4942 1092 5001 sacrosancti
1106 4957 1132 4996 c.
1149 4941 1289 5011 mysterio
1317 4938 1354 4994 ad
1369 4953 1398 4992 n.
1422 4935 1556 5007 episcopi
1576 4935 1691 5008 reliqna
1720 4933 1771 4992 de·

64 5012 129 5074 sant,
146 5008 234 5062 arrius
248 5006 336 5063 lineae
350 5007 573 5079 spatioreiieto.

98 4647 136 4693 ¹7¹³
149 4651 215 4707 Nec
228 4681 265 4691 -
278 4652 391 4708 insiluit
405 4658 507 4710 auctor
517 4654 581 4727 ipse
588 4662 691 4726 postea
702 4658 734 4711 in
743 4660 878 4733 marpine
889 4659 1052 4786 ευρςῖθνίω
1061 4656 1116 4712 sed
1125 4672 1208 4729 quum
1218 4654 1312 4710 ceder
1330 4669 1345 4708 a
1365 4652 1534 4725 bibliopeqa
1552 4633 1770 4720 concideretur,

782 5140 783 5143 ¹
848 5108 977 5174 NOTAE

91 5206 158 5277 titt)
173 5207 230 5263 llio
281 5209 396 5265 uoedam
425 5210 580 5267 confundit
599 5218 712 5269 noster.
741 5217 886 5274 arnulfus
941 5218 1164 5291 aquisgranum
1178 5230 1288 5272 versus
1304 5213 1484 5283 susceptam.
1502 5211 1594 5268 Porro
1608 5211 1769 5270 Tetdonem

65 5279 258 5357 senexobiitd.
314 5281 412 5336 Martii
423 5281 487 5351 965,
500 5285 530 5337 et
544 5283 702 5340 Letharius
718 5285 887 5343 Flandriam
940 5284 1769 5356 metuLothariiGoloniamsecessisseibiqnedcfunctum

64 5343 557 5409 Gallicanam'eodemannoinvasit.
573 5354 632 5410 Sed
647 5360 783 5427 utsupra
801 5375 827 5414 c.
848 5360 881 5414 87
936 5365 1122 5416 cssenarrat.
1134 5360 1192 5416 Sed
1204 5356 1411 5413 menseadhnc
1427 5356 1567 5410 ianuario
1583 5372 1609 5410 a.
1625 5355 1688 5426 ult,
1704 5356 1724 5411 i.
1740 5371 1766 5411 a.

64 5423 409 5479 certeconstarevidimus
424 5424 814 5499 dibDecssiiiEngrannus
829 5430 879 5484 ad·
934 5447 1041 5488 novem
1061 5432 1147 5487 annis
1169 5433 1238 5502 post
1267 5427 1348 5482 illam
1367 5427 1580 5498 incursionem,
1607 5427 1768 5509 episcopus

64 5483 108 5541 inc
121 5489 368 5549 Cameracensem
382 5495 594 5552 sedemtenuit.
611 5496 653 5552 lta
675 5514 711 5553 ue
726 5516 781 5556 nec
796 5516 879 5556 mors
935 5518 1002 5559 cum
1017 5504 1195 5574 imperatore
1211 5502 1342 5554 castrum
1363 5498 1497 5554 Buxudis
1518 5498 1635 5554 obsedit
1641 5516 1649 5565 ;
1675 5498 1769 5570 igitur

64 5555 583 5642 Amuliinecbotbariiincnrsiosnb
598 5515 739 5625 Tetionis
754 5577 885 5644 tempore
938 5577 1041 5645 poster
1060 5575 1176 5629 demum
1196 5569 1347 5626 Coloniam
1368 5570 1539 5627 secessisse
1557 5571 1669 5642 potest3
1687 5567 1768 5641 quod

63 5632 195 5716 lectitasse
208 5638 318 5707 potest.
333 5634 475 5694 Fortasse
489 5654 555 5695 cum
571 5639 733 5711 hacpriore
749 5641 880 5699 Lotharii
934 5646 1022 5700 taedio
1036 5643 1218 5700 incursionis
1233 5658 1260 5698 a.
1276 5638 1329 5696 965
1364 5645 1465 5700 atratus
1479 5654 1556 5698 auno
1572 5639 1625 5700 9¹15
1640 5653 1695 5699 seu
1712 5636 1767 5706 978

62 5703 237 5774 txpcdtrone
258 5710 362 5768 amtor
391 5708 544 5771 contundit
572 5710 694 5773 alteram
723 5728 799 5774 anuo
827 5712 881 5775 978
935 5713 1034 5777 facere
1049 5716 1138 5774 nimis
1153 5714 1230 5775 leret
1243 5659 1362 5774 ridicutp
1403 5755 1409 5773 .

791 5988 794 5995 ,
890 5903 924 5990 0
