3900 6112
123 269 164 331 aa
215 254 219 261 ¹
393 264 748 331 CONSUETUDINES
772 236 1100 330 GLUNIAOENSES.
1117 298 1156 316 -
1178 265 1307 330 LIBER
1327 269 1553 335 SECUNDUS
1774 273 1834 335 ¹722

118 466 223 530 redeat.
233 462 291 530 Qui
304 463 471 534 rediens,et
485 464 789 536 illamportiunculam
803 456 989 522 DominiciA
1006 466 1056 535 vit,
1073 466 1179 538 accipit
1192 468 1228 523 ab
1243 469 1346 524 eodem
1362 471 1493 538 calicem,
1506 471 1647 527 osculans
1663 472 1690 527 ei
1704 487 1834 541 manum,

115 555 257 626 corperis,
271 568 361 625 quam
377 557 552 624 sumpturus
563 554 663 623 est,de
675 559 781 623 patena
797 555 947 626 accipiens
1005 557 1034 610 et
1048 571 1064 610 a
1079 555 1203 611 diacono
1217 560 1354 626 patenam
1370 558 1484 628 calicis,
1501 559 1537 612 ab
1553 559 1636 614 altari
1652 562 1837 632 superimpo-

114 644 308 706 eumduobus
319 643 425 700 mediis
436 645 537 718 digitis
547 645 677 701 sinistrae
689 649 947 714 manuS,patenam
1005 645 1062 698 sito
1078 660 1135 698 uno
1152 646 1298 714 corporali
1310 650 1459 716 acceptam
1472 663 1479 716 ;
1491 664 1557 702 uam
1570 650 1690 704 alteram
1703 652 1838 705 inlocum

113 733 225 796 modice
242 734 368 790 diacorm
383 735 512 806 porrigit
523 752 530 801 ;
554 736 583 812 et
603 750 694 805 snper
715 736 837 790 calicem
853 735 947 804 ipsam
1005 749 1091 787 suum
1108 749 1200 804 super
1214 735 1306 791 altare
1323 736 1456 807 reponit;
1478 739 1506 791 et
1526 741 1595 791 tunc
1619 737 1667 793 ille
1689 739 1740 809 qui
1759 742 1839 794 tenet

114 822 330 901 portiunculam
344 827 592 893 sumens,postea
602 824 738 878 eumdem
748 824 869 878 calicem
879 840 947 878 cum
1004 823 1171 893 scutellam,
1189 823 1276 879 altius
1289 840 1353 879 eam
1363 825 1496 895 elevans,
1511 827 1590 881 vadit
1606 828 1837 882 antesinistrum

119 911 661 983 sanguinediaconodal.Unusautem
675 911 947 967 deministristellit
1004 926 1096 966 cornu
1109 912 1221 981 altaris,
1238 915 1268 968 et
1289 913 1491 969 subdiaconus
1507 919 1640 970 remanet
1655 931 1722 970 cum
1747 917 1838 971 calice

123 1005 155 1058 de
169 1000 294 1055 armario
308 1000 474 1070 scutellam,
491 1003 520 1055 et
534 1000 650 1056 allatam
660 1005 740 1056 tenet
751 1000 946 1056 cumlintcolo
1003 1000 1070 1054 ante
1086 999 1232 1071 dextrum,
1246 1006 1314 1072 post
1329 1003 1515 1058 sacerdotem
1536 1007 1642 1060 tenens
1658 1020 1726 1059 cum
1749 1005 1840 1060 altera

127 1105 207 1159 super
219 1089 451 1158 reclinatorium,
464 1089 542 1160 quod
558 1093 613 1158 est,
631 1093 773 1161 quantum
785 1093 866 1159 puto,
879 1105 948 1160 pro·
1004 1104 1092 1144 manu
1107 1089 1239 1159 calicem,
1256 1107 1323 1146 cum
1339 1091 1429 1147 altera
1443 1095 1549 1162 patena
1562 1109 1720 1164 parumper
1739 1094 1840 1150 suble-

129 1181 184 1250 pter
198 1176 253 1233 boc
267 1178 396 1233 maxime
411 1178 520 1233 laetum
535 1179 612 1234 inter
626 1179 701 1233 duas
713 1178 818 1233 ciborii
834 1177 947 1233 colum·
1003 1180 1069 1231 vata
1086 1194 1151 1232 cum
1167 1180 1324 1249 corporali.
1338 1180 1560 1236 Verumcontra
1576 1182 1659 1251 ipsos
1674 1185 1754 1237 totus
1770 1199 1839 1239 con·

135 1266 192 1331 ra's3
208 1282 300 1338 super
320 1266 400 1338 quod
414 1267 556 1323 diaeonus
577 1267 663 1322 mittit
687 1271 824 1338 patenam
845 1267 875 1322 in
890 1283 948 1339 qua
1003 1268 1111 1321 ventus
1126 1283 1179 1337 pre
1191 1269 1358 1324 reverentia
1370 1269 1516 1327 Dominici
1527 1272 1661 1342 corporis
1676 1273 1837 1344 etsangui-

135 1355 299 1411 Dominicum
315 1370 425 1426 corpus
444 1358 491 1411 est
510 1357 657 1426 divisum3
683 1357 805 1412 calicem
829 1371 947 1428 queque
1003 1354 1052 1409 nis
1067 1356 1184 1411 veniam
1199 1358 1280 1427 petit.

109 1474 113 1489 ·
138 1444 948 1517 cumsanguinedatsabdiaeonointrinsecusstantiinter
1039 1443 1199 1501 Sciendum
1217 1448 1313 1501 autem
1325 1447 1474 1519 quoniam,
1491 1449 1518 1503 si
1533 1449 1655 1519 quilibet
1669 1452 1738 1520 post
1753 1465 1835 1505 com-

138 1532 334 1589 reclinatorium
349 1537 378 1588 el
392 1532 500 1589 altare:
516 1534 567 1606 qui
584 1535 694 1589 tenebit
713 1551 780 1589 eum
795 1534 946 1604 reclinem,
1003 1549 1122 1589 munem
1137 1535 1254 1589 veniam
1269 1538 1484 1607 supervenerit,
1502 1554 1580 1593 nunc
1595 1538 1625 1592 in
1641 1539 1742 1611 choro,
1758 1556 1836 1594 nune

139 1636 204 1692 qnam
218 1621 409 1693 conjunctius
423 1624 530 1692 poterit
542 1638 616 1694 erga
632 1624 801 1693 scutellam3
814 1639 948 1678 commu·
1004 1625 1088 1676 extra
1104 1623 1228 1680 chorum
1243 1626 1359 1679 veniam
1373 1629 1475 1694 petere
1491 1627 1587 1681 debet.
1602 1626 1743 1682 Similiter
1755 1629 1837 1698 post-

138 1710 195 1765 aicet
206 1711 320 1781 primas
337 1711 490 1782 diaconus,
507 1715 535 1767 et
550 1715 618 1783 post
632 1728 699 1768 eum
714 1712 763 1767 alii
779 1713 948 1767 lorinsecus
1003 1726 1092 1782 quam
1117 1711 1223 1783 aliquis
1241 1715 1503 1769 communicaverit
1523 1720 1632 1786 preater
1654 1716 1729 1770 hanc
1754 1732 1837 1771 eom-

139 1798 303 1869 accedentes,
321 1815 355 1855 eo
370 1800 475 1855 ordine
490 1816 548 1872 quo
564 1803 593 1855 et
607 1801 645 1855 ad
660 1817 772 1872 pacem,
790 1803 817 1856 ct
840 1803 950 1871 praetcr
966 1800 1182 1898 Emunionem
1199 1817 1278 1856 nunc
1294 1805 1360 1856 ante
1375 1803 1465 1858 altare
1481 1803 1511 1858 S.
1528 1804 1668 1875 loannis,
1685 1821 1764 1860 nune
1780 1805 1837 1859 ali-

138 1886 950 1961 illosquiinalbissunt,anthuamcommunicentcuncti
1003 1888 1035 1943 bi
1049 1889 1166 1943 veniam
1182 1891 1465 1946 consuetudinaliter
1486 1893 1568 1963 petit.
1592 1893 1661 1947 lltox
1685 1896 1783 1948 autem
1806 1897 1838 1948 ut

138 1977 229 2031 reniam
245 1978 391 2048 petentes,
409 1980 566 2034 otmarum
583 1980 749 2034 sacerdotis
766 1979 947 2049 osculantes,
1004 1978 1053 2033 ille
1075 1978 1219 2048 minister,
1232 1980 1282 2051 qui
1296 1984 1460 2051 supererat,
1477 1981 1579 2052 digitis
1602 1982 1718 2037 diaconi
1733 1983 1834 2037 vinum

138 2066 178 2119 bn
193 2065 233 2120 illi
250 2082 339 2137 quam
355 2066 415 2122 alii.
443 2066 475 2122 Si
493 2067 561 2138 quis
581 2073 695 2138 autem,
712 2069 763 2139 qui
782 2084 841 2123 non
860 2069 899 2123 sit
914 2068 950 2123 de
1005 2067 1189 2138 superfudit,
1215 2070 1329 2124 aceedit
1356 2074 1439 2125 extra
1464 2071 1681 2127 inclinatorium
1697 2064 1835 2126 deferens

138 2152 172 2208 illo
185 2155 273 2210 choro
290 2156 340 2227 qui
354 2155 435 2210 vadit
454 2156 491 2211 ad
504 2172 625 2227 pacem,
641 2157 770 2212 voluerit
785 2158 950 2211 communi·
1005 2157 1127 2211 calicem
1146 2156 1236 2211 alium
1260 2159 1416 2229 minorem,
1436 2162 1748 2232 cumampulla,quam
1763 2161 1837 2215 sub-

137 2256 196 2313 tere,
210 2243 288 2299 lacte
307 2244 376 2300 inde
391 2245 479 2316 signo
494 2245 537 2299 illi
560 2246 611 2317 qui
632 2251 733 2300 servat
757 2246 901 2316 ordinem,
924 2245 949 2300 si
1005 2245 1181 2300 ministravit
1197 2246 1330 2314 diacono,
1349 2250 1377 2302 et
1400 2251 1469 2317 post
1488 2247 1524 2302 ab
1550 2249 1655 2303 eodem
1673 2248 1788 2319 recipit,
1806 2250 1838 2303 ut

137 2328 241 2388 domnus
257 2332 351 2388 abbas
366 2334 415 2388 vel
429 2333 511 2404 prior
526 2335 626 2404 abest,
645 2335 758 2390 accedit
771 2339 830 2390 tam
845 2335 881 2389 ad
896 2350 948 2405 pa·
1005 2334 1147 2389 sacerdos
1163 2349 1280 2405 quoque
1296 2335 1405 2407 digitos
1421 2335 1488 2390 illos
1503 2336 1590 2406 lavet,
1608 2338 1717 2407 quibus
1734 2336 1836 2391 Domi-

137 2434 284 2493 remquam
299 2423 337 2478 ad
349 2424 587 2479 communionem
602 2423 631 2478 in
645 2424 822 2479 suoordine.
836 2424 950 2478 Debent
1005 2424 1104 2477 nicam
1123 2439 1233 2493 eorpus
1252 2425 1398 2492 tractavit,
1415 2440 1491 2495 quos
1506 2441 1656 2495 nunquam
1667 2426 1696 2479 in
1712 2424 1835 2496 an‘oris

137 2513 213 2565 aetem
227 2512 340 2583 singuli
357 2512 396 2567 ita
413 2528 446 2567 se
463 2513 596 2568 scutellae
607 2513 782 2585 adjungere,
798 2513 863 2568 utsi
874 2512 950 2567 forte
1005 2512 1109 2567 missae
1124 2512 1216 2567 calice
1232 2513 1352 2567 abluere
1365 2513 1443 2569 licet.
1459 2512 1522 2579 Quo
1536 2518 1664 2584 sumpto,
1677 2516 1784 2569 iterum
1794 2515 1837 2567 vi-

135 2595 194 2655 inter
206 2601 384 2656 sumendum
400 2617 510 2672 corpus
528 2602 643 2657 Domini
663 2602 820 2673 aliquando
841 2602 889 2656 vol
913 2602 949 2655 de
1006 2616 1075 2655 num
1090 2601 1119 2654 in
1134 2601 1256 2656 calicem
1272 2601 1415 2671 tunditur,
1432 2605 1463 2657 ut
1478 2603 1543 2673 ipse
1558 2603 1772 2674 aliquantulum
1786 2619 1837 2657 ca-

137 2690 429 2759 eresamentis,velde
440 2706 528 2745 manu
538 2691 947 2764 porrigentislapsumfaerit,
1007 2689 1048 2744 lix
1061 2690 1212 2760 abluatur,
1223 2693 1278 2745 eta
1292 2691 1448 2747 sacerdote
1459 2694 1596 2747 sumitur.
1606 2692 1642 2747 Et
1654 2693 1838 2764 quoticstam

136 2776 949 2851 nisiinscutellamcaderenonpossitQuotquotautem
1006 2779 1183 2850 sanguinem
1198 2795 1285 2850 qnam
1308 2781 1455 2851 reliquum
1482 2781 1583 2836 vinum
1609 2782 1708 2852 sumit,
1731 2781 1838 2836 faciem

136 2864 213 2934 ipsum
234 2884 344 2938 corpus
360 2884 479 2924 sacrum
498 2868 626 2938 dederit,
652 2869 781 2941 singulis
804 2868 949 2940 sanguine
1006 2868 1223 2937 versuseltare,
1239 2868 1404 2924 velvcrsus
1420 2871 1667 2925 orientcmvertit.
1678 2871 1729 2926 llle
1741 2874 1837 2925 autern

95 2956 99 2963 '
138 2955 201 3022 prius
215 2957 354 3029 intinguit
369 2957 417 3027 (a).
434 2957 666 3013 Communicatis
689 2960 786 3013 autem
812 2959 949 3012 omnibus
1006 2957 1056 3027 qui
1070 2960 1167 3026 portat
1181 2957 1400 3025 candelabrum,
1414 2961 1570 3029 postquam
1584 2959 1726 3014 sacerdos
1742 2975 1838 3028 apacc

138 3046 173 3114 qui
185 3046 340 3115 voluerint,
353 3051 381 3101 ct
392 3045 556 3101 novissime
568 3046 821 3118 subdiacono‚qui
833 3061 950 3117 semper
1005 3045 1136 3112 redierit,
1154 3046 1293 3100 continuo
1308 3047 1425 3115 accipit,
1437 3049 1542 3102 tenens
1557 3048 1614 3102 hoc
1630 3049 1696 3102 ante
1711 3047 1838 3119 gradum

139 3147 176 3202 per
187 3135 430 3191 consuetudinem
446 3135 482 3189 ad
497 3134 643 3206 majorem
659 3136 781 3190 missam
793 3136 951 3190 communi·
1006 3133 1266 3203 sublevatum,nec
1277 3133 1359 3203 prius
1368 3134 1487 3205 deponit
1498 3151 1585 3206 quam
1597 3136 1661 3191 Per
1675 3135 1837 3190 Domimam

140 3235 191 3278 care
205 3224 291 3279 debet
304 3224 313 3278 t
317 3224 449 3295 exceptis
466 3224 514 3278 his
530 3224 638 3279 diebus
653 3223 683 3277 in
705 3225 814 3295 quibus
839 3227 950 3279 tantum
1006 3226 1139 3278 nestrum
1151 3221 1186 3276 de
1198 3223 1292 3292 prima
1303 3221 1500 3294 collectapost
1510 3225 1746 3279 communionem
1758 3225 1837 3279 dica·

140 3323 181 3365 am
194 3311 288 3367 hostia
311 3312 514 3384 consecratur)
535 3315 563 3368 ct
589 3314 803 3368 communicato
828 3314 877 3369 illo
899 3313 949 3385 qui
1006 3315 1062 3366 tur.
1079 3311 1187 3365 Eadem
1203 3310 1275 3367 hora
1291 3312 1560 3368 tamsubdiaconus
1572 3313 1837 3385 eumcaliccquam

141 3398 200 3456 bret
214 3402 380 3472 scutellam,
396 3402 423 3455 si
440 3417 549 3473 corpus
565 3402 682 3457 Domini
696 3407 844 3473 superest,
860 3403 907 3457 vel
923 3403 950 3457 si
1005 3400 1142 3455 minister
1157 3415 1224 3454 eum
1239 3400 1362 3455 seutella
1377 3401 1542 3456 discedunt.
1566 3403 1598 3457 ln
1621 3402 1777 3458 duodecim
1796 3403 1837 3458 le-

142 3487 236 3546 ridetur
251 3491 320 3563 sibi,
337 3491 508 3562 cooperitur
523 3491 589 3562 ipsa
604 3490 738 3561 scutella,
756 3493 784 3546 et
799 3492 848 3562 qui
871 3494 950 3547 tenet
1008 3489 1155 3545 etionibus
1166 3489 1223 3543 duo
1239 3489 1377 3544 conversi
1391 3506 1456 3545 eum
1467 3491 1585 3545 duobus
1599 3492 1797 3561 candelabris,
1810 3495 1839 3547 et

143 3589 250 3636 cannen
259 3596 293 3635 se
301 3581 458 3636 submovet
468 3579 534 3634 inde
543 3595 699 3652 quousque
707 3581 849 3635 sacerdos
858 3581 948 3636 calice
1008 3578 1423 3649 tertinstenensthuribulum,
1432 3580 1662 3635 codemomnino
1673 3581 1761 3636 modo
1772 3590 1838 3635 ante

142 3668 329 3725 tsubdiacono
345 3669 648 3740 receptosanguinem
660 3673 766 3739 sumat,
778 3669 948 3740 vinumque,
1006 3668 1130 3739 gradum
1147 3669 1175 3721 ct
1192 3670 1336 3724 accedunt
1356 3671 1385 3723 et
1400 3668 1566 3740 discedunt,
1584 3686 1641 3741 qao
1666 3670 1776 3726 dictum
1793 3673 1839 3726 est

143 3766 184 3823 quo
196 3760 296 3828 postea
311 3758 434 3814 calicem
448 3758 536 3829 lavat,
555 3758 688 3815 intusum
710 3758 770 3814 sibi
795 3759 950 3813 abeodem
985 3828 988 3834 Ι
1005 3756 1130 3827 privatis
1146 3757 1263 3810 diebus.

144 3845 950 3918 subdiaconoinalteramanutenenteampullam,etcum
1042 3845 1200 3899 Sciendum
1214 3860 1286 3900 vero
1311 3846 1459 3916 quoniam,
1476 3849 1594 3918 quoties
1620 3863 1678 3903 nen
1701 3848 1759 3903 nisi
1781 3865 1838 3904 una

144 3930 212 3991 altera
233 3937 366 3993 involuta
390 3938 526 4007 linteolo,
544 3938 622 4009 quod
645 3954 711 3992 cum
734 3940 839 4008 patena
861 3953 951 4006 super
1007 3935 1104 3989 hostia
1128 3936 1321 3988 consecratur
1342 3935 1377 3987 ad
1401 3935 1546 4006 maJorem
1570 3937 1711 4006 missam,
1738 3937 1840 3992 cadem

144 4020 367 4097 altaremsuerat,
375 4027 549 4083 sublevante
557 4026 659 4082 calicis
665 4027 779 4098 pedem.
789 4027 949 4096 Diaconos,
1007 4023 1100 4077 missa
1116 4038 1183 4075 cum
1197 4022 1288 4076 calice
1303 4023 1426 4077 minoris
1437 4025 1540 4079 missae
1553 4027 1581 4079 et
1591 4025 1679 4095 duplo
1692 4026 1838 4096 corporali

143 4118 257 4186 percepta
272 4116 489 4186 communione,
501 4131 591 4187 prope
608 4116 798 4170 armariolum
814 4115 904 4184 venit,
920 4117 953 4169 ut
1007 4113 1154 4167 cantatur:
1172 4113 1199 4165 et
1213 4112 1283 4164 tnnc
1298 4126 1393 4181 neque
1408 4115 1661 4184 patenaargeoton
1669 4115 1837 4184 exhibetur,

143 4212 190 4257 ram
202 4205 270 4260 vine
280 4205 311 4260 in
326 4206 416 4260 altero
434 4206 525 4260 calice
542 4205 651 4277 digitos
667 4204 766 4260 abluat
779 4204 888 4276 quibas
899 4204 953 4259 Do·
1006 4215 1102 4270 neque
1116 4199 1257 4270 praedicta
1272 4199 1395 4253 scutella
1410 4204 1589 4270 apportatur,
1606 4217 1702 4271 neque
1717 4202 1837 4256 subdia·

143 4290 729 4364 clinicumcerpustractavit,ministroqui
740 4291 950 4365 supereratffl,
1008 4305 1112 4356 conus,
1129 4292 1284 4359 postquam
1301 4288 1423 4342 calicem
1438 4292 1505 4358 post
1519 4290 1755 4344 communionem
1769 4305 1839 4344 sus-

143 4388 191 4434 tuna
203 4382 329 4455 ampulla
346 4383 486 4439 tundente
503 4383 755 4454 vinumetpalen
766 4383 953 4437 calicissub-
1008 4378 1132 4448 ceperit,
1145 4378 1211 4447 post
1224 4376 1408 4430 sacerdotem
1424 4380 1565 4447 moratur,
1591 4374 1687 4449 neque
1713 4393 1840 4432 conver-

141 4459 254 4538 terantc;
271 4488 348 4544 quos
359 4473 476 4529 ablutos
491 4473 529 4528 ad
544 4472 665 4527 calicem
680 4471 765 4541 prius
781 4472 878 4543 tergit,
898 4472 952 4526 de·
1007 4465 1611 4538 susdecandelabroserviens,postquam
1624 4469 1841 4536 sacerdospost

140 4549 191 4615 inde
203 4562 239 4617 ad
251 4561 367 4631 taciem,
385 4567 414 4617 ct
424 4564 610 4632 campartem
622 4576 679 4632 qua
689 4562 815 4615 tersitae
826 4561 954 4631 applicat
968 4549 1185 4612 Dablutioncm
1200 4554 1360 4626 digitorum
1374 4555 1476 4610 vinum
1487 4556 1571 4610 calici
1587 4557 1719 4612 inlusum
1735 4554 1840 4610 ebibe-

140 4646 159 4698 εἰ
172 4650 269 4705 vinum
288 4651 378 4707 sumit
399 4655 520 4706 vertens
539 4666 572 4706 se
596 4650 633 4704 ad
658 4650 811 4720 orientem,
833 4653 861 4705 et
882 4651 951 4704 tunc
1007 4647 1055 4717 rit,
1076 4645 1201 4715 amplius
1218 4645 1357 4714 operitur.
1381 4644 1540 4700 Sciendum
1563 4662 1680 4718 quoque
1701 4645 1841 4717 quoniam

139 4740 286 4809 corporalia
296 4739 422 4810 plicare,
434 4743 462 4795 et
475 4740 582 4794 librum
597 4739 753 4793 missalem
768 4739 803 4793 de
828 4738 952 4794 sinistro
1008 4734 1085 4790 omni
1101 4735 1147 4789 die
1164 4733 1314 4787 [lominica
1329 4749 1439 4804 corpus
1451 4735 1566 4788 Domini
1582 4737 1719 4803 mutatur,
1731 4738 1758 4788 et
1769 4734 1839 4788 dum

136 4835 213 4882 ternu
228 4828 332 4883 altaris
346 4829 375 4883 in
384 4828 520 4884 dextrum
529 4843 651 4900 ponere,
663 4830 692 4882 et
702 4828 737 4882 ad
749 4827 847 4882 locum
858 4827 951 4897 illum,
1009 4823 1150 4880 sacerdos
1165 4822 1297 4893 procedit
1311 4823 1346 4876 ad
1357 4837 1470 4893 pacem,
1482 4839 1589 4878 recens
1605 4825 1840 4878 consecratuma

135 4914 172 4970 ahi
186 4917 267 4988 prior
283 4917 406 4973 collecta
422 4920 468 4973 est
485 4917 516 4971 in
530 4917 665 4988 proximo
681 4916 819 4985 dicenda,
837 4917 954 4971 vertere
1008 4914 1131 4969 diacono
1145 4913 1174 4965 in
1192 4912 1289 4982 pixide
1307 4912 1417 4967 cortica
1433 4902 1585 4982 reponitur
1592 4930 1599 4978 ;
1617 4916 1645 4966 et
1670 4912 1748 4982 quod
1765 4928 1840 4982 prae·

133 5007 278 5062 accelerat.
302 5005 510 5062 Subdiaeonus
534 5021 616 5075 vcro,
633 5021 704 5061 mox
727 5007 758 5059 ut
778 5004 953 5077 sanguinem
1009 5002 1093 5059 terita
1108 5001 1261 5056 Dominica
1277 4998 1596 5069 censeeratumfnerat,
1609 4998 1676 5054 inde
1687 5000 1840 5071 accipitur,

132 5097 251 5166 sumpsit
266 5097 421 5163 sacerdos,
439 5100 466 5152 et
482 5095 583 5150 vinum
597 5110 656 5167 quo
671 5096 774 5166 postea
787 5093 955 5149 calicemla·
1008 5096 1037 5150 et
1051 5093 1087 5147 ab
1103 5090 1207 5146 eodem
1222 5089 1347 5146 diacono
1360 5087 1511 5158 dividitur,
1522 5088 1667 5144 ottratres
1677 5089 1744 5145 inde
1758 5105 1840 5145 eom-

156 5236 194 5309 (6)
213 5238 371 5311 Intinpuit.
388 5237 476 5294 Addit
491 5237 567 5293 alius
584 5238 696 5293 codex:
718 5237 891 5307 Quanquam
916 5237 954 5292 sit
1009 5238 1093 5292 extra
1105 5233 1339 5301 reclinatorium,
1357 5234 1388 5288 ut
1403 5230 1546 5285 sacerdos
1567 5248 1659 5303 super
1682 5249 1750 5288 eum
1775 5248 1842 5288 cum

127 5314 222 5364 contra
243 5325 332 5365 usum
357 5310 480 5365 aliarum
501 5308 717 5376 Ecclesiarum,
736 5308 804 5380 quia
824 5310 953 5379 quidam,
1009 5308 1078 5361 vino
1092 5306 1170 5360 lavet
1185 5305 1305 5375 digitos,
1318 5304 1427 5372 quibus
1439 5318 1548 5372 corpus
1564 5304 1750 5360 Dominicum
1765 5311 1841 5359 trac-

125 5381 363 5436 maximenovitii
378 5382 485 5451 nostri,
501 5382 575 5437 adeo
590 5387 659 5436 sunt
672 5381 775 5449 rudeS,
793 5383 822 5433 ut
842 5381 869 5433 si
884 5396 955 5434 san·
1009 5378 1090 5445 tavit,
1108 5376 1185 5430 sicut
1201 5381 1229 5429 et
1245 5374 1400 5445 diaconus,
1417 5390 1487 5429 mox
1509 5376 1540 5429 ut
1561 5376 1799 5444 communicavit,
1815 5376 1843 5428 ot

125 5453 244 5525 gainem
258 5453 300 5507 ita
314 5454 473 5523 separatim
489 5453 667 5523 acciperent,
678 5468 737 5506 non
750 5455 916 5505 remaneret
926 5453 956 5504 ut
1011 5450 1165 5517 antequam
1182 5443 1346 5513 corporalia
1364 5445 1571 5517 complicaret:
1588 5451 1616 5501 et
1626 5447 1684 5503 hoc
1699 5449 1800 5503 vinum
1811 5448 1842 5499 ut

122 5538 179 5578 aon
194 5538 333 5596 magnam
349 5523 506 5595 aliqnando
519 5522 936 5595 negligentiamincurrerent.
1009 5520 1116 5575 iterum
1131 5515 1273 5572 sacerdos
1287 5514 1423 5596 ebiberit,
1449 5517 1528 5588 quod
1551 5519 1685 5575 secundo
1707 5517 1838 5599 servitor

153 5595 196 5668 (Ἰ)
210 5594 390 5680 Supererat.
407 5594 488 5650 Idem
503 5596 598 5651 codex
612 5610 703 5664 supra
713 5593 866 5648 laudatus:
883 5591 955 5647 Ser·
1009 5589 1136 5647 intendit
1148 5591 1180 5646 ut
1192 5587 1241 5643 ille
1257 5586 1333 5641 calix
1348 5587 1484 5658 utrinque
1499 5588 1646 5647 abluatur.

118 5667 198 5725 viter
212 5682 266 5742 qur
279 5668 420 5740 superest
434 5667 531 5724 adhuc
545 5666 660 5726 aceedit
675 5681 742 5723 cum
756 5665 848 5722 altero
863 5662 956 5719 calice
