3900 6112
118 272 201 337 1525
1744 269 1826 331 1526

723 267 970 333 CHRONICON
988 268 1245 332 WATINENSE

107 467 250 525 lationem
266 470 336 525 dum
351 486 408 543 ego
422 472 604 543 requirerem
619 470 688 542 quid
705 471 740 525 de
752 470 802 525 illo
814 470 946 525 suovivo
964 454 992 516 Α
1007 469 1142 539 sagittas,
1158 468 1275 523 aliunde
1291 468 1520 538 consumpturas
1535 468 1632 523 omnia
1647 469 1781 523 flammas
1799 469 1837 522 ti-

106 558 209 628 jaculo
225 560 330 614 deiude
346 560 479 629 fecisset,
496 560 791 630 respondittandiuin
802 559 941 630 perfosso
1006 559 1169 613 mebamus.

106 648 220 716 pariete
237 648 306 701 hinc
317 652 404 719 atque
416 649 483 703 inde
493 648 780 718 pependisse,donec
795 648 943 702 subsecu-
1040 647 1241 702 XXlll.-Sed
1251 647 1392 717 periculis
1402 646 1510 701 futuris
1520 647 1665 716 praescius
1675 647 1756 701 Deus
1766 662 1838 716 prae·

113 738 162 789 tus
180 739 207 790 et
222 737 264 791 rei
276 734 411 791 effectum
427 737 556 792 disceret
570 740 598 791 et
612 737 739 792 bestiam
753 738 942 791 interimeret.
1005 737 1175 791 munitionis
1192 735 1326 807 clypeum
1339 735 1458 807 objecit,
1473 751 1520 804 ne,
1536 735 1690 805 siquando
1706 735 1837 804 peccatis

108 825 210 879 Mirari
227 841 311 896 crgo,
328 828 415 895 prout
429 826 550 898 dignum
566 827 757 881 admiratione
779 826 940 891 videbatur,
1005 825 1193 897 exigentibus
1209 826 1391 898 ingruerent,
1408 824 1734 893 locusomnissinespe
1750 824 1836 878 deso·

107 915 203 984 caepi,
221 914 270 968 ille
286 917 382 968 autem
404 915 597 969 nihilominus
614 914 760 969 affirmare
781 919 860 969 etna
876 914 942 984 qui·
1004 914 1202 969 laretu1·.Nam
1217 914 1340 985 egregio
1357 913 1490 982 concepit
1506 913 1601 966 animo
1617 913 1759 982 praedicta
1773 914 1836 966 vir·

108 1002 176 1056 dem
205 1002 354 1056 minimam
383 1004 690 1073 apertur-amantehac
714 1005 744 1056 in
769 1019 803 1058 ea
820 1004 942 1073 parietis
1002 1003 1073 1055 tutis
1099 1004 1207 1056 traciae
1231 1003 1353 1057 llomam
1375 1002 1410 1055 ad
1431 1000 1836 1070 liminabeatorumaposto—

105 1094 190 1161 parte
215 1104 271 1162 qua
295 1106 423 1162 serpens
439 1093 598 1146 transierat
611 1093 707 1146 fuisse
722 1092 940 1162 perfectissime
1000 1088 1095 1145 lorum
1123 1091 1202 1145 Petri
1232 1094 1260 1144 et
1284 1089 1366 1144 Pauli
1382 1105 1555 1160 properare,
1579 1089 1680 1160 inquo
1697 1090 1836 1145 comitatu

104 1179 261 1249 probatum
273 1180 382 1234 habere
397 1182 560 1235 asserebat.
584 1181 711 1250 insuper
726 1196 784 1235 non
799 1184 844 1235 rei
870 1181 938 1244 fide,
999 1179 1172 1247 praedictum
1184 1179 1376 1249 praepositum
1390 1181 1526 1233 nostrum
1550 1178 1607 1232 sibi
1637 1179 1768 1246 socians,
1795 1179 1832 1232 ad

105 1267 209 1322 sedne
224 1268 291 1338 quis
307 1268 409 1323 forsan
424 1269 526 1323 virtuti
542 1269 596 1323 tale
612 1270 680 1339 quid
693 1270 875 1339 incomperta
886 1269 939 1323 dif·
997 1266 1091 1321 beatae
1107 1268 1256 1322 memoriae
1286 1267 1463 1339 Gregorium
1483 1267 1532 1320 Vll
1548 1267 1696 1336 perduxit.
1722 1269 1747 1321 A
1775 1283 1833 1338 quo

107 1356 266 1411 famatione
282 1358 464 1422 attribueret,
483 1358 628 1428 quosdam
639 1357 731 1428 huJus
742 1373 812 1412 esse
823 1357 943 1428 generis
1003 1357 1099 1411 oblata
1124 1357 1262 1412 cessione
1272 1357 1472 1411 Terranensis
1483 1355 1626 1427 episcopi,
1643 1355 1835 1427 privilegium

106 1444 259 1513 colubros,
278 1460 405 1516 quorum
421 1446 496 1501 facie
511 1451 658 1516 praeacuta
682 1447 781 1518 lignee
807 1445 946 1517 quaelibet
1003 1446 1098 1499 sancti
1113 1445 1192 1499 Petri
1208 1445 1244 1498 ad
1260 1444 1654 1500 confirmationemecclcsiae
1666 1447 1834 1499 nostrmso-

108 1534 265 1603 maceries,
283 1534 389 1605 siquis
405 1537 541 1604 tentaret,
557 1534 673 1605 absquo
688 1535 859 1589 difficultate
876 1538 943 1589 actu
1002 1532 1137 1588 lemniter
1169 1534 1267 1589 datum
1296 1534 1439 1604 suscepit,
1456 1535 1484 1587 et
1499 1533 1700 1588 feliciteriens
1716 1548 1750 1588 ac
1767 1533 1833 1588 feli-

105 1621 408 1693 transfigeretur.Sod
424 1638 481 1695 ego
491 1623 720 1677 inverecundius
731 1622 943 1677 historicorum
1000 1623 1072 1677 citer
1088 1622 1216 1692 rodicnS,
1235 1624 1340 1677 ednas
1356 1638 1453 1693 usque
1467 1622 1613 1692 perduxit.

108 1710 384 1782 disertissimis,qui
395 1711 497 1781 Libyae
512 1714 623 1766 tantum
639 1711 793 1766 siticulosa
808 1712 942 1784 regione,
1036 1712 1179 1766 XXIV.-
1188 1712 1242 1766 His
1252 1712 1598 1780 llomanisopibusditati
1609 1711 1769 1782 quietiores
1780 1713 1832 1766 de-

106 1803 157 1853 aut
172 1798 290 1853 Arabiae
301 1800 442 1854 divitibus
460 1801 542 1853 arvis
552 1800 630 1854 barac
641 1815 727 1871 quem
743 1800 844 1854 dicunt
860 1800 943 1870 jaca·
1000 1815 1072 1871 gere
1087 1799 1274 1870 putabamus
1292 1816 1359 1853 cam
1384 1800 1419 1852 ad
1431 1798 1623 1855 offensionem
1636 1816 1721 1854 suam
1736 1803 1832 1857 omnia

111 1887 172 1941 lum
187 1888 296 1942 morari
311 1891 480 1957 serpentem
498 1889 702 1958 opinantur,ad
731 1889 819 1961 cujus
830 1888 943 1960 jactum
958 1849 983 1915 Β
1000 1888 1063 1942 lieri
1074 1891 1255 1958 reputanteS,
1266 1888 1353 1958 quasi
1363 1903 1469 1959 agmen
1478 1888 1641 1942 aculeatum
1653 1892 1830 1960 exasperati,

108 1977 179 2031 dum
207 1977 355 2045 irascitur,
382 1993 440 2033 non
469 1994 618 2032 armorum
642 1979 943 2033 vasasalulemtueri
999 1977 1560 2047 ueriusnobisadvcrsariiinsurgunt.
1577 1977 1729 2031 Necclam
1743 1978 1833 2032 muri-

106 2065 235 2132 veleunt,
252 2066 349 2136 magis
366 2066 551 2121 crediderim.
574 2067 654 2121 Istud
670 2069 779 2136 autum,
796 2067 944 2138 quaslibet
1000 2066 1076 2120 culis
1090 2081 1145 2136 per
1158 2082 1192 2121 se
1207 2066 1395 2121 conferentes
1420 2067 1514 2135 capita
1530 2066 1602 2119 oleri
1626 2069 1713 2137 atque
1733 2066 1831 2137 ipsum

108 2155 264 2224 opiniones
281 2155 473 2220 machinatur,
492 2172 567 2227 quus
593 2157 639 2210 vel
669 2157 881 2211 exeusationes
908 2156 943 2210 ad
999 2155 1172 2224 episcopum
1197 2156 1353 2223 concitant,
1378 2155 1579 2208 auctoritatem
1609 2153 1721 2225 ligandi
1745 2157 1833 2226 atque

107 2259 168 2298 non
185 2243 364 2299 credendum
377 2244 551 2313 praetendat,
568 2244 686 2298 nonnisi
701 2246 809 2299 divinae
825 2245 943 2299 virtutis
999 2243 1134 2298 solvendi
1163 2244 1297 2298 Romane
1312 2242 1472 2297 libellatico
1486 2243 1679 2312 praepositum
1695 2247 1830 2298 nostrum

107 2331 251 2387 indicium
267 2337 294 2387 et
310 2333 458 2387 occuitum
474 2333 564 2387 futuri
577 2332 706 2403 alicujus
722 2333 944 2403 beneficiiprae-
1000 2332 1174 2401 suscepisse
1195 2333 1345 2398 accusant,
1364 2330 1696 2402 hujusmodipririlegio
1713 2331 1832 2386 siccor-

108 2422 228 2493 sagium
243 2421 379 2476 dixerim.
397 2422 469 2477 Haec
484 2438 542 2476 non
554 2423 791 2493 meconfingere,
803 2422 944 2493 quemad·
1000 2421 1170 2476 roboratum
1198 2421 1237 2473 sit
1264 2419 1315 2490 jus
1344 2420 1513 2489 episcopale
1529 2420 1653 2488 destrui,
1669 2420 1704 2474 de
1721 2423 1831 2475 caetero

108 2511 228 2564 modum
243 2510 367 2582 graphio
384 2511 613 2577 committuntur,
631 2511 788 2581 quisquam
804 2510 944 2581 praejudi·
1000 2510 1065 2565 solo
1089 2511 1207 2564 nomine
1236 2511 1407 2579 episcopum
1426 2508 1831 2575 militar·e,t}uatinensesim-

109 2599 409 2666 cet,dumabaorum
437 2599 525 2654 labiis
540 2601 709 2670 exceperim
724 2600 833 2670 quibus
853 2603 881 2654 et
896 2599 943 2652 vi·
999 2614 1114 2669 parare,
1142 2614 1255 2653 summo
1273 2599 1339 2651 imis
1364 2598 1548 2667 commutari,
1575 2598 1695 2653 inversa
1721 2600 1831 2677 omnia,

109 2686 199 2741 dandi
214 2691 301 2759 atque
315 2688 463 2743 interesse
479 2688 605 2743 facultas
620 2688 793 2760 frequenter
810 2689 942 2759 paviten—
1000 2691 1086 2756 caput
1101 2688 1129 2741 in
1146 2687 1279 2755 caudam,
1292 2687 1376 2756 ¹uiliil
1394 2686 1456 2756 jam
1473 2687 1580 2741 deesse
1599 2691 1708 2757 praeter
1721 2688 1831 2742 infulas
1869 2742 1872 2747 .

107 2777 190 2830 tibus
206 2776 269 2831 fuit.
999 2776 1370 2848 episcopales,uctumosse
1381 2776 1439 2829 nisi
1453 2775 1608 2830 (lentinum
1618 2775 1832 2832 fundituseon·

146 2865 223 2919 XXl.
238 2865 401 2920 -addidit
415 2865 463 2920 hie
478 2866 568 2920 totius
583 2865 745 2937 iniquitatis
762 2867 943 2921 seminarum
999 2865 1086 2931 cidat,
1099 2868 1127 2919 et
1138 2865 1166 2918 id
1182 2879 1278 2936 genus
1294 2865 1420 2934 plurima
1436 2880 1502 2934 quae
1519 2865 1605 2918 ctiam
1622 2867 1830 2921 sanctissimas

112 2953 249 3008 diabolus
274 2955 451 3008 tentationes
478 2954 638 3009 adversum
666 2970 732 3023 noS,
752 2955 847 3009 adhue
863 2971 943 3010 orma
998 2953 1242 3024 mentesjustitiae
1254 2969 1334 3007 arma
1343 2954 1494 3022 corripere
1510 2969 1617 3025 cogere
1628 2957 1762 3024 possent,
1779 2957 1831 3010 do-

110 3057 298 3098 eommovera
309 3046 337 3097 et
351 3043 482 3113 peccatis
497 3044 609 3098 nostris
621 3044 809 3115 exigentibus
818 3046 943 3114 permis·
998 3057 1054 3097 nec
1067 3047 1183 3111 sumpta
1199 3043 1398 3109 occasione,et
1410 3043 1479 3096 cleri
1489 3046 1645 3111 conventu,
1655 3045 1830 3113 praesentari

109 3131 270 3186 suslfacto
286 3133 417 3186 soricum
429 3148 524 3205 grege
540 3148 644 3188 omnes
655 3132 839 3188 officinarum
860 3151 943 3188 man·
998 3132 1188 3202 privilegium
1217 3132 1342 3184 mandat.
1375 3130 1521 3199 Defertur,
1548 3131 1666 3202 legitur,
1695 3136 1723 3186 et
1749 3134 1830 3188 velut

109 3220 263 3274 siunculas
281 3236 375 3291 usque
389 3220 638 3276 edeovelramanti
648 3223 941 3278 tabacommaoulans
955 3205 983 3271 G
998 3220 1195 3275 adulterinum
1211 3236 1277 3274 cum
1293 3219 1430 3274 violentia
1447 3223 1533 3290 atque
1545 3219 1662 3290 injuria,
1679 3220 1828 3291 sinejure‚

107 3309 219 3377 infecit,
237 3312 277 3378 ut,
294 3312 404 3379 praetcr
420 3310 497 3380 quod
513 3310 600 3365 solite
625 3326 696 3365 casu
717 3315 828 3366 naturae
843 3312 942 3366 raaudi

109 3401 233 3468 potarat,
250 3397 393 3453 lectorum
417 3399 537 3464 sternia,
556 3402 666 3468 vestes,
684 3401 884 3471 manutergia,
902 3402 942 3455 al·

109 3487 183 3540 teris
212 3487 316 3556 pallas,
340 3486 433 3542 libros
449 3487 567 3541 divinos
589 3488 703 3559 absque
720 3489 777 3544 ullo
792 3494 940 3562 respectu,

109 3577 254 3645 praeterea
269 3591 351 3638 vasa.
369 3576 478 3631 calices
497 3576 753 3650 ligneos‚ppxides
769 3594 877 3648 panum
892 3596 942 3634 sa·

109 3664 337 3718 crificandorum
353 3679 420 3719 cum
431 3665 507 3735 ipsis
519 3667 644 3735 panibus
669 3668 943 3723 immisericorditer

108 3753 297 3823 deroderent,
314 3756 343 3807 et
356 3754 417 3823 vix,
433 3758 464 3809 ut
477 3755 646 3826 timebatur,
667 3757 703 3811 ab
719 3756 856 3811 humanis
873 3773 941 3811 car-

109 3842 202 3896 nibus
219 3845 424 3912 temperarent.
441 3843 499 3899 Sed
510 3844 611 3899 forsan
625 3845 656 3898 in
671 3845 728 3899 hoc
743 3847 877 3915 proxime
889 3848 942 3901 im-

109 3931 228 3985 minens
245 3932 433 3987 adversitatis
449 3934 641 4002 portendebat
655 3935 864 4003 indiculum,ut
875 3953 942 3990 cum

109 4019 329 4075 immundorum
345 4021 514 4075 animalium
527 4022 646 4077 lacerati
662 4024 800 4079 dentibus
825 4026 942 4081 evasis·

110 4123 226 4177 scmus,
243 4110 418 4164 mundorum
434 4112 605 4165 attrectandi
626 4113 787 4181 morsibus,
805 4115 943 4185 quemad-

110 4196 232 4251 modum
247 4198 381 4270 contigit,
398 4199 614 4269 deputaremur.

148 4285 239 4339 XXll.
258 4317 292 4325 —
308 4286 382 4341 Nam
402 4287 470 4343 huic
487 4290 635 4344 suecessit
655 4291 840 4348 incommodo
855 4295 945 4349 totius

108 4374 174 4429 fere
190 4375 350 4444 provinciae
367 4380 468 4431 contra
483 4393 548 4448 nos,
564 4379 689 4434 maxime
704 4384 800 4435 autem
817 4382 946 4437 clerieo-

108 4479 186 4531 rum,
201 4465 326 4518 conflata
343 4467 485 4535 suspicio,
503 4468 581 4538 qued
598 4469 949 4539 mandatorumapostoli·

999 3310 1062 3363 siue
1088 3309 1200 3380 judicie
1231 3309 1365 3374 trahitur,
1388 3310 1508 3379 rapitur,
1538 3312 1566 3363 et
1580 3310 1610 3362 in
1625 3310 1752 3365 armario
1766 3312 1830 3380 epi·

999 3399 1082 3468 scopi
1098 3398 1268 3452 recluditur.
1288 3398 1422 3451 latorem
1451 3401 1547 3451 autom
1562 3399 1754 3468 praepositum
1773 3416 1828 3454 no-

999 3491 1092 3542 strum
1108 3487 1293 3541 contumeliis
1308 3485 1455 3551 allectum,
1472 3487 1537 3540 sine
1550 3489 1665 3542 ratione
1681 3488 1830 3557 exspolio-

998 3581 1070 3644 tum,
1087 3577 1256 3648 nequidem
1282 3576 1405 3630 ulterius
1422 3575 1484 3645 jam
1505 3576 1749 3645 convincendum,
1776 3578 1830 3632 sed

999 3663 1830 3738 proutconfusustumultusacclamabantsineauditione

1000 3756 1167 3810 damnatum
1184 3753 1370 3807 dimiserunt.

1036 3844 1126 3897 XXV.
1138 3873 1174 3881 -
1189 3842 1387 3913 Singulaqarid
1399 3846 1527 3912 opuscst
1536 3847 1669 3899 retexere
1679 3847 1693 3899 ‘l
1703 3862 1780 3917 quos
1790 3846 1831 3901 lu·

1001 3938 1077 4002 ctus,
1102 3949 1177 4003 quas
1192 3932 1380 4002 ignominias,
1397 3949 1462 4001 quae
1480 3933 1648 4002 opprobria,
1662 3935 1832 4005 quasinvo-

1002 4024 1126 4090 clionee,
1143 4037 1218 4092 squas
1234 4022 1488 4090 comminationes,
1504 4025 1646 4092 terrereS,
1663 4022 1832 4079 derisiones

1003 4111 1118 4166 interim
1142 4114 1242 4165 nostra
1266 4109 1399 4164 Ecclesia
1425 4109 1531 4176 tulerit,
1559 4111 1627 4165 dum
1650 4128 1704 4166 suo
1739 4113 1833 4182 capite

1003 4202 1130 4269 nudata,
1174 4200 1324 4254 viduitatis
1341 4200 1477 4253 vestibus
1492 4200 1616 4263 amicta,
1630 4200 1829 4254 restitutionis

1002 4289 1325 4360 tempusexspectabat.
1336 4288 1552 4343 Consolabatur
1561 4289 1696 4342 tamenin
1708 4288 1835 4342 filiorum

1003 4382 1052 4450 qui
1068 4379 1179 4432 residui
1195 4382 1278 4431 erant
1293 4379 1466 4445 constantie,
1484 4379 1684 4448 quiaririlitcr
1698 4377 1834 4431 omnibus

1003 4484 1069 4538 quac
1085 4468 1253 4521 acciderant
1267 4467 1446 4535 infortuniis,
1473 4467 1624 4521 canonicae
1638 4467 1706 4520 vitae
1722 4465 1835 4537 aragia

114 4568 219 4606 corum
248 4552 315 4621 plus
343 4555 530 4609 aemulatores
552 4572 613 4626 prae
630 4559 747 4613 eaeteris
762 4559 946 4628 videbamur,
960 4563 986 4624 n
1004 4558 1049 4610 via
1066 4573 1122 4610 nou
1137 4556 1351 4623 exorbitabant,
1370 4556 1423 4610 sed
1439 4571 1491 4626 pro
1503 4555 1614 4625 scipsis
1626 4557 1654 4609 et
1669 4556 1734 4610 loco
1748 4569 1838 4626 egen-

112 4639 255 4695 videlicet
270 4641 306 4695 de
321 4657 380 4696 non
396 4644 597 4714 suscipiendis
617 4646 654 4700 nd
670 4647 779 4701 missas
795 4648 946 4703 faciendas
1004 4651 1060 4716 tes,
1077 4645 1150 4699 nihil
1165 4645 1383 4714 impossibilius
1399 4661 1486 4715 quam
1504 4645 1634 4699 llomano
1649 4645 1768 4699 decreto
1783 4658 1838 4696 su·

113 4730 250 4783 uxoratis
268 4731 483 4802 sacerdotibus,
501 4733 761 4790 deincestuosiset
771 4736 947 4792 Simonideis
1007 4734 1190 4806 perordinem
1205 4749 1295 4802 posse
1315 4733 1496 4802 judicantes,
1526 4734 1687 4803 resumptis
1710 4732 1837 4798 viribus,

115 4817 257 4885 vitandis
278 4822 338 4872 tum
347 4819 433 4873 etiam
444 4820 554 4875 dealiis
564 4824 700 4892 capitulis
713 4840 779 4895 qum
791 4826 818 4879 in
828 4827 948 4882 decreto

112 4905 252 4977 Gregorii
271 4922 354 4977 papae
370 4907 421 4960 Vll
436 4908 658 4981 distinguuntur
674 4914 841 4983 servandis,
860 4921 947 4986 atquc

114 4994 218 5050 obboe
228 4995 306 5049 velut
315 4997 482 5073 incentores
492 4997 583 5069 hujus
595 5002 799 5056 commotionis
808 5004 948 5058 ‹lonmum

113 5082 270 5138 Odfridum
286 5085 372 5154 odiis,
383 5087 551 5155 opprobriis
565 5089 861 5145 acmaledictionibus
872 5093 949 5146 iuse·

113 5173 280 5240 ctebontur,
298 5175 329 5227 ut
344 5179 453 5244 praeter
463 5175 511 5229 illa
528 5192 594 5247 quae
605 5177 715 5248 ubique
729 5179 949 5237 disseminando

114 5260 240 5315 verbum
257 5261 310 5315 Dei
326 5262 399 5317 foris
414 5264 579 5333 patiebatur
595 5267 739 5336 convicia,
766 5271 950 5338 comprovin-

117 5348 211 5404 ciales
227 5352 255 5404 et
275 5351 375 5405 clerici
400 5353 489 5407 vieini
505 5354 614 5423 raedae,
643 5356 787 5426 incendia,
809 5361 952 5413 extermi-

115 5439 200 5494 nium
216 5438 334 5494 exitiale
350 5442 481 5508 quotidie
496 5444 575 5498 domi
589 5444 678 5499 nobis
687 5447 950 5504 comminabantur.

114 5527 160 5584 lla
183 5527 257 5583 foris
283 5545 402 5602 pugnae.
434 5531 513 5587 intus
529 5534 662 5602 timores,
679 5535 729 5589 vix
743 5535 840 5606 aliqua
854 5539 953 5594 securi

112 5617 193 5677 inter
209 5619 367 5677 vivendum
383 5621 555 5697 horalline,
582 5625 611 5679 ut
634 5624 725 5696 aiunt,
742 5623 866 5699 lapides.
883 5626 951 5687 inde

1008 4840 1060 4895 per
1074 4823 1193 4892 seipsos
1205 4824 1377 4892 episcopum
1392 4820 1838 4894 adeunt,rogent,expostulcnt,

1010 4914 1155 4979 incusant,
1173 4927 1227 4965 cur
1247 4911 1362 4964 scilicet
1386 4910 1594 4965 Guatinensem
1611 4910 1776 4965 Ecclesiam
1792 4910 1838 4964 lu-

1010 5001 1105 5056 dibrio
1130 5000 1269 5067 habitam,
1287 5000 1351 5053 sine
1367 4998 1433 5070 lege
1448 4999 1587 5069 fecisset3
1604 5016 1658 5054 eur
1672 4999 1841 5070 iniquorum

1010 5090 1224 5144 machinatione
1236 5090 1391 5142 destruere
1401 5088 1635 5159 molireturquod
1646 5089 1709 5158 ipse
1718 5088 1843 5143 fecisset

1009 5177 1843 5250 prrilegium‹qarridabstulissetGuatiacnsemEcclesium

1010 5285 1048 5322 ex
1058 5267 1167 5323 furtiva
1182 5267 1374 5337 usurpatione
1390 5282 1448 5319 non
1463 5266 1843 5336 praesumpsisse,datorem

1009 5358 1106 5412 adhue
1130 5357 1243 5423 vivere,
1260 5370 1314 5408 nce
1329 5354 1543 5409 emendandum
1558 5370 1628 5409 esse
1644 5355 1722 5425 quod
1739 5371 1775 5410 ex
1791 5371 1844 5408 sira

1009 5443 1844 5514 conscicntiaetcessioneRomanipontilicispermissum

1010 5538 1085 5605 erat,
1102 5533 1215 5589 nullius
1231 5532 1409 5605 objectionis
1422 5533 1575 5588 convictos
1584 5533 1782 5600 accusatione,
1800 5531 1843 5585 si·

1008 5624 1185 5683 mulationes
1200 5638 1270 5679 reos
1281 5621 1376 5679 factos
1387 5636 1446 5678 non
1456 5622 1653 5693 attestatione,
1666 5624 1699 5677 ut
1709 5621 1736 5676 si
1746 5619 1845 5695 culpa·
