3908 6112
78 232 140 331 ti?

351 232 525 297 CONTRA
541 232 800 323 GUIBERTUM
813 232 1072 335 ANTiPAPAM
1088 234 1204 315 LIBRI
1221 235 1323 300 DUO.
1340 271 1379 283 -
1395 237 1475 298 LIB.
1492 236 1531 298 11.

1744 239 1803 302 458

78 431 275 501 competebat,
292 432 339 487 oui
365 432 567 504 principaliter
586 432 727 488 Christus
743 434 795 488 Dei
821 433 917 489 Filius
932 421 953 480 A
973 431 1306 503 stans,Valentinianus,
1324 434 1521 504 Theodosius,
1538 435 1696 508 Arcadius,
1708 437 1805 492 Hono·

80 519 215 575 coelestis
233 522 319 593 regni
334 521 470 577 clavibus
486 523 601 577 traditis
618 539 690 578 siras
705 538 778 577 oves
793 537 916 593 pascere

79 610 915 682 jusseratetprocujusfrdenedeficeretspecialiterora·

80 701 175 765 verat,
190 698 298 768 cuique
309 698 418 753 fratres
429 715 503 754 suos
514 700 543 754 in
560 701 661 754 cariem
673 700 729 755 fide
740 700 912 754 confirmare

81 788 277 856 praeceperat.

113 873 173 928 Sed
182 874 518 946 etreliquosapostolos,
529 893 605 948 qnos
614 878 736 948 reliquis
746 877 845 932 mundi
854 893 916 947 par

81 963 162 1018 tibus
171 963 511 1035 novimuspraedicasse,
520 966 791 1038 singulisurbibus,
800 966 915 1020 illarum

80 1051 209 1121 partium
220 1051 467 1125 quibusquisque
476 1055 600 1110 verbum
606 1055 659 1109 Dei
668 1055 850 1125 praedicavit,
868 1053 916 1108 iti-

81 1137 148 1192 dem
160 1142 364 1209 pastorcsnon
379 1142 548 1198 dubitamus
564 1142 739 1198 misisse.Et
754 1143 913 1215 quomodo,

80 1225 193 1297 Spiritu
204 1233 309 1284 sancto
324 1230 459 1301 docente,
471 1237 675 1304 cognoverunt
690 1232 793 1287 saeculi
805 1231 916 1302 princi-

80 1330 132 1386 pes
143 1317 181 1370 ad
192 1316 283 1372 fldem
294 1322 447 1390 venturos,
458 1323 486 1375 et
496 1320 917 1391 suceedentibustemporibus

81 1404 252 1462 stimulante
272 1408 394 1462 avaritia
404 1409 549 1480 quosdam
562 1424 665 1464 eorum
681 1410 733 1464 Dei
750 1408 916 1464 Ecclesiam

81 1509 144 1548 auae
160 1494 268 1550 ditioni
276 1495 364 1551 vellla
383 1497 544 1569 subjicere,
561 1514 674 1568 suaque
688 1498 861 1553 auctoritate
889 1501 918 1554 ct

81 1582 164 1639 libitu
173 1583 318 1639 Pastores
333 1584 429 1640 cidem
444 1587 621 1658 subrogare,
632 1586 710 1641 inter
723 1587 857 1658 reliquos
866 1602 916 1641 ca·

80 1686 272 1744 nones,quos
284 1689 337 1744 pro
354 1674 509 1746 religionis
524 1676 648 1741 cautela,
666 1678 694 1729 ct
709 1676 917 1730 ecclesiastica

975 522 1049 590 rius,
1071 520 1208 590 Carolus,
1233 521 1403 577 Lndovicus
1428 526 1457 577 et
1480 524 1526 577 his
1543 525 1665 595 imperio
1690 531 1718 580 ct
1733 527 1803 580 reli-

973 611 1061 681 gione
1077 611 1249 667 consimiles
1267 611 1374 681 quivel
1390 612 1503 666 asevel
1515 613 1550 666 ab
1567 615 1802 670 aliisaedificatas

974 698 1324 768 Ecclesiasnmplissimis
1335 701 1603 770 donisditavcrnnt‚
1615 704 1677 756 etin
1685 704 1763 758 clero
1776 707 1804 759 ct

974 788 1065 842 rebus
1077 788 1278 843 Ecclesiarum
1289 789 1401 843 nullum
1417 790 1475 842 sibi
1491 790 1650 843 dominium
1667 793 1711 844 vel
1724 793 1803 862 judi-

976 876 1054 930 cium
1070 877 1219 932 vindicare
1235 878 1404 945 voluerunt,
1421 878 1478 932 imo
1501 894 1537 932 ne
1549 879 1616 949 quis
1632 880 1689 933 sibi
1703 881 1805 934 vindi-

976 970 1066 1034 caret,
1084 966 1322 1036 quidameorum,
1331 971 1362 1020 ut
1372 966 1401 1020 in
1413 969 1608 1037 sequentibus
1619 968 1803 1040 docebimus,

975 1053 1272 1126 legibusvetneruut.

1009 1143 1047 1197 At
1056 1146 1158 1198 contra
1168 1144 1266 1199 Zenon
1278 1149 1305 1198 et
1316 1144 1493 1200 Anastasius
1508 1146 1701 1215 imperatores
1712 1145 1805 1219 Euty-

976 1232 1140 1302 chianistae,
1154 1232 1183 1286 hi
1195 1233 1425 1305 legunturprius
1436 1236 1568 1288 sanctam
1579 1234 1632 1289 Dei
1641 1234 1806 1292 Ecclesiam

975 1320 1032 1375 sibi
1042 1321 1270 1393 subdidissc,ita
1286 1324 1316 1376 ut
1327 1321 1489 1377 catholicos
1498 1322 1655 1394 episcopos
1664 1324 1806 1381 inexsilio

975 1409 1152 1481 relagarent,
1170 1413 1198 1464 et
1212 1409 1374 1480 apostolica
1389 1410 1544 1465 traditione
1562 1414 1728 1483 postposita
1746 1413 1807 1468 sibi

975 1501 1194 1554 consentaneos
1206 1498 1235 1552 in
1253 1515 1355 1554 corum
1371 1499 1495 1554 sedibus
1505 1499 1643 1555 videlicet
1659 1503 1804 1574 subroga-

972 1587 1806 1661 rcnt.Namantehorumtemporalegunturquidamhaa-
1864 1624 1869 1633 ι

974 1675 1806 1746 reticiimparutoroscatholicoscpiscoposmultismodis

81 1758 238 1830 disciplina
252 1764 429 1832 statuerunt,
451 1779 552 1819 eorum
569 1764 669 1834 pravis
685 1764 842 1819 conatibus
857 1765 913 1820 bac
934 1795 960 1859 B
973 1780 1111 1831 vexasse;
1123 1765 1259 1819 electioni
1266 1771 1372 1819 vcroet
1381 1765 1805 1838 promotioniqu'uslibatpon·

83 1850 297 1906 constitutione
309 1851 502 1922 ,obiavcrunt
527 1868 594 1924 quae
617 1852 657 1906 ita
670 1867 704 1907 se
718 1852 807 1907 habel
824 1869 830 1908 :
850 1876 861 1903 a
886 1853 918 1909 Si
972 1853 1060 1908 titlcis
1072 1869 1217 1924 nusquam
1228 1853 1368 1925 leguntur
1383 1870 1416 1908 se
1432 1854 1642 1924 immiscuisse,
1659 1855 1807 1927 siquidem

80 1937 920 2011 quisepiscopussaecularibuspotestatibususus,Eccle·
973 1941 1030 1996 sub
1047 1941 1160 1996 eisdem
1171 1940 1404 2012 Eutychianistis
1421 1946 1448 1996 et
1462 1941 1716 2014 Constantinopoli
1732 1949 1760 1999 et
1775 1945 1806 2000 in

83 2028 157 2081 siam
168 2042 224 2098 per
248 2028 333 2099 ipsos
345 2030 484 2099 obtineat,
502 2030 666 2101 deponatur
681 2035 710 2086 el
730 2038 917 2105 segregetur,

82 2118 917 2193 omnesquequiillicommunicanttcoustitnt.apostol).s

116 2204 203 2261 Hanc
214 2208 314 2261 autem
322 2208 574 2278 constitutionem,
582 2224 649 2280 quae
658 2210 918 2281 eornmscribitur,

83 2293 461 2366 siquisauthanticamncn
472 2312 541 2351 esse
556 2298 724 2363 contendet,
735 2302 848 2354 sanctae
864 2314 917 2354 se·

82 2383 183 2453 ptimaa
197 2383 379 2438 universalis
399 2385 505 2456 synodi
520 2401 593 2440 cccc
610 2387 739 2456 Patrum,
752 2403 807 2442 nec
818 2403 878 2442 non
893 2389 921 2442 et

82 2470 277 2527 Antiochense
287 2472 402 2544 synodi,
411 2475 521 2544 quibus
532 2475 699 2529 authentica
710 2477 919 2547 esscdocetur,

83 2574 219 2628 eversor;
231 2575 268 2614 ac
280 2576 335 2632 per
345 2560 402 2616 hoc
413 2562 764 2634 baeretieusjudicabitur
781 2581 786 2620 :
805 2565 879 2620 Nam
892 2570 921 2622 at

82 2647 214 2704 Calistus
229 2653 259 2705 et
271 2649 438 2722 Gregorius
447 2656 475 2706 et
489 2652 663 2722 quidamalii
673 2654 795 2708 Romani
805 2655 920 2724 pontifi-

82 2752 146 2808 ces,
162 2742 195 2792 ut
219 2739 340 2794 curioso
359 2738 463 2794 lectori
477 2745 576 2795 notum
591 2744 647 2810 est,
665 2743 837 2796 corumdem
853 2759 921 2814 apo-

83 2826 413 2883 stolicorumcanonum
422 2830 595 2884 auctoritate
606 2846 677 2884 suas
693 2833 919 2888 constitutiones

974 2030 1099 2100 reliquis
1133 2031 1269 2100 urbibus,
1295 2030 1404 2102 legitur
1432 2032 1656 2086 innumerabilis
1677 2032 1807 2088 fidelium

974 2118 1128 2174 multitudo
1145 2120 1216 2174 cleri
1231 2119 1347 2174 scilicet
1362 2123 1391 2173 et
1405 2120 1515 2191 populi,
1546 2121 1710 2191 exstitisse,
1728 2121 1808 2192 quod

975 2208 1241 2279 pseudoepiscopos
1264 2208 1435 2262 eorumdem
1458 2209 1625 2263 nullatenus
1651 2210 1808 2265 volucrunt

975 2297 1141 2367 suscipere,
1150 2302 1182 2352 ut
1190 2313 1226 2351 ex
1235 2296 1291 2352 hoc
1301 2300 1400 2367 aperte
1416 2296 1535 2366 clareat,
1544 2297 1680 2352 eumdem
1692 2298 1805 2354 clarum

975 2388 1003 2440 et
1017 2385 1156 2455 populum
1172 2386 1282 2441 idcirco
1303 2385 1423 2440 eosdem
1440 2385 1716 2456 pseudoepiscopos
1738 2402 1805 2443 res·

974 2475 1086 2544 puisse,
1097 2475 1166 2545 quia
1174 2475 1329 2528 constabat
1341 2473 1463 2528 eosdem
1478 2474 1595 2545 absque
1608 2475 1655 2529 sui
1665 2474 1808 2530 electione

974 2562 1003 2616 in
1015 2562 1068 2616 Dei
1078 2566 1287 2633 contemptum,
1303 2565 1332 2617 et
1343 2563 1455 2617 erroris
1464 2567 1681 2636 augmentuma
1697 2564 1807 2635 praefa-

975 2652 1013 2705 tis
1027 2650 1211 2721 principibus
1226 2655 1379 2721 promotos
1396 2651 1503 2706 fuisse.

1011 2740 1046 2793 Et
1061 2743 1091 2794 ut
1102 2740 1236 2809 excurplo
1256 2740 1334 2810 quod
1343 2740 1469 2794 dicimus
1480 2741 1649 2805 astruamus
1665 2742 1806 2798 :Anasta-

975 2829 1039 2883 sius
1055 2828 1084 2883 S.
1098 2828 1242 2882 Ecclesiae
1253 2829 1392 2882 Itomanae
1404 2828 1658 2899 bibliothecarius,
1671 2833 1700 2885 in
1711 2831 1807 2886 Chro-

82 2914 288 2987 flrmaverunt,
312 2915 481 2987 Stephanus
511 2934 583 2973 vcro
608 2924 730 2990 quartus
745 2923 773 2974 et
788 2921 919 2975 ioannes
974 2918 1040 2973 nica
1051 2933 1138 2989 quam
1155 2917 1191 2971 de
1202 2916 1306 2971 Gracco
1317 2917 1488 2971 inLatinum
1499 2935 1666 2974 sermonem
1676 2924 1808 2975 transtu·

84 3005 242 3073 septimus,
253 3006 334 3058 utait
344 3004 521 3061 Anastasius
538 3009 567 3062 in
581 3008 707 3081 prologo
718 3009 852 3080 septimae
868 3025 920 3080 sv-
975 3007 1016 3076 lit,
1033 3022 1179 3077 quamque
1195 3022 1232 3060 ex
1244 3007 1456 3060 vetustissimis
1472 3005 1807 3063 ClrronicisGraecorum

82 3092 163 3162 nodi,
174 3092 390 3165 quinquaginta
406 3097 531 3166 capitula
547 3099 718 3152 eorumdem
734 3114 879 3152 canonum
891 3100 920 3153 in
976 3095 1206 3164 compilaverunt
1221 3094 1341 3165 quidam
1355 3092 1461 3162 Graeci,
1480 3094 1531 3148 Dei
1556 3097 1695 3163 cultores,
1708 3097 1806 3152 Theo-

82 3181 294 3250 planissimum
309 3184 493 3239 auctoritatis
511 3186 603 3241 robur
621 3187 712 3257 recipi
728 3191 919 3241 censuerunt.
975 3184 1089 3255 phanes
1105 3183 1219 3237 scilicet
1232 3187 1259 3236 et
1273 3182 1431 3253 GeorginS,
1446 3198 1521 3252 quos
1538 3183 1614 3237 idom
1627 3186 1656 3237 in
1671 3184 1808 3255 ejusdem

115 3270 213 3325 Porro
229 3272 342 3326 eisdem
364 3273 507 3342 apostolis
532 3274 755 3344 decedentibus,
774 3274 920 3330 Ecclesiae
975 3273 1046 3327 libri
1059 3272 1232 3341 praefatione
1248 3270 1332 3324 miris
1348 3270 1486 3324 laudibus
1511 3272 1624 3341 attollit,
1644 3275 1673 3326 in
1694 3273 1806 3343 cadem,

83 3357 606 3430 ubiqueterrarumconsuetudinem
617 3364 653 3419 ab
671 3364 716 3418 ais
732 3364 867 3418 traditam
879 3364 920 3418 in·
975 3361 1104 3431 inquam,
1130 3359 1275 3414 Chronica
1291 3360 1327 3413 de
1352 3360 1475 3430 imperio
1490 3360 1642 3414 Anastasii
1671 3363 1714 3415 sic
1730 3363 1808 3416 inter

84 3448 269 3503 violabiliter
296 3452 502 3520 servaverunt,
526 3455 558 3506 ut
580 3452 740 3507 decedente
760 3452 921 3522 cujuslibet
976 3455 1084 3505 caetera
1094 3450 1215 3503 scribit:
1230 3471 1240 3496 ιι
1258 3449 1406 3502 Vicesimo
1422 3450 1535 3518 imperii
1552 3449 1704 3504 Anastasii
1714 3466 1802 3520 anno,

83 3535 230 3592 Ecclesia
244 3538 392 3607 pontifice,
409 3540 508 3595 clerus
520 3547 548 3595 et
557 3542 686 3612 populus
697 3541 833 3612 ejusdem
845 3557 922 3597 com·
977 3537 1297 3594 loanneAlexandrino
1308 3537 1438 3591 antistite
1446 3537 1587 3593 haeretico
1595 3542 1723 3610 mortuo,
1736 3539 1810 3594 Dio·

82 3625 166 3680 muni
191 3626 404 3682 deliberatione
425 3628 462 3683 da
486 3645 542 3684 suo
561 3630 610 3683 vel
632 3630 756 3685 alterius
777 3629 921 3686 Ecclesia
976 3641 1083 3681 scorus
1098 3626 1203 3682 Junior
1216 3625 1357 3695 praelatus
1369 3629 1416 3680 est
1432 3627 1592 3698 episcopus
1608 3626 1807 3685 Alexandriae.

83 3714 166 3769 clero
181 3713 242 3770 sibi
255 3719 406 3786 pastorem
420 3718 617 3786 praeficerent.
634 3718 670 3773 Et
685 3718 749 3774 haec
766 3724 824 3773 tam
839 3734 922 3774 sanc·
975 3713 1047 3770 Cum
1063 3717 1160 3769 autem
1167 3714 1302 3769 venisset
1311 3713 1597 3786 Constantinopolim
1610 3731 1665 3786 pro
1680 3715 1807 3771 Alexan·

83 3807 114 3857 ts
123 3806 245 3875 tamque
259 3804 322 3860 Deo
336 3807 419 3877 grata
432 3807 615 3862 consuetudo
630 3808 729 3863 tandiu
745 3808 861 3881 integra
871 3808 923 3862 illi·
975 3803 1071 3858 drinis
1082 3802 1157 3873 apud
1168 3803 1376 3873 imperatorem
1387 3804 1620 3876 intercessurus,
1632 3810 1753 3877 propter
1763 3821 1810 3860 oe·

84 3891 920 3967 betaquepcrmansit,quousquefideliummultitudoDei
977 3892 1120 3947 cisionem
1134 3892 1186 3946 fllii
1201 3891 1336 3963 Calliopii
1365 3894 1552 3964 Augustalis,
1568 3895 1605 3950 ab
1635 3895 1808 3951 orthodoxis

81 3980 231 4036 ecclesias
238 3981 434 4052 amplissimis
448 3984 696 4054 possessionibus
720 3988 814 4042 ditare
822 3986 919 4056 coepit.
976 3981 1094 4052 publica
1104 3980 1248 4036 conviciis
1263 3981 1455 4051 appetebatur
1465 3998 1530 4036 cum
1546 3984 1809 4054 procederetaesti·

81 4068 169 4126 'fune
187 4069 267 4124 enim
289 4071 459 4126 ambitionis
484 4071 595 4142 Spiritu
619 4075 845 4144 interveniente,
871 4075 922 4130 alii
977 4070 1127 4124 mantibus
1139 4085 1206 4124 eum
1222 4074 1323 4124 contra
1338 4075 1418 4123 recta
1432 4069 1569 4142 dogmata
1584 4074 1754 4144 advenisse,
1766 4088 1810 4128 er

81 4172 221 4227 amram,
239 4158 287 4213 alii
308 4159 397 4214 stiam
410 4160 535 4215 aliarum
550 4160 752 4218 Ecclesiarnm
769 4167 922 4234 cmperurit
978 4175 1016 4231 go
1032 4174 1099 4213 cum
1110 4159 1147 4212 ob
1164 4157 1355 4212 homicidium
1366 4158 1590 4214 intercessisset
1600 4176 1665 4214 cum
1683 4162 1807 4216 festina-

84 4247 281 4317 episcopatus
290 4248 414 4319 ambire,
426 4264 454 4303 er
464 4251 583 4305 nefandi
596 4250 726 4307 Simonis
741 4253 920 4308 commercio
976 4251 1055 4303 tione
1066 4248 1218 4302 discessit.
1228 4244 1402 4300 Cnusavero
1413 4246 1722 4303 cadisistafuit:Cum
1733 4250 1810 4304 idem

81 4336 155 4392 anis
164 4334 339 4405 fautoribus,
352 4337 439 4392 etiam
450 4353 537 4408 quam
547 4354 605 4394 non
615 4339 921 4412 habebantpecuniam
977 4339 1142 4392 Dioscorus
1151 4333 1664 4406 manusimpositionemaccepissct,
1674 4353 1809 4393 recesse-

76 4423 266 4497 promittcre.
278 4424 362 4491 Quod
377 4426 512 4482 videntes
527 4429 588 4483 Dec
604 4429 776 4501 dignissimi
794 4431 919 4486 Romani

977 4430 1045 4482 runt
1059 4424 1260 4479 multitudines
1275 4423 1456 4477 rusticorum
1471 4424 1604 4479 dicentes
1621 4441 1627 4478 :
1652 4427 1734 4493 Quia,
1750 4428 1811 4481 nisi

77 4511 254 4584 pontifices,
269 4515 320 4585 qui
335 4515 493 4571 sacerdotii
504 4517 661 4587 primatum
676 4519 707 4573 in
722 4523 781 4574 toto
796 4521 870 4575 orbe
881 4525 919 4575 tc·
937 4503 1144 4571 Dsccundum
1166 4513 1245 4585 quod
1260 4517 1430 4567 sanctorum
1453 4514 1655 4583 apostolorum
1680 4531 1810 4571 canones

78 4601 207 4670 nabent,
222 4602 525 4672 scilicctBonifacius‚
537 4603 727 4676 Caelestinus,
746 4608 816 4678 Leo,
833 4608 921 4664 Gela-

79 4691 165 4759 sius,
178 4689 384 4761 Symmachus,
394 4692 563 4764 Hormisda,
571 4694 744 4767 Gregorius.
761 4697 820 4766 alii,
830 4697 922 4753 Simo·

79 4780 203 4834 nisam
217 4777 446 4850 haresimprius
459 4782 567 4837 aPetro
581 4783 756 4852 damnatam,
767 4789 878 4840 extunc
893 4789 922 4841 et

78 4868 113 4922 in
126 4870 274 4922 catomum
287 4867 511 4941 damnaverunt,
527 4871 575 4925 alii
591 4872 720 4942 priscam
729 4874 920 4929 consuetudi·

77 4973 153 5012 nem
181 4955 379 5011 decretalibus
399 4960 661 5016 constitutionibus
677 4963 715 5016 ita
731 4964 922 5017 firmaverunt

77 5049 113 5099 nt
129 5045 300 5099 statuerunt
315 5046 428 5101 nullum
445 5062 482 5101 ex
497 5048 553 5102 alia
569 5048 703 5104 Ecclesia
718 5050 766 5104 alii
777 5050 920 5106 Ecclaciae

75 5133 233 5205 praeponi,
249 5133 307 5188 nisi
316 5133 393 5189 torte
408 5136 457 5208 qui
470 5152 534 5191 suae
547 5137 636 5210 digne
656 5141 856 5208 praeficeretur
867 5139 920 5193 Ec·

78 5223 190 5277 etesiae
214 5223 245 5276 in
258 5224 372 5291 eadem,
394 5225 473 5295 qnod
488 5227 545 5294 ipsi
565 5228 614 5280 vix
637 5243 728 5296 posse
744 5230 916 5300 contingere

79 5311 288 5381 crediderunt,
304 5312 473 5367 nullatenus
482 5317 587 5382 posset
601 5315 737 5370 inveniri.

117 5398 409 5472 Hancitaqnequam
425 5401 550 5470 praedixi
557 5404 801 5458 consuetudinem
812 5406 848 5460 ab
857 5421 924 5476 apo·

81 5486 180 5544 stolis
191 5486 513 5547 mdtnmnullatenus
533 5491 645 5547 violare
667 5497 924 5565 praesumpserunt

76 5573 336 5635 &mansam
358 5576 564 5650 imperatores,
588 5581 810 5656 Comtantinus,
839 5581 919 5641 Cen·

301 5664 433 5729 Person.
446 5664 579 5729 cxmx.

978 4605 1129 4660 continent
1144 4604 1193 4657 fiat
1208 4603 1380 4673 episcopus,
1396 4618 1455 4657 non
1472 4604 1639 4672 recipietur.
1656 4604 1811 4673 Principes

978 4710 1050 4749 vero
1059 4693 1329 4747 inthronizaverunt
1339 4707 1418 4746 eum.
1431 4691 1596 4747 Dioscorus
1605 4695 1762 4747 verovenit
1775 4692 1811 4746 ad

979 4781 1809 4849 Sanctumbla1·cum,etvanientesclericiinduerunteum

981 4870 1123 4938 secundo,
1142 4874 1169 4923 et
1184 4870 1290 4924 iterum
1307 4875 1567 4924 consecraverunt.
1586 4871 1619 4923 Et
1631 4872 1667 4922 ita
1685 4872 1808 4924 venicus

981 4959 1310 5014 adSanctumdoaunem
1324 4959 1697 5029 pe1·tecitcotn›‹2nm.(zum
1715 4966 1810 5012 autem

982 5048 1408 5104 essctillicTlreodosiusfilrus
1423 5048 1553 5114 antiopa
1571 5050 1756 5113 Angusntv.
1779 5056 1807 5101 rt

983 5137 1645 5206 Acastusinrigata-nulnum,tin-barnariem,
1657 5143 1809 5205 ‹nepcruut

981 5228 1102 5296 injuriis
1111 5226 1231 5279 affirma
1244 5225 1334 5277 tilium
1347 5225 1531 5294 Augustalis
1550 5232 1669 5295 coquant
1682 5228 1814 5279 tamnu-et

982 5314 1815 5386 imperatoremAnastasium.tiumvcrojurgiummotum

981 5405 1099 5472 fuisset,
1115 5401 1282 5456 insilientes
1293 5400 1412 5472 quidam
1428 5417 1444 5455 a
1458 5402 1529 5455 sedo
1541 5407 1704 5471 posuerunt
1719 5405 1812 5458 filium

981 5492 1170 5565 Augustalis,
1184 5494 1213 5546 et
1228 5491 1438 5545 interemerunt
1455 5506 1522 5545 curn
1540 5506 1546 5545 :
1563 5496 1591 5546 at
1602 5508 1672 5546 vero
1688 5492 1816 5547 Acacins

980 5581 1124 5656 magister
1133 5579 1266 5652 militum,
1275 5581 1530 5659 quotquotcapera
1539 5580 1643 5655 potuit,
1655 5579 1812 5639 interfecit.

1636 5667 1671 5733 rt
