3900 6112
652 288 847 354 HISTORIA
861 285 1024 355 SICUbA.
1040 322 1079 335 -
1102 288 1182 352 ma.
1198 291 1220 350 l.

34 344 40 357 .
63 286 147 352 itta
1712 291 1789 354 1106

63 484 243 557 licebautur,
268 491 300 543 ut
319 503 374 545 eos
395 488 476 544 adid
497 487 613 541 facilius
637 487 777 559 impellat,
801 471 941 543 verbistt
958 486 1066 541 duinus
1077 487 1187 542 vixeos
1202 500 1396 556 compescens
1408 485 1508 540 utilius
1525 487 1683 543 consilium
1696 489 1786 560 dedit,

64 590 258 646 enumerans,
268 577 357 632 etiam
368 578 403 633 dc
414 578 479 633 suis
491 576 656 646 pollicetur.
668 577 761 632 Porro
782 577 831 640 illi,
843 593 902 631 non
960 576 1113 630 scilicetut
1127 576 1169 630 ira
1184 575 1369 629 dissimulata
1385 575 1449 643 ipse
1464 576 1638 632 cultioribus
1654 579 1788 633 vestibus

65 667 125 716 tam
137 664 259 735 imperio
268 666 412 736 principis
421 682 509 737 quam
527 681 580 734 spe
593 681 694 719 eorum
706 682 771 736 quae
782 665 902 736 pollicc-
960 665 989 717 iu
1004 667 1192 734 praesentiam
1203 664 1327 717 blaniaci
1338 663 1486 732 procedat,
1495 664 1604 733 ssdoucc,
1617 667 1676 720 iltis
1691 669 1789 722 minus

62 752 173 807 beatur
185 752 287 822 illecti,
304 755 453 825 apparatis
473 770 539 825 quai
561 755 734 808 neccssaria
757 758 849 823 crant,
865 756 901 809 ad
961 753 1193 822 suspicantibus,
1209 753 1274 822 ipse
1287 768 1305 806 a
1318 752 1431 807 notario
1447 752 1581 823 blaniaci,
1592 754 1679 825 cujus
1690 757 1791 810 amici·

65 839 233 896 blaniacum
249 859 345 914 usquc
357 845 563 914 pervenerunt.
579 843 619 897 De
635 859 760 913 quorum
775 843 902 897 adventu
960 842 1170 907 imbuebatur,
1182 841 1422 912 chirographum,
1435 857 1492 912 quo
1504 841 1628 897 liberius
1640 847 1792 898 transeant

64 929 221 985 licaiacus
237 946 295 985 noa
309 932 461 985 minimum
478 932 613 1003 gavisus,
627 931 785 1001 plurimum
799 946 902 985 eorum
962 930 1102 994 rhotum,
1122 931 1227 1000 'pteris
1243 935 1308 984 astu
1323 930 1476 1000 accipiunt.
1494 931 1576 994 Quod
1588 947 1654 985 cum
1670 932 1714 986 sic
1730 948 1791 987 ma-

62 1018 437 1091 auxiliotideusuavigio
459 1023 566 1089 aptato,
589 1019 719 1074 Siciliam
742 1035 902 1075 numeroso
961 1020 1104 1085 eluuntur,
1136 1019 1287 1072 licaiacus
1311 1019 1358 1072 his
1382 1036 1448 1089 quae
1468 1020 1632 1090 agebantur
1654 1021 1789 1093 ignarus,

64 1108 203 1163 exercitu
217 1107 358 1163 invadunt
373 1108 440 1178 (iti),
457 1110 612 1178 primoque
637 1108 815 1176 Messanam,
834 1108 903 1178 quia
959 1107 1195 1161 benevolentium
1210 1107 1310 1161 militis
1325 1107 1455 1174 laudare,
1472 1124 1593 1163 manera
1608 1109 1790 1181 promittere,

63 1196 139 1265 ripae
164 1196 322 1266 applicuit,
345 1198 515 1268 contiguam
536 1212 731 1267 oppugnans,
755 1197 902 1251 deditione
960 1196 1171 1250 subsannando
1201 1198 1297 1250 tamen
1326 1212 1392 1250 cum
1417 1197 1480 1249 suis
1505 1197 1611 1251 ridere.
1636 1197 1674 1253 Ut
1693 1201 1792 1254 autom

61 1283 166 1338 fredus
176 1300 279 1339 secum
288 1286 364 1339 inire
376 1285 482 1357 coegit.
496 1284 570 1339 Nam
582 1284 717 1356 quamvis
731 1285 809 1354 apud
821 1285 895 1339 hios-
960 1284 1122 1339 chartulam
1134 1301 1150 1337 a
1163 1285 1286 1351 notario,
1297 1286 1382 1355 quasi
1393 1284 1510 1355 aliquod
1519 1287 1671 1357 negotium
1681 1302 1790 1342 versus

64 1387 171 1427 sanam
188 1373 388 1428 strenuissimi
404 1390 467 1428 suae
483 1375 581 1446 gentis
600 1374 707 1428 milites
723 1377 835 1443 essent,
851 1373 903 1445 qui
960 1370 1124 1426 Calabriam
1135 1373 1419 1442 habens,Arduinus
1434 1373 1743 1445 accepit,3n0strtctam
1754 1375 1791 1431 de

63 1460 101 1515 ab
118 1460 194 1515 urbe
210 1461 435 1531 progredientes
451 1463 480 1516 in
496 1478 663 1534 congressu
680 1462 801 1516 Graecos
817 1462 904 1531 pluri-
960 1465 1045 1516 nocte
1061 1461 1230 1516 Messanam
1241 1477 1336 1533 usquc
1348 1462 1516 1534 progressi,
1533 1463 1662 1518 Pharum
1672 1464 1791 1535 impune

64 1565 148 1603 mum
168 1548 364 1619 collidebant;
390 1550 443 1604 scd
468 1554 564 1605 tamen
587 1550 700 1604 Graecis
717 1550 901 1619 cedentibus,
959 1553 1121 1620 transeunt,
1133 1551 1236 1621 sicque
1251 1566 1359 1605 versus
1374 1551 1507 1621 Apuliam
1523 1552 1688 1623 tendentes,
1704 1552 1790 1607 Cala-

65 1636 182 1693 nostris
193 1637 605 1710 congrediendifocuspatuit.
618 1639 841 1706 messanenses,
855 1654 905 1692 no·
959 1639 1052 1692 briam
1069 1642 1096 1693 et
1105 1655 1290 1709 quaecunque
1305 1639 1474 1694 Gracorum
1486 1639 1566 1710 juris
1576 1656 1645 1695 esse
1656 1642 1793 1697 sciebant

65 1730 201 1781 atrorum
212 1727 384 1781 strenuitate
394 1727 524 1783 nondum
534 1731 664 1797 experta,
676 1727 771 1798 primo
786 1727 904 1798 quidem
959 1732 1075 1782 vastant
1086 1729 1411 1798 per-car·renteS,sicque
1423 1727 1557 1784 faciendo
1568 1746 1663 1800 usque
1673 1731 1702 1783 in
1711 1732 1792 1801 Apu·

65 1815 177 1869 acriter
188 1815 300 1870 instare
319 1819 480 1886 coepcrunt.
493 1816 530 1870 nt
549 1817 599 1871 ubi
612 1816 753 1871 videntse
770 1817 839 1887 plus
855 1831 903 1870 so·
917 1844 942 1909 Β
960 1816 1027 1870 liam
1038 1819 1246 1886 pervenerunt,
1257 1818 1310 1871 sed
1327 1817 1511 1871 dolositatem
1527 1818 1665 1872 Gaimurii
1680 1819 1791 1889 princi-

65 1904 116 1958 lito
127 1904 243 1972 vexari,
255 1904 341 1974 quasi
352 1920 436 1958 uovae
446 1905 544 1975 gantis
555 1904 687 1958 militiam
696 1905 902 1973 abhorrentes,
957 1906 1005 1974 pis
1031 1908 1259 1976 cognoscentes,
1277 1906 1313 1959 ad
1332 1906 1429 1975 ipsum
1452 1906 1570 1961 minimo
1585 1907 1766 1962 transierunt
1783 1923 1790 1963 ε

64 1993 153 2062 terga
163 1990 354 2060 praebuerunt
365 1992 477 2046 nostris
488 1991 619 2061 usquein
632 1991 796 2061 proximum
808 1991 903 2062 urbis,
958 2010 1061 2048 verum
1076 1994 1257 2064 provinciam
1269 1994 1455 2065 invastando,
1469 1995 1527 2049 sihi
1537 1993 1601 2050 e'am
1609 1995 1792 2069 subjugandi

65 2083 220 2134 extremos
234 2095 368 2150 quosque
378 2079 725 2134 caedentibusManiacus
736 2083 905 2135 nostrorum
959 2084 1116 2137 consilium
1134 2083 1290 2153 accipiunt.

66 2182 160 2222 causa
175 2171 282 2222 nactus
297 2168 411 2238 urbem,
434 2168 464 2223 iu
488 2169 581 2239 pretio
598 2184 650 2223 cos
679 2169 788 2223 babere
805 2171 901 2240 coepit,

65 2256 217 2326 donisque
232 2259 261 2310 et
275 2257 525 2326 promissionibus
542 2257 694 2329 corrigere
710 2258 765 2328 (Π)
780 2257 816 2311 ad
832 2258 903 2312 mili·

65 2345 147 2398 tiam.
166 2344 237 2398 Inde
253 2359 325 2415 ergo
340 2344 549 2414 profundiores
567 2349 667 2414 partes
683 2346 790 2401 Siciliae
807 2350 901 2401 atten-

65 2432 157 2487 tando
174 2435 204 2486 et
219 2433 315 2487 omnia
329 2432 518 2505 subjugando
529 2434 767 2505 progredientes,
777 2434 901 2505 Syracu·

67 2536 131 2576 sam
148 2537 247 2591 usque
261 2525 468 2592 pervenerunt.
480 2523 625 2578 Arcadius
635 2524 762 2594 quidam,
776 2526 824 2595 qui
836 2525 903 2579 urbi

64 2609 301 2681 principabatur,
319 2611 430 2665 uostris
446 2611 574 2666 infestus
597 2612 703 2666 multas
721 2616 839 2685 strages
854 2613 903 2667 da·

65 2698 125 2753 bat.
142 2697 208 2763 Quo
219 2697 392 2754 Guilielmus
401 2700 545 2755 Tancrcdi
556 2700 711 2772 filius,·qui
723 2701 745 2755 F
747 2702 903 2756 errcabra-

67 2787 135 2843 chia
146 2791 344 2856 nuncupatur,
357 2787 512 2857 plurimum
524 2789 695 2861 indignatus
706 2791 815 2861 impetu
827 2792 904 2847 iacto

69 2876 336 2946 supereumirruit,
349 2877 521 2948 fortiterque
530 2879 726 2950 congrediens
738 2879 837 2934 hastili
862 2898 905 2936 ro·

70 2964 141 3020 bore
158 2963 307 3036 dejectum
324 2965 486 3035 interfecit3
509 2967 586 3021 undo
612 2971 639 3021 et
660 2969 786 3023 maxima
807 2969 903 3024 laudis

72 3053 265 3108 admiratione
277 3053 417 3124 deinceps
429 3056 504 3124 apud
515 3056 638 3110 Graecos
653 3061 681 3111 et
697 3059 772 3128 apud
787 3058 904 3113 Siculos

75 3140 134 3195 fuit.
144 3141 237 3196 Sicuti
248 3142 344 3212 itaque
357 3159 452 3214 usque
465 3144 499 3197 ad
511 3147 667 3217 sexaginta
678 3147 766 3201 millia
778 3164 903 3219 congre·

79 3230 133 3300 guti
143 3231 286 3298 blaniaco,
299 3235 327 3284 et
338 3232 403 3286 suis
419 3232 448 3285 in
463 3234 595 3302 partibus
606 3235 628 3288 T
631 3236 720 3290 rainae
737 3237 820 3291 urbis
838 3238 875 3291 be

81 3314 135 3370 lum
145 3318 252 3373 offerre
264 3321 383 3373 tentant.
397 3319 490 3375 l’orro
501 3322 675 3378 Guilielmus
686 3325 765 3378 filins
777 3326 903 3383 Tancrc-

10 3426 20 3497 ἑ,
87 3402 118 3472 di,
130 3406 213 3461 laude
224 3407 333 3462 militiae
345 3408 428 3463 ferox
440 3411 530 3464 armis
539 3411 605 3481 (18),
618 3417 768 3483 strenuus,
781 3414 904 3471 Graecos

86 3504 100 3543 a
116 3500 258 3550 certamen
282 3499 468 3567 praeveniens
483 3501 659 3567 ,certamine
671 3502 741 3558 inito
752 3520 818 3558 cum
840 3522 904 3561 suae

30 3606 36 3613 -
92 3585 172 3648 gentis
182 3588 293 3639 tuntum
304 3586 447 3641 militibus
458 3604 523 3642 cum
536 3589 620 3644 hoste
634 3594 833 3663 congreditur,
850 3611 904 3649 an·

35 3704 38 3709 -
90 3667 191 3737 tequam
215 3673 310 3728 Graeci
334 3675 371 3730 ad
395 3675 491 3730 locum
521 3679 690 3734 certaminis
720 3683 903 3751 perveniant.

10 3782 13 3789 ·
89 3748 202 3817 Fortiter
219 3765 334 3835 agendo
349 3764 450 3834 plures
468 3767 646 3837 stravit(19),
663 3769 794 3841 reliquos
810 3771 903 3842 fugat,

87 3838 171 3905 victor
185 3850 323 3906 efficitur.
340 3853 445 3924 Graeci,
458 3855 493 3908 ad
508 3855 605 3910 locum
615 3873 673 3928 quo
690 3862 832 3913 certatum
843 3859 905 3914 fue·

79 3932 904 4019 tupervenicntes,uostrishostesinsequentibus,spo-

73 4004 102 4109 ἢ(
120 4025 276 4099 diripiunt,
291 4029 368 4084 iuter
383 4047 415 4086 se
431 4032 573 4103 dividunt,
589 4035 668 4088 nulla
683 4037 817 4105 portione
832 4053 904 4093 nos·

10 4104 17 4113 ’
70 4095 119 4159 ‘¹7⁸
138 4117 193 4190 qui
207 4117 245 4172 ab
261 4119 347 4173 hoste
362 4125 559 4176 excusserant
573 4129 736 4179 reservata.

383 4226 509 4281 CAPUT
525 4229 598 4285 Vlll.

161 4330 297 4396 Qualiter
310 4331 467 4387 Arduinus
480 4349 496 4387 a
510 4336 647 4392 blaniaco
661 4354 755 4393 caesus
770 4340 821 4395 sit.

52 4503 60 4553 ι
81 4419 194 4493 Quod
210 4454 276 4492 cum
292 4440 397 4510 nostri,
414 4458 429 4495 a
444 4445 649 4513 persequendo
664 4445 767 4501 hostes
783 4448 907 4503 redeun-

61 4518 97 4561 cs

50 4606 231 4672 quemdam
248 4618 360 4687 italum,
385 4619 434 4689 qui
456 4635 493 4673 ex
514 4623 625 4675 nostris
642 4626 712 4687 erat,
741 4626 790 4694 qui
812 4626 907 4680 Gracci

52 4697 226 4762 kze¹⁸·*nonis
242 4706 375 4775 peritiam
398 4708 534 4777 babebat,
551 4710 715 4765 blaniacum
737 4714 836 4784 utiquc
853 4716 908 4768 br.-

53 4786 209 4873 llox'iso,
217 4810 299 4848 anex
308 4794 519 4851 deliberatione
530 4798 684 4854 industrie
695 4802 790 4870 spolia
803 4803 909 4857 divise·

59 4867 111 4933 '¹12
150 4885 185 4937 ad
208 4884 354 4937 rationem
378 4889 499 4954 ponunt.
529 4887 623 4941 Porro
649 4889 696 4943 ille
727 4890 907 4962 indignatae,

64 4966 164 5026 quasi
178 4973 316 5043 potestati
340 4988 403 5028 suaa
428 4976 630 5031 contradicere
651 4982 907 5049 praesumpserint,

71 5056 145 5112 curn
155 5059 241 5115 liceat
250 5060 286 5115 dc
295 5061 408 5116 eisdem
418 5065 524 5133 spoliis
542 5066 598 5119 sibi
610 5082 663 5136 pro
674 5067 755 5122 libito
768 5085 822 5123 suo
841 5085 909 5140 age-

77 5145 117 5203 ma
133 5161 188 5217 per
198 5151 293 5220 spatia
309 5155 475 5206 castrorum
486 5152 615 5209 fustibus
627 5157 817 5227 credendo,ad
827 5158 909 5227 igno·

81 5223 198 5292 minium
213 5239 311 5311 gantis
336 5243 446 5295 nostras
463 5245 649 5299 contumeliis
665 5245 742 5300 affici
759 5250 908 5318 praecepit.

86 5309 232 5381 baduinus
253 5328 373 5383 rediens
393 5346 459 5384 curn
482 5332 549 5386 talia
565 5334 686 5403 nuntiat,
710 5336 803 5390 nostri
819 5353 910 5409 grave

10 5454 14 5459 .
87 5395 220 5488 ferentes,
238 5416 268 5471 iu
283 5418 405 5474 Graecos
421 5420 577 5494 insurgere
593 5424 767 5479 deiiberant.
783 5426 840 5481 Sed
858 5427 911 5481 rtr-

121 5556 171 5629 (16)
185 5557 218 5614 G.
237 5558 273 5614 P.
289 5559 416 5618 invadit.

117 5628 171 5703 (fl)
186 5629 219 5686 G.
237 5629 269 5688 P.
287 5633 436 5706 arripere.

117 5699 170 5779 (18)
187 5700 220 5759 G.
238 5701 270 5760 P.
286 5704 318 5762 iu
334 5708 436 5764 armis.

1278 2169 1403 2225 CAPUT
1419 2172 1469 2226 IX.

960 2258 1095 2325 Qualiter
1110 2259 1234 2314 illelfaa
1256 2259 1455 2315 Nortmannis
1473 2259 1620 2315 certificata
1640 2263 1691 2330 sit,
1709 2262 1791 2316 etde

994 2331 1091 2402 legato
1114 2347 1130 2384 a
1157 2331 1272 2385 Graecis
1291 2332 1390 2399 misso,
1407 2337 1436 2384 et
1459 2331 1496 2385 de
1512 2333 1609 2402 primo
1628 2348 1791 2404 conpressu

994 2417 1077 2474 quem
1090 2418 1153 2456 cum
1171 2400 1287 2456 Groecis
1300 2399 1477 2456 babuerunt.

993 2490 1049 2545 Sed
1067 2506 1133 2546 cum
1149 2491 1214 2544 siue
1230 2494 1338 2556 castro,
1349 2506 1406 2560 quo
1421 2506 1454 2544 se
1465 2494 1626 2561 tuerentur,
1638 2493 1739 2562 patriae
1755 2493 1789 2547 il·
1814 2490 1818 2497 ’

957 2581 1016 2635 lius
1032 2580 1137 2634 incolas
1154 2577 1209 2649 (ro)
1226 2584 1337 2644 essent,
1355 2583 1496 2647 castrum,
1515 2582 1593 2651 quod
1613 2581 1700 2636 blelfa
1715 2582 1789 2636 dici-

958 2673 1016 2739 tur,
1034 2672 1274 2744 construxerunq
1291 2668 1341 2722 ubi
1357 2683 1422 2722 cum
1439 2670 1592 2739 quingenti
1608 2674 1719 2725 tantum
1734 2671 1790 2725 mi-

959 2759 1025 2812 lites
1051 2762 1162 2824 esseut,
1180 2757 1356 2828 G1·aeci,qui
1380 2760 1465 2812 terrae
1482 2758 1521 2811 illi
1538 2759 1790 2832 principabantur,

959 2847 1086 2901 maxima
1113 2846 1297 2900 multitudino
1321 2861 1358 2899 ex
1382 2845 1518 2900 Calabria
1546 2849 1574 2901 et
1601 2849 1708 2918 Apulia
1732 2849 1792 2903 sibi

959 2937 1119 2992 coadunata
1132 2951 1227 3004 usqae
1239 2935 1273 2987 ad
1284 2931 1438 3005 sefraglnta
1451 2935 1540 2988 nullia
1557 2941 1746 3006 armatorum,
1758 2941 1791 2992 ut

959 3042 1011 3081 cos
1027 3042 1043 3079 a
1059 3025 1167 3078 finibus
1184 3024 1248 3077 sais
1259 3023 1467 3092 propellerent,
1481 3040 1588 3077 versus
1600 3026 1666 3079 illos
1678 3027 1720 3080 ire
1732 3043 1789 3082 cce·

958 3114 1236 3186 perunt,legatoque
1253 3113 1410 3181 praemisso
1426 3113 1563 3166 mandant
1580 3117 1610 3167 ut
1632 3115 1711 3185 quod
1726 3132 1789 3169 ma-

878 3237 903 3290 l,
920 3196 1066 3262 Cinerint
1088 3203 1217 3273 eligant3
1242 3206 1290 3255 aut
1315 3205 1464 3255 certamen
1489 3202 1516 3254 iu
1533 3204 1662 3258 crastino
1687 3220 1791 3260 secum

960 3293 1079 3360 hahere,
1095 3296 1144 3344 aut
1159 3305 1230 3360 pace
1246 3290 1304 3344 sibi
1320 3290 1429 3342 indulta
1442 3290 1604 3345 incolumes
1620 3309 1636 3345 a
1652 3295 1790 3363 pervasis

959 3382 1068 3436 finibus
1084 3381 1233 3434 recedere.
1251 3379 1472 3450 laegatusvcro,
1485 3380 1536 3448 qui
1551 3381 1660 3435 adhaec
1677 3381 1790 3437 missus

960 3470 1065 3536 fuerat,
1083 3485 1149 3523 cum
1173 3468 1371 3538 pulcherrimo
1399 3483 1474 3538 equo
1500 3469 1652 3538 insideret,
1672 3472 1791 3541 quidam

961 3560 1160 3613 hertmannus
1177 3557 1275 3628 llngo,
1299 3562 1495 3628 cognomento
1515 3557 1699 3613 Tralextifem
1721 3558 1791 3629 (⁶21),

961 3664 1068 3719 equum
1085 3664 1172 3700 mauu
1195 3650 1349 3700 altrectare
1372 3647 1469 3715 coepit.
1487 3646 1525 3699 l't
1547 3650 1642 3701 autom
1659 3648 1792 3705 mirabile

962 3737 1070 3808 aliquid
1083 3737 1118 3790 dc
1128 3752 1160 3790 sa
1172 3736 1323 3806 sociisque
1336 3735 1410 3805 suis,
1422 3736 1699 3806 nrnleterrerentur,
1711 3738 1792 3793 Grae-

962 3829 1006 3881 cis
1018 3825 1214 3890 mandaretur,
1227 3824 1305 3877 nudo
1317 3840 1414 3893 pugno
1431 3841 1537 3894 equum
1550 3825 1577 3877 iu
1590 3825 1706 3881 cervice
1721 3843 1791 3896 pcr-

962 3915 1077 3968 cutiens
1093 3929 1150 3966 uno
1173 3913 1242 3979 ictu,
1260 3912 1344 3981 quasi
1362 3914 1519 3978 mortuum,
1537 3912 1654 3982 dejecit.
1675 3915 1793 3988 Reliqui

961 4019 1031 4058 vero
1043 4000 1217 4055 Nortmanni
1228 3999 1416 4068 prosilientes
1427 4000 1626 4072 Graecumqni
1639 4019 1705 4057 cum
1716 4020 1792 4075 equo

961 4093 1096 4162 dejectus
1111 4089 1205 4143 fuerat
1216 4092 1242 4141 ct
1254 4087 1318 4140 solo
1332 4088 1436 4140 timore
1448 4088 1539 4141 husus
1551 4092 1636 4158 quasi
1647 4094 1792 4148 exanimis

962 4182 1042 4235 humi
1064 4178 1192 4250 jacebat,
1218 4175 1355 4247 erigunt;
1385 4191 1492 4245 equum
1516 4181 1613 4230 autem
1637 4195 1732 4249 usquc
1757 4180 1793 4233 ad

962 4268 1108 4340 quoddam
1118 4264 1311 4336 praecipitium
1322 4264 1526 4332 pertrahentes
1538 4265 1688 4335 dejiciunt..
1699 4270 1792 4322 Porro

962 4361 1095 4423 Graecus,
1113 4372 1179 4409 cum
1202 4354 1250 4408 vix
1275 4353 1476 4407 consolatione
1492 4354 1740 4411 Nortmaunorum
1757 4358 1793 4412 ad

963 4451 1090 4502 mentem
1102 4443 1368 4512 rediisset,mcliori
1384 4458 1460 4512 equo
1472 4445 1507 4497 ah
1522 4444 1565 4497 eis
1582 4449 1712 4517 accepto,
1728 4462 1793 4500 cer-

103 4557 116 4582 ,
159 4528 384 4599 cognovissent,
415 4529 553 4602 injuriam
576 4534 640 4602 rati,
664 4550 717 4604 per
743 4537 1203 4616 hrduinumntatncaparatum
1222 4531 1792 4603 sociisrcfert.Sericumquodaccidc-

964 4630 1007 4681 rat
1021 4623 1203 4696 principibus
1215 4620 1313 4692 populi
1326 4622 1371 4674 sui
1384 4624 1493 4675 tantum
1509 4623 1667 4692 retulisset,
1684 4624 1793 4691 ilfi,ad·

964 4715 1119 4770 miratione
1134 4716 1162 4765 ct
1177 4699 1254 4764 mr'rtu
1269 4710 1416 4780 percussi,
1436 4710 1559 4764 verbnm
1575 4712 1651 4765 inter
1664 4728 1697 4765 se
1712 4728 1794 4766 com-

964 4803 1144 4875 primebant,
1170 4816 1206 4853 ue
1232 4798 1320 4866 forte,
1344 4799 1369 4852 si
1398 4799 1427 4852 in
1449 4800 1600 4870 propatulo
1630 4800 1793 4871 diceretur,

966 4893 1115 4949 exercitus
1136 4890 1255 4943 territus
1284 4888 1442 4959 refugeret.
1466 4888 1550 4942 lianc
1577 4889 1674 4958 itaque
1699 4890 1793 4959 facto,

966 4997 1082 5036 summo
1098 4979 1226 5033 diluculo
1242 4993 1257 5029 a
1274 4976 1463 5030 Nortmaauis
1479 4977 1655 5046 occurritur,
1673 4977 1795 5033 fortiter-

966 5086 1022 5142 que
1033 5068 1260 5140 congredientes
1269 5065 1411 5119 acerrime
1425 5067 1561 5135 utrinque
1572 5070 1729 5136 pugnatur.
1746 5067 1796 5121 In-

967 5164 1096 5215 tereraut
1112 5157 1180 5210 huic
1200 5154 1348 5208 certamini
1366 5154 1400 5207 dc
1418 5154 1485 5206 tiliis
1502 5154 1656 5225 Tancrcdi,
1673 5155 1797 5212 Guiliel-

967 5264 1033 5303 mus
1043 5243 1275 5301 Ferreabracbia
1287 5245 1315 5297 ct
1330 5257 1429 5296 comcs
1438 5242 1569 5313 llrogon3
1582 5245 1707 5299 necdum
1718 5246 1798 5316 quis·

968 5353 1055 5409 quam
1075 5334 1196 5388 fratrum
1212 5330 1456 5386 eossubsecutus
1472 5329 1577 5385 fuerat.
1598 5332 1648 5387 lsti
1668 5350 1749 5406 vcro,
1767 5338 1799 5391 ut

968 5423 1125 5481 fortissimi
1140 5424 1247 5476 milites
1263 5419 1364 5473 socios
1379 5419 1553 5490 animantes,
1568 5421 1622 5476 sed
1637 5427 1664 5477 et
1680 5423 1799 5494 ipsimet

1004 5568 1060 5639 (19)
1075 5567 1107 5623 C.
1123 5567 1156 5620 P.
1174 5562 1295 5618 sternit.

1005 5638 1061 5710 (20)
1077 5636 1109 5693 C.
1125 5637 1158 5692 P.
1175 5634 1291 5690 iucohs.

1005 5709 1061 5786 (ff)
1076 5709 1108 5769 G.
1121 5709 1155 5766 Ρ.
1177 5703 1366 5765 Tudabufcru.
