3908 6112
1 297 5 303 ’
109 299 168 363 595

366 497 449 567 Ir'aqa
466 495 685 565 discipulorum.

148 588 200 640 Eia
215 602 292 640 nune
309 602 367 655 qao
383 585 496 655 sagitis,
513 586 559 638 vel
575 585 705 652 latitatis,

112 674 166 740 Qui
182 690 277 743 nuper
292 690 358 726 eum
376 674 498 726 Domino
519 689 572 726 vos
590 673 661 726 mori
676 672 819 740 jactatis(>

113 764 170 817 Sed
186 763 268 832 prior
279 779 331 831 pre
348 763 484 815 omnibus
501 766 623 815 mortem
639 761 718 815 subit
734 761 837 832 gratie,

115 852 159 904 Ne
173 857 226 922 pro
243 851 307 920 ipso
324 850 509 919 postmodam
522 850 595 902 meri
611 849 750 903 timeatis.

416 939 506 992 Petri
522 939 649 1009 acpatr‘o.

151 1028 286 1099 Sequens
302 1029 409 1081 Petrus
430 1028 517 1099 longe
534 1026 639 1080 atrium
655 1025 782 1095 intravit,

115 1117 172 1173 Sed
189 1118 224 1171 ad
241 1133 343 1170 vocem
359 1115 475 1170 leminea
491 1116 594 1169 lesam
609 1118 654 1168 ter
674 1114 802 1186 negavit,

8 1200 11 1204 ⁴
115 1206 205 1270 Quem
217 1205 284 1258 dum
300 1206 402 1260 lesum
417 1205 548 1274 respicit,
565 1203 661 1257 tlendo
678 1203 851 1273 suspiravit,

116 1295 151 1349 Et
165 1294 273 1348 amaris
288 1293 428 1364 lacrymis
444 1293 546 1362 culpas
563 1292 700 1362 expiavit.

394 1381 477 1436 dadae
492 1381 672 1452 desperatio.

152 1471 264 1526 Videas
278 1474 345 1542 pest
360 1470 424 1524 haee
440 1469 572 1538 proditor
587 1469 665 1539 qaod
675 1469 767 1524 lesus
782 1467 947 1537 damnatur,

117 1561 225 1616 Detulit
239 1563 397 1631 argenteos
413 1559 522 1630 quibas
538 1558 730 1625 vendebatur,

118 1648 153 1703 Et
168 1649 324 1716 recedens,
341 1647 446 1717 laqueo
463 1647 554 1700 miser
565 1645 746 1714 suffucatum

117 1737 166 1791 Sic
182 1737 319 1791 mercede
336 1751 467 1807 congrua
485 1735 559 1790 latro
575 1734 754 1805 praemiatur.

404 1824 520 1879 Christi
535 1824 665 1895 injuriae

154 1914 219 1967 Nox
233 1912 378 1967 insomnis
395 1913 492 1983 itaque
508 1915 566 1966 tota
579 1911 752 1980 ducebatur,

8 1992 17 2010 ⁸
120 2000 205 2056 Nulla
221 2017 347 2071 prorsus
363 2002 482 2072 requies
499 2002 569 2055 lesu
581 2000 786 2071 prestabatur.

117 2090 318 2144 llinistrorum
334 2090 421 2159 impia
435 2091 521 2159 plebs
536 2090 708 2160 injuriatur,

119 2179 218 2250 alapis
234 2183 262 2234 et
277 2178 410 2252 colaphis
426 2179 569 2232 innocens
585 2180 735 2231 tractatur.

387 2267 490 2338 loiqaa
506 2267 662 2320 accusatio.

153 2355 245 2425 Falsi,
261 2356 349 2426 lesa,
367 2360 469 2409 contra
484 2358 511 2410 te
527 2359 620 2410 testes
636 2353 826 2423 inducuntur,

117 2445 290 2515 Tacensque
307 2445 480 2498 dissimulas
497 2447 601 2497 cuncta
617 2459 683 2514 qaae
700 2443 847 2510 dicantur,

119 2533 203 2587 Mane
219 2532 295 2586 sucta
312 2533 449 2586 manibus
465 2532 582 2585 vincula
597 2536 764 2586 nectantur.

119 2622 164 2675 Ad
179 2621 302 2674 Pilatum
318 2621 455 2687 traheriS,
473 2622 634 2692 hostesque
650 2625 824 2691 sequautur.

155 2708 316 2764 accusaris
332 2711 477 2779 nequiter,
494 2710 547 2764 sed
564 2710 635 2764 nibil
652 2709 810 2780 probatur,

120 2797 285 2869 Finguntur
301 2799 463 2864 mendacia,
479 2815 581 2852 veram
597 2799 770 2866 occultatur,

120 2887 182 2940 Noc
199 2887 448 2956 latebatp'udirem
464 2888 541 2958 qaod
558 2887 640 2940 treus
656 2891 802 2956 operatur.

121 2976 188 3030 ideo
203 2979 231 3030 te
247 2976 369 3045 perdere
385 2991 500 3046 praeses
517 2976 682 3042 verebatur.

157 3066 284 3120 Herodis
301 3066 472 3134 aspectibus
488 3066 633 3134 posthaec
653 3068 861 3135 praesentatae,

121 3155 280 3225 Multisque
295 3155 484 3209 sermonibus
499 3157 601 3208 tacens
617 3154 782 3226 regitatus;

121 3243 161 3298 Te
177 3259 231 3299 rex
245 3259 312 3299 eam
328 3245 459 3299 exercita
476 3245 589 3312 sprevit
603 3243 793 3315 indignatas3

122 3332 247 3386 Praesidi
263 3333 415 3388 reduceris
431 3335 516 3388 veste
531 3332 715 3387 candidatae.

156 3421 251 3476 ludaei
267 3424 336 3476 tunc
351 3422 449 3475 acrias
466 3422 575 3475 instant
589 3422 777 3489 accusantes,

122 3509 250 3564 Herodis
266 3525 299 3562 ac
314 3510 453 3578 praesidis
468 3509 579 3563 loedere
595 3509 740 3564 laetantes.

122 3599 272 3652 Petieutor
286 3597 395 3653 toleras
413 3612 502 3652 canes
519 3598 700 3652 oblatrantes

123 3685 158 3741 Et
173 3687 284 3756 iniquis
300 3687 400 3741 verbis
417 3691 444 3740 te
460 3686 614 3741 laniantes.

158 3776 316 3830 Taceutem
331 3774 366 3829 ad
382 3776 478 3829 omnia
489 3774 584 3846 judex
600 3774 771 3844 admiratur,

124 3864 168 3919 ab
183 3864 258 3934 ipsis
274 3865 389 3934 eripere
405 3866 508 3919 lesum
523 3869 713 3919 conconatur.

123 3954 181 4009 Sed
196 3953 338 4009 tumultus
353 3954 452 4023 populi
469 3953 576 4026 ingens
592 3955 763 4024 suscitatur,

124 4042 160 4097 Et
173 4042 269 4114 plebis
286 4059 342 4097 vex
358 4043 475 4097 insonat
491 4047 521 4096 ut
535 4043 735 4114 crucifigatur.

158 4132 270 4205 Ogens
286 4131 509 4203 nefandissima,
526 4147 618 4203 quare
632 4132 677 4186 sic
692 4131 804 4203 egisti?

123 4222 304 4277 Salvatorem
320 4222 482 4293 abnegans,
496 4221 618 4292 impiam
632 4221 741 4292 petisti,

32 4383 35 4390 Ι
124 4310 159 4365 Et
173 4310 317 4366 latronem
332 4310 448 4382 eligens
463 4309 613 4365 Christum
628 4309 801 4381 perdidisti;

123 4399 172 4456 Sic
189 4399 225 4454 ab
241 4415 276 4454 eo
292 4399 406 4469 despici
417 4399 486 4469 iure
503 4400 648 4454 meruisti.

403 4487 494 4559 Impia
510 4489 671 4543 sententia.

159 4576 271 4631 Videas
282 4574 376 4647 judex
391 4575 518 4647 denique
532 4591 566 4630 ee
582 4575 621 4630 nil
636 4576 810 4648 praevalere,

123 4665 180 4721 Sed
197 4665 293 4738 magis
309 4665 339 4719 in
354 4663 460 4734 populo
477 4664 630 4718 tumultum
645 4680 766 4737 augere,

122 4755 271 4810 iudicavit
284 4753 347 4809 fieri
363 4753 440 4824 qnod
456 4752 486 4806 hi
501 4753 621 4822 petiere.

124 4844 258 4899 Exsultat
273 4859 348 4916 gene
363 4841 494 4913 perfida3
511 4842 558 4897 eui
572 4843 702 4899 doluere.

206 4988 210 4993 ,
444 4930 630 5004 Flagellatio.

159 5022 297 5078 Traditur
312 5022 464 5091 militibus,
480 5020 608 5075 vinculis
623 5024 762 5090 arctatur,

123 5110 169 5164 Ad
183 5110 348 5165 colamnam
364 5110 489 5180 sistitur,
512 5109 585 5164 dure
600 5109 775 5181 flagellatur,

124 5198 260 5270 Undique
275 5200 451 5254 verberibus
468 5214 577 5269 corpus
593 5204 781 5266 cruentatar;

123 5286 269 5357 Sepelitar
284 5288 389 5358 pictae,
405 5288 488 5343 farer
503 5288 678 5344 dominetur.

159 5374 236 5429 Ecce
247 5390 316 5431 care
331 5379 430 5430 tenere
447 5377 486 5447 pii
505 5376 679 5447 Salvatoris,

124 5464 169 5519 Ad
185 5462 348 5518 colamnam
366 5465 501 5536 nequiter
516 5467 661 5520 coarctata
678 5465 761 5535 loris,

123 5552 171 5608 Sic
186 5553 312 5624 flagellis
328 5553 449 5609 caeditur
465 5554 546 5626 impii
562 5556 693 5610 tortoris.

122 5643 203 5711 Quod
218 5647 318 5716 patent
332 5644 456 5715 vestigia
474 5661 551 5698 nunc
568 5660 662 5715 usqae
678 5643 805 5699 cruoris.

647 295 680 356 S.
697 295 886 359 ANSELMI
903 295 1106 360 LUCENSIS
1122 296 1328 359 EPISCOPI.

954 498 984 559 A

1723 296 1823 397 ‘eea

1276 496 1363 551 Varia
1378 497 1546 568 opprobria.

1034 585 1107 637 Post
1122 585 1289 639 conflictam
1305 585 1462 640 verberam
1478 586 1544 640 vide
1558 586 1627 656 quid
1645 574 1775 659 ege'tar:

1002 674 1137 742 Purpura
1154 674 1293 741 induitur,
1311 675 1406 744 spinis
1423 679 1591 741 coronetur,

999 762 1120 816 arando
1138 763 1166 815 ia
1183 763 1344 831 demerem,
1361 764 1446 835 quasi
1461 769 1622 834 sceptrum,
1638 763 1734 831 datar,

1001 849 1035 903 Et
1051 850 1168 918 illusus,
1186 851 1313 923 genibus
1329 851 1426 920 tlexis,
1444 852 1591 906 adoratur.

1035 938 1197 992 Ademtum
1213 943 1380 1009 conspuant
1401 939 1507 994 taciem
1524 939 1689 995 caedentes

1000 1025 1121 1080 Feriunt
1136 1028 1279 1082 arundine
1296 1030 1392 1098 caput,
1405 1029 1469 1083 haec
1486 1029 1636 1084 dieentes:

1001 1115 1206 1185 Prophetando
1222 1117 1319 1185 indica
1334 1121 1361 1171 te
1375 1117 1596 1188 percutientes;

1002 1204 1123 1260 Talibus
1138 1206 1275 1260 ludibriis
1291 1208 1400 1261 instant
1416 1205 1583 1260 illudentes.

1037 1294 1061 1348 0
1075 1310 1162 1365 qaam
1178 1294 1299 1366 longum
1312 1294 1430 1366 singula
1444 1293 1520 1349 foret
1535 1308 1687 1364 enarrare,

1001 1383 1059 1438 Sed
1079 1398 1166 1453 qaam
1183 1382 1237 1437 tuit
1250 1382 1369 1454 longius
1386 1386 1465 1437 tanta
1481 1382 1631 1437 tolerare?

1002 1471 1118 1526 Lethali
1133 1471 1240 1526 duritia
1255 1474 1371 1526 constat
1386 1471 1520 1527 laborare

1002 1559 1057 1626 Qui
1073 1565 1218 1614 amantem
1233 1559 1329 1614 taliter
1343 1560 1469 1632 negligit
1483 1575 1592 1615 amare.

1040 1649 1117 1703 Ecce
1132 1652 1199 1717 post
1214 1649 1368 1720 augustiae
1381 1652 1423 1704 tot
1436 1648 1613 1721 iniuriarum

1003 1739 1102 1793 Oritur
1117 1737 1264 1792 acerbitas
1279 1738 1375 1792 denuo
1386 1752 1549 1807 paenarum,

1004 1826 1100 1890 Quare
1116 1825 1160 1879 sie
1176 1825 1353 1895 suppliciam
1369 1826 1503 1881 noscitur
1516 1840 1661 1894 amarum,

1007 1916 1082 1969 Dum
1097 1915 1175 1986 qaod
1189 1918 1256 1985 post
1271 1919 1367 1968 actum
1382 1918 1428 1969 est
1443 1917 1594 1985 reputatur
1608 1914 1734 1985 parum?

1290 2002 1439 2074 Bajulatio
1452 2003 1561 2058 crucis.

965 2053 992 2118 Β
1043 2092 1117 2145 Nem
1134 2108 1186 2162 per
1201 2090 1285 2146 urbis
1301 2091 1429 2146 mediam
1443 2091 1534 2146 lesus
1549 2089 1737 2160 procedebat,

1007 2180 1135 2251 Saisque
1150 2166 1312 2251 patibulum
1327 2179 1460 2234 hameris
1476 2179 1599 2248 ferebat,

1006 2271 1050 2324 Ad
1065 2270 1156 2337 sores,
1173 2269 1208 2323 ad
1226 2268 1301 2323 ostia
1315 2269 1442 2338 populas
1457 2268 1575 2336 tluebat,

1006 2358 1139 2430 Eiusque
1155 2356 1293 2411 confusio
1313 2356 1442 2428 singulis
1458 2356 1585 2426 patebat.

1040 2446 1168 2500 Occarre
1183 2461 1272 2516 nanc,
1288 2446 1393 2512 anima,
1410 2445 1527 2500 intuens
1544 2448 1690 2499 amantem

1004 2534 1119 2589 Gratias
1135 2534 1171 2588 ud
1186 2535 1348 2605 patibulum
1363 2550 1416 2604 pro
1431 2538 1459 2588 te
1475 2537 1694 2604 properantem,

1004 2625 1153 2693 Sponsam
1169 2627 1249 2678 tuum
1266 2624 1382 2693 respice
1398 2639 1518 2678 crucem
1531 2620 1724 2703 bajulantem,

1005 2713 1067 2766 Tua
1082 2713 1146 2766 sais
1164 2713 1285 2766 crimina
1301 2712 1398 2782 poenis
1414 2712 1592 2781 expiantem.

1040 2800 1197 2870 Triplicam
1214 2801 1329 2855 intueor
1345 2801 1459 2855 turbam
1475 2805 1501 2855 te
1518 2802 1705 2871 sequentem,

1003 2888 1133 2958 Scilicet,
1151 2889 1323 2943 carnificum
1337 2890 1461 2958 primam
1477 2893 1504 2942 te
1519 2892 1714 2958 prementem,

1005 2977 1176 3032 ludaeorum
1192 2978 1312 3031 alteram
1326 2972 1453 3047 prorsus
1468 2975 1651 3046 irridentem,

969 3104 993 3164 C
1008 3066 1179 3120 Amicorum
1193 3066 1308 3120 tertiam
1322 3065 1408 3120 anxie
1422 3065 1582 3137 lugentem.

1338 3152 1511 3209 Crncitlxio.

1043 3243 1172 3298 Tandem
1185 3244 1221 3299 ad
1235 3244 1377 3300 calvariae
1392 3245 1489 3298 locam
1503 3245 1715 3314 transmeatur,

1009 3332 1044 3387 at
1059 3333 1167 3389 ibidem
1183 3333 1318 3388 vestibus
1334 3333 1426 3388 lesus
1440 3332 1594 3402 spoliatur,

1010 3421 1048 3477 Ut
1064 3423 1132 3476 hinc
1148 3421 1275 3494 quisque
1291 3422 1532 3491 militumpartem
1548 3420 1711 3477 sortiatur:

1009 3511 1081 3566 Post
1096 3510 1160 3565 haec
1175 3511 1205 3564 in
1219 3510 1349 3581 patibulo
1365 3509 1464 3565 crucia
1479 3512 1655 3564 coarctatur.

1045 3600 1088 3654 Ad
1104 3599 1227 3669 pudoris
1243 3599 1402 3666 camalam,
1418 3599 1492 3654 lesu
1508 3599 1558 3668 mi,
1574 3597 1710 3665 nudans,

1010 3688 1047 3744 Ut
1062 3689 1157 3742 ventis
1173 3704 1207 3742 ac
1221 3688 1326 3761 trigeri
1340 3688 1438 3743 nudus
1449 3687 1609 3758 exponaris
1628 3702 1634 3740 :

1010 3777 1154 3832 Innocens
1170 3793 1236 3831 cam
1252 3777 1350 3848 impiis
1370 3777 1399 3830 in
1414 3791 1504 3831 cruce
1518 3775 1680 3841 damnaris,

1009 3865 1044 3919 Et
1059 3867 1143 3936 quasi
1160 3867 1219 3919 dax
1235 3865 1368 3919 criminis
1383 3865 1413 3919 in
1428 3864 1523 3919 medio
1538 3863 1660 3919 locaris.

1043 3954 1155 4008 Stante
1176 3955 1263 4026 longe
1279 3954 1420 4023 proximi;
1437 3969 1453 4007 a
1469 3953 1548 4008 nallo
1565 3953 1754 4022 consolaris,

1007 4043 1064 4098 Sed
1079 4044 1226 4098 assistant
1241 4043 1369 4114 undique
1384 4059 1437 4112 per
1450 4057 1527 4114 quos
1543 4042 1707 4112 cruciaris,

1007 4135 1031 4186 a
1046 4133 1185 4204 malignis
1201 4132 1311 4202 pertlde
1327 4132 1425 4188 servis
1441 4129 1674 4202 blasphemaris,

1007 4220 1042 4276 Et
1058 4220 1135 4292 qaod
1150 4236 1225 4292 pene
1239 4221 1327 4293 pejus
1343 4223 1399 4290 est,
1414 4234 1430 4274 a
1445 4220 1504 4275 tais
1519 4219 1680 4275 desolaris.

1043 4312 1100 4366 Cor
1114 4313 1231 4365 tumens
1246 4309 1395 4379 superbia,
1412 4309 1496 4363 disce
1512 4323 1572 4364 noa
1586 4307 1698 4378 intlari,

1008 4400 1119 4471 Necte,
1135 4413 1248 4470 quaeso,
1265 4397 1364 4470 pigeat
1378 4396 1483 4453 lesam
1499 4397 1620 4465 imitari,
1740 4461 1743 4465 ¹

1007 4488 1099 4554 Quem
1113 4488 1233 4559 indigne
1249 4487 1400 4557 conspicis
1415 4487 1514 4542 viliter
1529 4486 1662 4558 tractari,

1007 4576 1062 4643 Qui
1076 4592 1138 4646 pre
1153 4576 1268 4631 cunctis
1288 4576 1397 4630 meruit
1409 4589 1529 4646 semper
1544 4574 1697 4631 honorari.

964 4686 993 4750 D
1045 4667 1133 4722 Disce
1148 4665 1253 4721 taleam
1268 4680 1407 4735 apernere
1424 4665 1545 4737 gratiam
1563 4662 1690 4718 honoris

1008 4757 1184 4827 Laudeeqae
1198 4758 1386 4810 contemnere
1401 4753 1521 4809 humani
1536 4752 1662 4821 laveris,

1008 4847 1081 4900 Dum
1099 4850 1125 4900 te
1139 4846 1227 4899 vilem
1242 4845 1356 4914 reputat
1369 4843 1456 4897 home
1471 4840 1576 4896 videas
1593 4840 1680 4911 loris,

1008 4935 1094 4990 Tute
1111 4935 1200 4989 vilem
1219 4932 1313 4988 oculis
1328 4946 1439 5002 penses
1455 4929 1618 4986 Crantoris.
1663 4962 1664 4966 =

1044 5023 1082 5079 Ut
1097 5022 1168 5095 qaid
1182 5037 1255 5094 ergo
1273 5035 1469 5090 murmurans,
1486 5019 1588 5088 miser,
1602 5018 1783 5092 indignaris.

1008 5113 1040 5168 Si
1055 5127 1154 5167 coram
1169 5108 1339 5166 hominibus
1354 5109 1423 5163 vilis
1438 5108 1598 5178 reputaris,

1009 5201 1045 5256 Et
1059 5201 1155 5273 magis
1170 5201 1200 5254 in
1216 5198 1310 5255 oculis
1325 5198 1378 5252 Dei
1393 5196 1568 5264 conlaturis,

1008 5290 1113 5346 Coram
1129 5305 1187 5360 qao
1202 5305 1255 5359 pro
1272 5287 1386 5342 meritis
1403 5286 1470 5341 vilis
1487 5284 1721 5356 comprobaris?

1044 5379 1152 5435 Teosis
1167 5379 1255 5449 longe
1266 5375 1398 5432 brachiis
1413 5390 1518 5430 manas
1533 5373 1760 5430 conclavantur.

1008 5468 1101 5536 Cutis,
1119 5482 1187 5522 caro
1204 5482 1220 5520 a
1235 5465 1331 5520 tribas
1347 5462 1441 5518 clavis
1455 5463 1663 5533 perimentum

1009 5556 1109 5623 Nervi,
1127 5569 1211 5608 venae
1227 5551 1316 5607 simili
1334 5550 1421 5607 moda
1437 5550 1600 5617 laniantur;

1007 5645 1070 5700 Nec
1085 5645 1121 5697 iis
1138 5647 1232 5697 tamen
1248 5640 1352 5712 perfidi
1368 5639 1465 5710 poenis
1481 5640 1635 5696 sabamae.
