3908 6112
175 297 234 364 tea
638 290 775 354 GESTA
794 288 1059 355 PONTIFIGUM
1081 291 1450 358 CAMERAGENSIUM
1837 300 1896 363 164

176 496 316 568 quamdin
330 498 404 550 tuus'
416 495 501 550 fuero
516 497 545 548 ot
567 496 616 548 tua
631 493 708 548 bona
733 496 855 548 tenuero
866 508 873 562 3
883 494 912 547 et
925 493 1006 563 post·
1020 472 1050 534 Α
1099 490 1143 547 43.
1162 513 1173 543 ι
1187 492 1217 548 Si
1232 493 1289 548 iste
1304 494 1383 549 filius
1406 494 1542 566 Walteri,
1564 513 1642 552 nunc
1665 498 1756 553 obses
1782 503 1893 571 noster,

175 587 282 656 positis
296 584 492 640 Karlensibus
502 583 657 638 custumiis
666 580 750 652 (371),
762 582 848 636 talem
864 582 1006 636 honorem
1063 585 1197 636 mortuus
1214 582 1312 649 fuerit,
1330 585 1454 639 alterum
1471 602 1525 655 pro
1539 602 1575 641 eo
1590 587 1677 642 nobis
1701 588 1790 655 dabit,
1807 589 1894 643 talem

175 676 228 730 tibi
243 674 420 743 observabo,
434 672 549 743 qualem
565 672 777 727 Lotbarienses
793 671 900 725 milites
916 671 1006 725 dorni·
1063 686 1115 740 per
1131 686 1218 741 quem
1234 688 1289 727 uos
1306 688 1432 728 securos
1449 674 1485 728 de
1503 691 1557 730 sua
1574 676 1710 731 fidelitate
1726 678 1843 744 reddet3
1868 681 1896 733 et

175 767 222 820 nis
232 765 331 820 suiset
341 761 544 833 episcopisblt
559 760 667 832 siquid
684 764 784 815 contra
799 763 827 814 te
843 774 1006 830 peccavero
1062 760 1203 832 quioquid
1218 761 1329 831 injuste
1342 779 1498 832 supernos
1509 764 1626 833 invasit,
1638 765 1706 820 dnm
1717 768 1894 821 ammonitus

176 859 203 908 et
220 858 353 923 exparte
378 852 419 906 tui
435 851 470 906 de
494 850 696 905 satisfactione
719 849 852 904 facienda
875 849 1005 902 monitus
1062 864 1078 901 a
1094 849 1181 903 nobis
1193 848 1290 918 fuerit,
1304 852 1467 905 secundum
1478 851 1622 922 judicium
1637 854 1766 908 fidelium
1778 858 1894 910 nostro·

177 943 269 1012 fuero,
287 943 374 996 talem
385 940 533 1011 justitiam
546 939 679 1005 tibi,nisi
695 938 766 992 mihi
778 937 950 1004 indulseris
964 938 1005 990 fa·
1062 953 1127 991 rum
1143 938 1395 994 determinabitur.
1413 939 1444 993 Si
1461 940 1613 996 Walterus
1635 947 1771 997 mortuus
1796 944 1892 1013 fuerit,

175 1033 260 1102 ciam,
277 1031 393 1102 qualern
409 1029 570 1099 supradicti
588 1027 801 1083 Letharienses
817 1026 924 1082 milites
940 1027 1005 1081 suis
1062 1026 1196 1081 etadhuc
1207 1027 1287 1082 lilius
1303 1028 1370 1099 ejus
1379 1030 1409 1083 iu
1417 1033 1562 1099 potestate
1574 1034 1674 1085 nostra
1686 1033 1782 1100 fuerit,
1791 1034 1894 1088 redde·

175 1121 303 1177 (laminis
319 1122 347 1173 et
361 1118 511 1188 episcopis
527 1116 648 1171 faciunt.
668 1137 679 1163 ι
1061 1132 1128 1171 mus
1143 1117 1224 1171 illum
1240 1118 1382 1173 militibus
1398 1119 1463 1174 suis
1479 1123 1507 1174 et
1522 1120 1599 1174 bona
1621 1125 1731 1176 sanctae
1744 1119 1785 1163 ²5²
1802 1121 1894 1192 hujus

209 1210 254 1264 tl.
271 1209 494 1264 Sacramentum
515 1206 593 1277 quod
608 1204 680 1275 Odo,
708 1205 880 1276 Rotbertus,
896 1204 1004 1260 ansel·
1062 1205 1217 1275 mcclesiae,
1234 1223 1301 1277 quse
1316 1223 1370 1277 per
1383 1209 1588 1264 rectitudinem
1603 1207 1677 1279 (375)
1699 1212 1781 1279 pater
1803 1213 1893 1281 tenet,

174 1315 251 1368 mus,
269 1297 457 1365 huntbertus,
468 1298 583 1365 petente
594 1294 728 1349 Waltero
741 1293 930 1365 juraverunt:
941 1295 1005 1347 «ab
1063 1297 1181 1348 servato
1197 1298 1293 1349 tamen
1306 1300 1391 1365 pacto
1407 1297 1443 1351 ab
1458 1313 1493 1352 eo
1509 1297 1596 1352 nobis
1611 1300 1772 1367 promisso,
1789 1303 1817 1353 et
1840 1299 1894 1355 do·

176 1389 230 1443 hac
246 1388 318 1442 born
334 1387 451 1441 inantea
461 1401 520 1440 non
535 1383 746 1439 crimustibiin
758 1383 919 1450 <lemnado
935 1382 1003 1449 vita,
1062 1382 1141 1437 mino
1157 1387 1260 1438 nostro
1271 1385 1448 1454 imperatore
1462 1390 1491 1440 et
1506 1401 1552 1440 ma
1567 1387 1747 1441 defidelitato
1758 1403 1813 1441 sua
1829 1388 1895 1442 red·

175 1478 211 1531 de
226 1477 378 1546 membris,
394 1475 429 1530 de
445 1473 653 1530 Cameracenci
673 1472 835 1542 episcopio,
853 1472 889 1526 de
905 1471 1003 1540 terris,
1062 1472 1132 1526 ditis
1142 1475 1269 1528 securis.
1282 1473 1317 1526 Et
1325 1473 1351 1526 si
1360 1490 1417 1545 ego
1425 1474 1575 1529 Ger-ardus
1586 1479 1709 1530 vocatus
1721 1477 1893 1547 episcopus,

174 1566 210 1621 do
234 1565 376 1634 castellis,
400 1579 496 1634 neque
516 1562 552 1617 do
576 1561 684 1617 ceteris
709 1562 807 1629 bonis,
825 1577 892 1631 quae
916 1559 1005 1613 bodie
1063 1564 1219 1631 antequam
1235 1562 1375 1616 reddatur
1388 1563 1478 1632 frliuS,
1496 1567 1631 1618 mortuus
1641 1565 1735 1633 fuero,
1752 1565 1896 1619 reddetur

173 1658 257 1712 tenes
272 1658 301 1709 et
310 1657 505 1725 pernosti-um
517 1651 675 1706 concilium
686 1651 804 1705 inantea
813 1648 1004 1721 adquisieris,
1063 1651 1148 1719 patri,
1161 1650 1288 1705 servatis
1297 1656 1394 1705 tamen
1405 1653 1653 1707 conventionibus
1663 1654 1854 1724 supradictis
1867 1658 1895 1709 et

174 1738 1007 1811 salvnfldelitaledominorumnostrorum,quosbodieba·
1023 1771 1048 1833 B
1064 1739 1091 1792 si
1106 1740 1170 1810 regi
1185 1739 1373 1794 Lotbaricnsi
1389 1740 1476 1794 talem
1492 1742 1680 1797 securitatem
1693 1742 1892 1812 fecerit,unde

173 1832 290 1887 bemus.
301 1831 398 1901 Etpro
415 1830 471 1884 boc
485 1832 570 1900 paolo
587 1828 767 1882 destruenda
782 1827 931 1882 dominum
947 1842 1006 1881 non
1063 1843 1190 1883 securus
1206 1845 1275 1882 esse
1290 1830 1397 1898 possit.
1751 1818 1757 1830 ’

174 1921 328 1989 faciemus,
337 1917 767 1989 nequemilitemadquiremus
776 1916 843 1971 Etsi
855 1917 1006 1970 Walterus
1097 1916 1141 1972 if.
1154 1940 1165 1970 a
1180 1917 1245 1972 Non
1256 1917 1305 1971 diu
1315 1919 1344 1971 in
1360 1919 1539 1988 supradictis
1551 1920 1709 1989 promissis
1720 1920 1892 1990 permansit,

174 2015 275 2064 contra
291 2014 319 2064 te
335 2006 514 2078 peccaverit,
531 2009 559 2061 et
575 2006 604 2061 ui
627 2005 704 2061 infra
720 2007 794 2060 duas
810 2004 1007 2076 quadragesi·
1062 2007 1158 2062 sedda
1171 2006 1283 2063 maloin
1292 2006 1380 2077 pejus
1389 2010 1668 2075 ruens,aecclesiam
1680 2009 1895 2065 mibicommis·

174 2115 238 2153 mas
254 2096 328 2168 (372)
343 2096 553 2164 emendaverit,
577 2111 613 2149 ex
632 2097 714 2164 parte
736 2096 830 2150 nostri
856 2098 956 2149 contra
978 2097 1007 2149 te
1061 2112 1125 2152 sam
1139 2096 1168 2149 in
1184 2096 1379 2166 direptionem
1394 2097 1681 2153 etconculcationem
1694 2098 1845 2166 babuit,et
1856 2099 1895 2153 ita

174 2187 353 2259 adjutorium
369 2201 427 2240 non
442 2184 571 2239 habebit.
580 2183 647 2239 Etsi
658 2185 819 2254 monueris,
830 2200 882 2254 per
897 2187 1008 2238 rectam
1061 2190 1162 2239 contra
1178 2200 1225 2239 me
1242 2201 1276 2239 se
1292 2185 1395 2253 erexit,
1409 2189 1439 2239 ul
1455 2186 1552 2241 tribus
1564 2186 1669 2241 diebus
1680 2201 1726 2240 ma
1742 2187 1772 2241 in
1783 2187 1838 2241 hac
1853 2187 1894 2241 ci·

174 2277 262 2332 fldem
276 2279 304 2330 te
314 2273 487 2346 juvabimus
504 2273 569 2328 sine
586 2273 663 2327 malo
679 2273 809 2344 ingenio.
829 2296 840 2321 ι
1061 2275 1149 2328 vitato
1167 2290 1233 2328 cum
1249 2274 1314 2328 suis
1339 2274 1516 2329 satellitibus
1536 2278 1666 2329 armatus
1688 2275 1849 2346 obsideret,
1866 2278 1895 2331 ot

208 2365 253 2420 td.
273 2387 284 2412 α
301 2363 385 2418 Notm
401 2366 472 2417 sunt
486 2363 624 2417 omnibus
637 2361 861 2430 conventiones,
873 2377 948 2432 quas
959 2361 1009 2416 ite·
1061 2364 1178 2433 nequis
1193 2378 1324 2417 meorum
1340 2363 1408 2416 binc
1423 2363 1506 2417 exire
1522 2363 1655 2418 auderet.
1669 2363 1731 2429 Qua
1751 2365 1788 2419 de
1803 2379 1894 2419 causa

173 2471 238 2509 rum
254 2453 399 2508 habemus
409 2467 475 2507 cum
485 2451 618 2506 Waltero
628 2455 729 2505 nostro
741 2468 747 2522 3
761 2452 839 2505 sicut
854 2450 1006 2506 etiamdu·
1062 2452 1245 2521 Heihampus
1260 2452 1294 2505 ad
1311 2467 1356 2505 me
1368 2452 1458 2522 veuit,
1469 2452 1518 2508 ubi
1530 2452 1666 2507 comitem
1679 2453 1895 2509 Herimannum

173 2544 244 2597 dum
259 2542 362 2613 culpas
375 2542 535 2608 inauditas,
553 2556 627 2612 quas
647 2544 749 2595 contra
770 2555 826 2595 nos
842 2539 1004 2607 commisit,
1062 2556 1177 2596 mecum
1193 2540 1292 2610 habui,
1310 2542 1338 2594 et
1347 2542 1377 2594 ut
1387 2540 1452 2595 brec
1466 2540 1493 2594 ei
1502 2541 1696 2611 perdonarem
1708 2540 1894 2614 petivit.Ego

172 2647 226 2702 pro
233 2631 287 2687 Dei
301 2646 399 2685 amore
414 2630 763 2701 amicorumquesuorum
778 2628 955 2695 disimimus,
972 2642 1008 2682 eo
1062 2629 1129 2700 ejus
1144 2629 1278 2699 petitioni
1293 2644 1475 2699 suorumque
1491 2629 1651 2685 amicorum
1667 2645 1811 2701 annuens,
1828 2630 1895 2685 hato

174 2721 454 2790 videlicetpacto,ut
464 2719 509 2773 sic
520 2719 736 2790 permansisset
747 2718 888 2787 deinceps
899 2717 1007 2771 infide·
1062 2719 1159 2772 omnia
1175 2719 1202 2772 ei
1218 2718 1326 2788 dimisi,
1343 2721 1372 2773 et
1382 2717 1419 2773 de
1435 2717 1494 2773 hiis
1508 2734 1575 2789 quae
1591 2719 1771 2786 emendavit,
1788 2735 1894 2774 omnes

172 2808 252 2864 litate
266 2810 376 2873 nostra,
386 2809 464 2863 sicut
474 2811 543 2862 tunc
552 2808 617 2877 ipse
628 2810 655 2862 et
666 2808 712 2861 sui
723 2805 1005 2877 amicijuruverunt.
1061 2809 1145 2879 leges
1160 2807 1332 2876 perdonavi,
1346 2810 1413 2862 etut
1427 2810 1608 2862 restauraret
1622 2809 1803 2878 pauperibus
1814 2808 1894 2879 quod

172 2897 354 2968 Quamquam
369 2897 444 2951 hanc
455 2896 686 2967 promissionem
697 2895 878 2949 horribiliter
889 2895 1006 2948 clinau·
1061 2895 1171 2967 injuste
1187 2896 1231 2950 eis
1247 2896 1382 2962 abstulit,
1395 2894 1495 2965 jussi,
1520 2897 1597 2967 quod
1622 2898 1732 2966 narrauit,
1759 2898 1813 2952 sed
1834 2913 1894 2953 non

172 2987 231 3040 dite
239 2986 423 3057 infregisset,
439 2985 477 3039 ita
494 2986 644 3040 iterumeo
658 2984 1004 3054 tenoreeiindulgemus,
1061 2984 1239 3054 adimplevit.
1256 2985 1293 3039 nt
1308 2984 1356 3038 ille
1371 2985 1487 3054 iterum,
1504 2989 1535 3039 ut
1551 2986 1773 3055 prius,domino
1788 2990 1895 3041 meoet

172 3078 200 3130 et
214 3090 268 3145 pro
283 3074 337 3128 Dei
352 3089 451 3128 amore
468 3077 496 3127 et
506 3073 645 3144 petitione
665 3073 748 3144 regis
764 3072 895 3127 liotbcrti
907 3071 1004 3140 etcpi-
1022 3074 1131 3140 cmibi
1148 3076 1334 3128 sacramento
1349 3073 1517 3128 fidelitatem
1534 3075 1679 3144 promisit,
1695 3078 1723 3130 et
1737 3077 1805 3146 quia
1815 3077 1895 3130 sicut

172 3164 258 3232 scopi
274 3162 419 3218 Harduini
433 3159 508 3231 (373)
523 3165 610 3232 atque
626 3161 743 3216 comitis
759 3161 893 3215 Balduini
910 3164 938 3214 et
953 3176 1004 3214 co·
1061 3163 1275 3217 Lothnrienscs
1285 3162 1394 3216 milites
1408 3163 1472 3217 suis
1485 3163 1612 3217 dominis
1625 3167 1652 3217 et
1664 3164 1813 3234 episcopis
1826 3163 1895 3218 obc-

171 3250 677 3321 mitisOdonis,necnouet0ttonis,
687 3250 832 3318 lietberti,
843 3253 871 3303 et
881 3249 1005 3303 aliorum
1061 3252 1153 3319 diunt,
1170 3251 1241 3304 milri
1251 3251 1395 3319 obediret,
1408 3250 1530 3320 juravit.

171 3341 333 3395 amicorum
350 3356 484 3407 suorum,
498 3340 547 3411 qui
564 3340 620 3394 hoc
635 3339 1005 3410 placitumfeceruut,qua·
1095 3339 1139 3394 45.
1163 3360 1174 3385 ι
1192 3339 1359 3407 Walterus,
1385 3340 1470 3394 malis
1492 3343 1643 3411 assuetus,
1668 3342 1766 3396 omnia
1789 3357 1894 3396 sacra·

175 3429 369 3486 tinusmelius
380 3428 1007 3499 prioribushasalteraspromissionescon·
1060 3433 1157 3483 mcnta
1172 3428 1350 3498 postposuit,
1368 3432 1396 3483 et
1411 3429 1541 3483 deterius
1551 3446 1638 3500 quam
1649 3446 1787 3501 umquam
1803 3430 1895 3486 fecis·

174 3521 283 3574 servet.
302 3518 396 3573 Nobis
411 3518 466 3572 erit
476 3519 516 3572 itn
531 3517 701 3588 obsequens
717 3518 747 3570 in
761 3517 910 3586 omuibus,
929 3517 1007 3571 sicut
1060 3518 1312 3588 set,postmodum
1328 3516 1407 3572 fecit.
1419 3516 1511 3582 Quam
1527 3519 1670 3573 maliciam
1687 3520 1735 3572 diu
1751 3520 1893 3590 sustinui,

172 3607 302 3679 inprime
309 3607 453 3678 promisit.
461 3604 585 3661 Clericis
595 3605 713 3660 atlaicis
722 3608 832 3660 nostrae
848 3605 1004 3676 oecclesiae,
1060 3611 1088 3661 et
1105 3610 1135 3659 ut
1149 3622 1182 3661 se
1198 3606 1368 3661 emendarat
1384 3622 1502 3676 semper
1518 3607 1767 3678 monui.Cumqua
1778 3608 1895 3664 videret

173 3696 201 3751 si
215 3696 325 3768 aliquid
341 3711 433 3765 super
448 3695 530 3750 illum
546 3694 746 3763 clamaverint,
771 3698 819 3748 aut
841 3696 1006 3749 secundum
1062 3710 1106 3749 me
1124 3695 1234 3749 diutius
1250 3695 1384 3766 taliassnon
1400 3711 1569 3765 passurum,
1581 3700 1690 3751 statuto
1701 3698 1895 3766 placitoinler

172 3785 269 3858 legem
285 3788 335 3840 aut
350 3785 514 3839 secundum
529 3784 717 3838 concordiam
740 3784 769 3837 in
791 3783 904 3838 ratione
918 3781 958 3824 ²²⁹
978 3788 1007 3838 et
1060 3787 1145 3838 meet
1160 3783 1398 3851 illum,comilcm
1415 3785 1548 3839 Oltonem
1564 3785 1646 3839 duxit
1662 3784 1841 3850 secquui
1857 3787 1893 3841 de

168 3873 282 3944 ,judicio
298 3875 373 3938 erit,·
389 3878 416 3928 et
432 3875 554 3943 insuper
568 3873 604 3926 de
619 3872 728 3943 quibus
739 3873 891 3943 justiciam
909 3873 1005 3928 faeere
1060 3875 1149 3927 tantis
1166 3872 1251 3927 malis
1268 3873 1423 3927 missusad
1435 3873 1894 3940 rationem,iterumevictusom·

172 3962 356 4033 potuerimus
366 3962 580 4032 illi,justiciam
595 3978 713 4033 quoque
728 3961 817 4017 faciet
830 3977 885 4032 per
898 3978 965 4031 nos,
978 3962 1004 4016 si
1060 3962 1107 4016 nia
1122 3962 1298 4030 emendavit,
1316 3965 1344 4015 et
1358 3962 1426 4032 quia
1440 3963 1621 4031 pauperibus
1640 3978 1693 4015 sua
1710 3967 1894 4018 restauraret

173 4051 378 4121 clamaverint,
392 4052 451 4106 illis
468 4051 616 4106 omnihus.
634 4051 676 4105 De
693 4051 810 4106 civitate
826 4055 927 4106 nostra
941 4051 1005 4106 nul·
1060 4052 1316 4121 promisit,etquia
1331 4050 1402 4103 milri
1415 4049 1623 4120 subjiceretur,
1632 4051 1709 4104 sicut
1720 4051 1892 4106 Letharien·

172 4141 231 4195 lam
245 4156 384 4213 guerram
396 4138 437 4181 25⁰
458 4140 555 4208 faciet,
577 4156 644 4211 quae
665 4140 702 4194 ad
726 4140 884 4211 dampnum
907 4140 1005 4195 veniet
1060 4138 1435 4196 sasmilitessuisdominis
1447 4139 1896 4210 etapiscopissubjiciuntur‚ut

172 4230 260 4286 nobis
276 4235 303 4285 et
318 4230 501 4302 episcopatui
516 4231 629 4299 nostro,
644 4229 702 4283 nisi
719 4229 834 4285 licentia
850 4234 962 4284 nostra.
973 4228 1004 4284 Si
1060 4231 1144 4302 prius
1159 4228 1305 4300 promisit.
1323 4226 1385 4298 Ego
1402 4242 1472 4281 varo
1488 4227 1605 4281 comitis
1622 4227 1736 4282 Oltonis
1752 4229 1894 4298 petitione

172 4319 249 4375 banc
263 4320 492 4389 promissionem
507 4318 661 4390 infregerit
672 4320 875 4373 etadmonitus
891 4318 1003 4390 dcjus-
1062 4333 1165 4375 omnes
1176 4319 1259 4389 leges
1275 4332 1307 4370 ea
1320 4317 1513 4370 conventione
1529 4316 1555 4369 ei
1573 4316 1681 4385 dimisi,
1702 4321 1732 4371 ut
1748 4333 1805 4372 non
1829 4334 1895 4372 am-

172 4409 240 4463 ticia
256 4407 353 4474 fuerit,
371 4407 447 4460 sicut
459 4405 521 4476 jam
537 4407 646 4461 dictum
661 4411 721 4476 est,
738 4408 815 4462 infra
830 4408 904 4462 duas
928 4423 1003 4477 qua·
1017 4375 1046 4441 D
1061 4409 1139 4478 plius
1151 4407 1180 4460 in
1195 4421 1240 4459 mc
1257 4405 1427 4474 delinquere
1442 4404 1511 4473 quid
1528 4404 1663 4474 deberct3
1673 4405 1700 4459 si
1715 4407 1894 4461 autemdeli-

173 4495 360 4564 dragesimas
377 4493 610 4548 emendationem
625 4495 722 4564 faciat,
740 4496 791 4550 ubi
806 4497 863 4550 duo
878 4495 925 4551 vel
940 4499 1002 4550 tres
1061 4497 1177 4568 quisset
1187 4498 1215 4548 et
1229 4494 1264 4547 ad
1274 4493 1892 4563 justiciamvenireadmonitusesset,infra

174 4582 233 4635 sint
248 4581 344 4651 amici,
361 4582 410 4651 qui
425 4580 482 4635 hoc
495 4580 635 4651 placitum
653 4583 807 4650 fecerunt;
824 4589 853 4638 et
877 4585 903 4638 si
919 4585 1004 4638 sonia
1060 4590 1123 4640 tres
1138 4582 1339 4638 hebdomadas
1355 4581 1427 4635 milri
1448 4581 1638 4652 justificaret.
1661 4582 1723 4647 Qua
1741 4583 1777 4637 de
1800 4598 1894 4638 causa

173 4666 247 4741 (374)
263 4685 316 4725 eos
331 4668 467 4739 tenuerit,
492 4669 636 4739 probetur
658 4671 740 4741 ipsa,
757 4674 786 4726 et
812 4671 889 4726 intra
917 4672 1003 4727 aliam
1060 4674 1131 4729 mibi
1146 4687 1247 4727 comes
1257 4671 1322 4725 Otto
1338 4669 1529 4725 Godairidum
1541 4674 1569 4725 et
1580 4671 1698 4725 lvonem
1709 4671 1831 4726 obsides
1843 4672 1894 4727 da—

173 4759 428 4831 quadragesimam
445 4759 584 4829 placitum
596 4760 919 4829 expectabimus.Hanc
931 4777 1004 4817 con·
1060 4766 1110 4832 dit,
1123 4766 1154 4818 ut
1168 4762 1194 4816 si
1211 4761 1365 4814 Walterus
1381 4759 1445 4813 haec
1469 4775 1528 4813 non
1548 4759 1752 4829 observasset,
1778 4777 1814 4815 ex
1837 4778 1894 4819 sua

173 4849 340 4904 ventionem
356 4864 392 4904 ox
405 4852 530 4919 utraque
541 4853 622 4918 parte
634 4850 822 4906 servabimus
831 4866 884 4921 per
895 4855 1004 4906 rectam
1058 4856 1140 4923 parte
1149 4849 1328 4921 adjutorium
1337 4847 1546 4914 nonhaberet;
1563 4849 1589 4903 si
1603 4854 1700 4904 autem
1716 4850 1780 4919 ipse
1790 4867 1891 4907 comes

172 4933 212 4980 Μ
227 4938 315 4993 fldem
332 4940 397 4995 siue
413 4939 489 4994 malo
504 4939 634 5010 ingenio.
956 4990 960 4995 .
1060 4943 1117 4997 hoc
1131 4939 1313 5011 infregisset,
1323 4938 1382 5007 ipsi
1393 4937 1515 4992 obsides
1526 4937 1555 4990 in
1564 4940 1738 5006 potestatem
1750 4955 1856 5011 meam,
1863 4942 1892 4997 si

824 5055 970 5117 VARIAE
990 5052 1234 5120 LaoTIONES.

171 5179 493 5310 ffizllgeigqlgeqfndum,
520 5184 732 5258 monentejam
749 5184 944 5255 Colvcncrio;
964 5188 1115 5261 juratione
1141 5187 1224 5243 codd.
1262 5182 1302 5229 2³3
1325 5201 1452 5240 warram
1482 5184 1508 5240 8.
1547 5183 1586 5230 25¹
1616 5200 1642 5240 s.
1672 5183 1835 5255 perfectam
1862 5187 1889 5243 8.

959 5381 1100 5448 NOTAEe

207 5503 283 5578 (an)
297 5507 453 5564 Gauranos
468 5506 505 5561 de
518 5506 644 5565 Franco.
1092 5508 1167 5592 (374)
1183 5509 1252 5566 Sive
1265 5511 1381 5581 sunnis,
1394 5508 1634 5581 impedimentum
1644 5524 1651 5576 ;
1661 5504 1739 5565 unde
1747 5506 1893 5566 Gallicum

219 5576 283 5649 372)
295 5578 317 5634 1.
334 5594 360 5633 e.
379 5579 582 5651 quarantaino,
599 5580 725 5655 spatium
740 5579 914 5639 ludicrum.
1059 5597 1135 5639 sora.

218 5647 282 5726 att)
298 5649 521 5709 Noviomenais.
1097 5651 1172 5730 (375)
1187 5652 1232 5712 De
1247 5651 1336 5712 droit.
