3900 6112
109 315 168 379 315

569 313 815 378 GODEFREDI
830 308 1120 377 ardennensis
1134 311 1343 375 MONACHI.

1786 315 1848 379 316

111 516 270 587 imperialis
286 517 518 586 potentiac.Nam
533 517 849 587 ipsearehiepiscopus
861 529 895 568 eo
907 515 947 567 in·
967 498 983 556 1
1003 531 1102 569 coram
1123 529 1195 586 1030
1210 515 1246 568 ad
1268 516 1405 584 placitum
1433 517 1582 584 praesente
1596 515 1718 571 domino
1734 515 1838 570 abbate

111 606 270 660 llexihilom
294 606 502 660 obfirmaverat
523 607 711 674 animumut,
729 604 887 675 siquando
909 603 944 656 do

111 693 166 750 hac
190 712 222 750 re
248 694 470 764 consuleretur,
494 695 663 764 displiceret
687 696 713 748 ei
738 710 804 746 cum
824 695 942 746 aiictoro

111 798 197 838 omne
213 785 379 840 consilium.
396 785 563 856 Episcopus
579 785 789 846 Vercelleasis
807 782 916 853 oriosii
934 812 944 822 ·

111 874 265 942 miliarior,
292 877 451 944 rogaturus
476 875 511 927 de
528 875 582 927 hae
603 889 634 927 re
657 873 737 926 illum
759 873 838 939 adiit,
859 871 945 924 ric-ei

111 963 290 1031 persuadere
311 964 444 1032 cupiens,
466 962 530 1016 hacc
556 962 677 1016 auribus
701 960 768 1031 ejus
785 960 945 1014 humillime

111 1052 270 1121 suggerit:
288 1050 317 1103 Si
331 1050 432 1120 justis
451 1052 552 1121 inquit,
565 1051 713 1118 consillia,
723 1065 836 1104 surnme
852 1049 947 1102 archi·

111 1138 232 1209 praesul,
259 1139 478 1208 acquiesceres
496 1143 612 1208 tuteque
632 1137 718 1191 salrili
736 1137 789 1190 1110
806 1137 944 1191 consule·

110 1241 171 1293 res,
193 1226 394 1296 justissimum
418 1227 568 1280 videretur
592 1229 728 1294 oportere
752 1229 780 1279 to
801 1226 945 1279 honorem

110 1313 170 1368 Deo
200 1313 316 1382 lacero,
338 1317 499 1385 sanctoque
516 1313 583 1367 huic
603 1313 750 1382 justitiam
776 1315 944 1383 impendere

109 1417 196 1472 quam
209 1401 291 1472 juste
307 1402 422 1456 videtur
437 1406 585 1471 expetore.
603 1402 788 1473 ,1300110100
807 1403 834 1454 id
851 1403 944 1472 injus-

109 1493 248 1544 tumesse
263 1491 340 1561 qnod
363 1491 439 1562 agis,
456 1492 633 1561 agnovimus
652 1495 679 1543 ct
694 1492 731 1544 oh
752 1490 807 1544 hoc
822 1490 873 1544 tihi
890 1492 945 1543 im·

107 1578 224 1633 minens
239 1580 414 1648 periculum,
432 1581 461 1632 ni
476 1580 651 1634 sententiam
667 1581 839 1648 mutaveris,
850 1596 944 1650 coquo

108 1682 262 1721 monemus
292 1671 323 1721 ut
353 1671 467 1722 rectum
500 1684 587 1722 suum
615 1673 813 1739 recognoscat
842 1673 945 1722 sancto

106 1754 159 1823 illi,
176 1757 223 1809 cui
239 1756 295 1810 hoc
310 1756 460 1826 adjudicat
476 1771 644 1810 consensus
659 1757 824 1826 principum
841 1758 944 1810 totius-

1004 609 1105 658 nostro
1120 620 1186 658 cum
1203 604 1428 675 archipresule,
1441 604 1530 673 coepit
1539 604 1683 658 denostra
1696 604 1840 675 rcagitari

1003 694 1169 747 consilium.

1039 783 1151 836 laterca
1162 798 1226 836 cum
1243 798 1304 851 praa
1316 782 1430 837 loribus
1441 782 1684 851 praestolaremur
1694 781 1737 834 roi
1749 797 1839 835 eren-

1005 874 1074 937 tum,
1092 871 1192 924 incidit
1219 871 1306 926 nohis
1335 871 1473 924 omnilms
1490 871 1537 922 his
1554 869 1660 922 melius
1681 868 1841 923 consilium

1003 975 1057 1028 pro
1075 959 1192 1013 instanti
1208 961 1385 1013 necessitate
1401 958 1569 1012 auxiliatori
1595 958 1654 1012 Deo
1671 959 1728 1012 soli
1745 959 1840 1029 magis

1004 1062 1073 1100 esse
1088 1047 1322 1125 supplicandum.
1335 1049 1432 1117 ltaque
1441 1048 1618 1101 assistentes
1634 1046 1840 1116 inspirituhu·

1005 1136 1258 1190 militatisSanctae
1274 1137 1427 1189 Trinitatis
1449 1137 1541 1203 altari,
1559 1151 1651 1204 super
1665 1137 1747 1207 quod
1761 1136 1839 1207 jace·

1004 1225 1052 1276 bal
1067 1224 1237 1278 venerabile
1251 1241 1360 1294 corpus
1372 1223 1499 1295 piissimi
1511 1226 1603 1279 nostri
1615 1225 1745 1293 patroni:
1771 1223 1842 1278 Veni

1003 1319 1122 1366 creator
1137 1312 1279 1383 Spiritus,
1298 1329 1393 1383 usqne
1413 1313 1448 1366 ad
1469 1312 1556 1366 finem
1571 1313 1841 1382 hymnificavimus

1002 1419 1059 1472 qno
1076 1418 1142 1455 cum
1153 1402 1325 1455 dulcissima
1335 1401 1549 1471 supplicatione
1558 1401 1706 1471 perfinito,
1726 1404 1843 1470 septem

1001 1490 1132 1558 psalmos
1149 1506 1215 1543 cum
1231 1490 1329 1544 litania
1353 1490 1557 1559 percurrimus
1580 1491 1677 1543 animo
1703 1491 1843 1544 contrito.

1003 1579 1113 1632 liciade
1129 1580 1354 1648 processionem
1377 1578 1502 1632 lecimus
1526 1577 1709 1633 decantando
1730 1579 1844 1649 110300

1006 1683 1061 1721 rox
1075 1666 1175 1734 laude,
1192 1671 1258 1733 etc,
1276 1667 1311 1720 ad
1319 1667 1458 1720 Sanctum
1474 1667 1663 1721 lambertum
1679 1668 1710 1720 in
1726 1671 1843 1737 crypta.

1003 1755 1072 1809 lade
1088 1757 1122 1809 ad
1139 1754 1275 1809 Sanctam
1291 1755 1485 1809 litariamcum
1501 1755 1695 1825 responsorio
1713 1754 1845 1823 Christi,

108 1845 303 1913 quapopuli3
324 1845 807 1916 hocrultipsercxmagnopere,
825 1847 983 1924 quinonss
1009 1844 1098 1914 t'irpo
1122 1844 1335 1912 dilectissinra3
1366 1844 1441 1898 ande
1471 1847 1498 1896 ot
1523 1844 1638 1898 reversi
1668 1859 1777 1898 sumus
1808 1844 1848 1899 ad

108 1932 220 1987 frustra
237 1933 317 1986 timet
331 1933 441 1986 involvi
463 1934 567 1987 eodem
583 1933 765 1987 discrimine.
782 1934 856 1998 Quid
873 1950 944 1988 sane

109 2020 227 2076 consilii
251 2020 378 2074 aeleram
402 2021 521 2090 edicito,
548 2037 614 2075 nam
637 2022 672 2074 ad
688 2024 715 2074 te
732 2021 945 2075 consulendam

109 2109 176 2164 veni
193 2108 392 2163 transmissus
411 2110 447 2162 ab
464 2109 523 2163 illo.
547 2109 597 2163 llio
620 2110 710 2163 relert
725 2113 821 2163 motus
838 2111 882 2163 sic
900 2111 945 2163 in-

109 2197 258 2269 dignando
274 2198 409 2252 locutus:
425 2197 532 2252 Desino
544 2213 590 2252 me
607 2198 664 2266 his,
682 2198 773 2252 irater
788 2201 815 2252 ct
831 2198 945 2268 coepis-

109 2301 192 2356 cope,
209 2286 375 2341 desinente
400 2287 447 2340 his
467 2287 632 2356 importune
648 2288 819 2356 obtundere,
836 2287 946 2358 quibus

108 2376 204 2431 animo
220 2376 260 2429 nil
276 2377 399 2447 gravius
415 2391 543 2446 unquam
561 2376 614 2430 suit
629 2376 792 2439 intendere,
810 2392 875 2429 nam
893 2376 946 2429 de-

108 2464 189 2518 linivi
213 2465 288 2534 apud
308 2480 354 2517 mo
384 2465 440 2518 sub
462 2464 657 2534 jurejurando
680 2466 755 2519 velle
785 2480 829 2518 me
851 2465 946 2518 satius

108 2552 200 2605 emori
215 2567 347 2622 qnamex
358 2568 404 2607 mo
415 2552 558 2606 infirmari
567 2553 742 2606 sententiam
760 2552 933 2623 hujusmodi

108 2637 183 2703 Quid
197 2640 249 2694 tibi
266 2641 311 2693 vis
327 2641 446 2694 dicam?
469 2657 528 2694 non
543 2641 591 2694 his
613 2642 792 2695 mutabimur
807 2622 945 2713 unquam:

110 2726 204 2782 Etiam
219 2728 285 2796 ipso
301 2744 388 2799 quem
404 2728 502 2782 dicunt
518 2730 709 2799 sanctum,si,
722 2732 867 2799 corporali
877 2748 946 2802 spo·

109 2816 153 2870 cic
168 2820 329 2887 resumpto,
341 2833 436 2888 perse
448 2823 607 2888 rogaturus
623 2818 747 2887 veniret,
758 2834 946 2890 nequaquam

109 2920 173 2959 meo
188 2907 335 2974 permisso
353 2922 416 2960 suae
440 2906 589 2975 petitionis
608 2921 729 2975 compos
741 2907 834 2961 tieret.
854 2908 944 2973 ltona,

108 2993 203 3064 inquit
217 2994 365 3064 ille,bona‚
377 3010 491 3065 quaeso,
501 2995 602 3062 verba,
616 3010 652 3048 ne
663 2994 699 3047 ad
711 2996 888 3064 pontificalis
899 3012 946 3050 or·

108 3083 187 3138 dinis
202 3084 352 3138 infamiam
367 3085 396 3137 ia
411 3084 546 3154 publicas
563 3099 650 3137 aures
668 3082 869 3138 diffundantur
880 3086 946 3139 haec

107 3173 206 3227 minus
222 3173 412 3242 honestaret
425 3173 512 3229 etiam
524 3172 680 3226 occasione
689 3172 779 3243 hujus
789 3174 945 3227 sententiaa

1002 1933 1141 1987 Sanctam
1162 1933 1338 1987 Trinitatem
1358 1949 1424 1986 cum
1446 1932 1603 2002 antiphona
1624 1930 1662 1986 Te
1675 1931 1769 1986 Derim
1787 1932 1846 1986 Pa-

1004 2029 1079 2076 trem
1101 2023 1280 2093 inperitum,
1297 2021 1552 2090 subsequentibus
1568 2021 1634 2074 aliis
1654 2022 1844 2076 orationibus

1003 2110 1037 2163 ad
1055 2112 1269 2180 impetrandum
1286 2109 1422 2179 ejusdcm
1437 2109 1467 2162 S.
1481 2109 1632 2163 Trinitatis
1647 2110 1806 2163 auxilium.

1039 2201 1075 2252 ht
1090 2215 1160 2253 vero
1172 2199 1280 2270 quique
1297 2199 1472 2253 clericorum
1488 2213 1521 2251 ac
1533 2198 1674 2252 laicorum
1692 2198 1839 2253 intuentes

1004 2289 1115 2342 vultum
1132 2290 1300 2342 nostrorum
1312 2287 1553 2357 immutatumque
1563 2286 1695 2340 colorem
1711 2287 1839 2341 indican-

1003 2378 1060 2430 tem
1077 2377 1222 2430 internum
1237 2376 1326 2429 animi
1342 2376 1475 2430 dolorem
1487 2378 1581 2429 mento
1597 2374 1836 2445 vulnerabantur,

1004 2466 1246 2536 continentesque
1262 2465 1380 2534 publica
1396 2464 1609 2533 supplicatione
1622 2464 1838 2518 nostrisimilcs

1004 2554 1217 2608 alliciebantur.
1241 2554 1453 2608 Protendentcs
1473 2568 1545 2624 0130
1561 2567 1666 2605 aranas
1682 2551 1712 2604 in
1733 2553 1838 2606 carlum

1004 2643 1137 2697 universi
1153 2643 1388 2712 deprecabantur
1398 2644 1490 2695 Deum
1499 2641 1585 2695 nobis
1596 2641 1757 2709 propitium
1767 2640 1839 2694 heri.

1005 2732 1070 2785 Non
1087 2731 1200 2784 modica
1216 2746 1288 2785 voro
1310 2733 1372 2785 erat
1397 2734 1565 2785 nostrorum
1586 2728 1766 2798 obsecratio,
1783 2729 1840 2783 imo

1004 2824 1032 2873 et
1046 2820 1218 2890 trepidatio,
1242 2835 1294 2889 pro
1316 2835 1350 2873 eo
1366 2819 1445 2889 quod
1468 2819 1497 2871 in
1522 2820 1720 2886 contemptum
1737 2818 1839 2872 venire

1005 2909 1075 2962 tanti
1090 2907 1419 2962 contessorisvidenles
1435 2906 1641 2973 reverentiam,
1653 2905 1840 2959 locidesola·

1005 2997 1112 3051 tionem
1137 2997 1278 3050 timebant
1301 2994 1464 3063 allaturam,
1487 2993 1613 3063 amplius
1636 2993 1841 3047 insultantium

1003 3085 1177 3155 perpessuri
1187 3084 1410 3153 blasphemiam.

1038 3174 1094 3228 Sed
1121 3174 1170 3244 qui
1193 3189 1250 3227 non
1276 3172 1461 3226 obliviscitur
1485 3171 1622 3225 misereri
1647 3171 1727 3225 Deus
1744 3169 1841 3239 (Psoi.

107 3263 263 3316 abutantur
274 3262 515 3332 potentcscaeteri
526 3261 610 3331 qnasi
622 3261 943 3330 quadamauctoritate.
1002 3264 1111 3330 cxxvi),
1127 3261 1230 3316 extulit
1255 3262 1310 3314 hac
1333 3261 1492 3335 occasione
1509 3264 1645 3314 sanctum
1660 3274 1751 3312 suurn
1772 3259 1841 3313 suh

72 3344 77 3354 '
108 3349 187 3422 Ergo
203 3350 259 3404 etsi
274 3367 332 3404 non
348 3351 488 3419 precihus
503 3365 599 3420 neque
614 3349 749 3403 consiliis
771 3350 943 3416 amicorum,

107 3439 203 3492 tamen
219 3438 367 3491 credimus
384 3442 410 3491 te
435 3438 463 3490 id
479 3437 525 3491 vel
546 3438 652 3490 virtute
669 3437 720 3490 liei
739 3436 896 3491 iacturum.
914 3438 944 3490 Si

108 3526 174 3593 hoe,
190 3525 238 3579 ille
254 3526 357 3595 inquit,
374 3526 443 3578 alum
458 3526 516 3577 vita
532 3540 632 3579 comes
649 3526 737 3578 luerit
751 3526 787 3578 de
803 3525 942 3578 manibus

107 3613 174 3668 istis
199 3612 312 3667 videris
333 3617 483 3682 creptum,
511 3613 646 3680 spiritam
667 3613 755 3667 simul
779 3614 853 3681 eripi
875 3615 944 3667 sita

108 3704 231 3758 Domino
246 3707 436 3772 praeceptum.
460 3702 483 3754 0
499 3702 571 3754 mira
594 3702 646 3754 1101
670 3702 836 3771 clementia,
859 3718 944 3755 sanc·

106 3795 187 3862 tique
211 3789 398 3844 confessoris
423 3789 469 3842 sui
494 3786 652 3856 polientici
678 3804 736 3842 noa
759 3789 857 3842 statim
877 3804 943 3843 cum

108 3882 208 3947 erepta
224 3878 419 3947 possessione
436 3877 598 3930 subsecuta
614 3881 660 3931 est
671 3877 809 3944 vindicta,
823 3877 944 3931 lieetsc-

108 3966 236 4022 cundum
251 3980 335 4019 suam
347 3964 494 4034 optionem
509 3963 687 4032 compressi
704 3967 853 4032 pateretur
864 3963 944 4034 judi·

108 4056 152 4110 cia
167 4057 262 4122 recta,
289 4053 343 4107 sed
359 4069 417 4107 non
433 4056 479 4107 cst
494 4053 574 4106 Deus
596 4056 628 4105 ut
643 4053 744 4119 homo,
762 4052 855 4123 310110
871 4068 942 4121 pro·

108 4144 216 4216 pitiana
231 4141 412 4198 conformari
425 4142 505 4195 limo.

426 4266 552 4320 CAPUT
569 4266 602 4320 V.

107 4375 234 4431 Fratres
246 4373 373 4444 pedibus
383 4373 447 4426 suis
459 4376 627 4442 prostratos
642 4371 679 4423 ad
694 4369 833 4424 Sanctam
850 4369 939 4424 doen-

143 4462 208 4501 aom
233 4443 375 4499 ininsula
393 4441 590 4512 archipresul
609 4442 733 4495 dimittit
749 4440 804 4495 sub
820 4456 942 4511 respon-

143 4517 227 4572 sione
246 4517 373 4570 incerta.

143 4623 176 4678 ln
184 4619 377 4690 crastino,qui
389 4619 453 4672 dies
465 4620 526 4671 erat
535 4618 941 4685 liorainicaeresurrectionis,

108 4713 203 4768 nostri
218 4713 354 4767 seniores
379 4708 414 4762 ad
437 4707 576 4776 templum
597 4705 696 4760 Sancti
711 4706 727 4759 t
731 4705 836 4759 oannis
852 4705 882 4758 in
897 4706 943 4758 in-

109 4803 173 4857 sula
189 4801 239 4856 ubi
249 4797 442 4856 dedicationis
468 4795 603 4867 ejusdem
625 4794 724 4865 templi
739 4795 942 4866 0301011110-

108 4891 191 4958 teria,
203 4887 344 4960 prostrati
355 4885 479 4955 podibus
495 4882 572 4953 ejus,
585 4881 797 4937 Misericordia
813 4882 941 4952 Domini,

108 4979 261 5051 inquiunt,
279 4976 366 5048 plena
392 4980 438 5028 cst
462 4978 544 5028 terra
569 4971 663 5041 (Psoi,
688 4972 791 5039 xxxa).
812 4971 856 5026 Ne
871 4986 944 5042 ergo

109 5069 237 5122 alienum
253 5065 289 5118 ab
303 5063 352 5118 illa
370 5065 397 5117 te
417 5062 567 5134 contingat
588 5060 670 5128 fieri,
688 5059 734 5113 fac
749 5075 832 5127 eam,
856 5075 943 5128 qnam

27 5148 28 5151 '
109 5153 273 5227 quaerimus
294 5151 543 5220 miscricordiam,
575 5150 620 5203 rel
640 5149 677 5203 ob
693 5164 799 5202 nomen
816 5149 941 5203 Domini.

108 5244 160 5298 lile
174 5255 233 5296 non
249 5242 354 5310 preter
369 5239 489 5294 solitum
504 5254 600 5309 usque
621 5241 706 5293 cauta
721 5237 868 5291 locutione
886 5237 942 5291 du-

109 5331 175 5386 bios
191 5326 302 5382 dimisit
315 5325 372 5381 sub
388 5327 499 5381 incerta
512 5327 718 5397 responsione.

434 5451 560 5505 CAPUT
575 5452 624 5506 Vl.

146 5560 196 5617 Aa
216 5559 307 5615 Deam
326 5557 440 5611 intenta
469 5557 643 5628 snpplicatio
665 5562 695 5612 et
715 5556 891 5613 clericorum
912 5573 946 5612 ac

234 5629 375 5685 laicorum
387 5627 564 5682 intuentium
582 5628 631 5698 pia
646 5628 820 5701 compassio.

146 5719 312 5797 IgiturJipsa
320 5717 367 5774 die
378 5715 548 5774 convocatis
558 5715 743 5786 principibus
753 5723 782 5775 01
792 5715 945 5788 episcopis

1001 3351 1112 3405 lintius.

1320 3439 1445 3494 CAPUT
1462 3439 1522 3493 tlt.

1002 3527 1153 3582 Scrinium
1174 3530 1272 3583 sancti
1295 3546 1358 3583 rum
1376 3529 1474 3584 sonita
1498 3528 1535 3581 ab
1556 3529 1645 3582 altari
1663 3525 1844 3581 sublevatur

1036 3607 1065 3654 et
1081 3599 1153 3654 inde
1169 3600 1332 3655 consolatio
1344 3600 1472 3671 plurima
1487 3599 1684 3653 cernentibus
1699 3598 1803 3652 datur.

1036 3690 1109 3742 Post
1123 3687 1269 3758 expletam
1283 3704 1409 3759 nomque
1421 3688 1676 3758 supplicationem,
1688 3701 1756 3757 quae
1768 3702 1844 3755 prae·

1000 3777 1077 3830 dicta
1093 3779 1152 3844 est,
1171 3777 1333 3831 ambientes
1349 3777 1431 3848 10310
1457 3776 1656 3846 praesentiam,
1683 3777 1714 3828 nt
1738 3790 1842 3829 coram

1002 3865 1084 3919 laadi
1098 3865 1204 3919 saltem
1221 3881 1474 3936 consequeremur
1496 3864 1653 3931 licentiam,
1680 3863 1840 3916 manifeste

1003 3954 1095 4033 110310
1107 3953 1436 4023 omnipotentisexpcrti
1445 3951 1842 4022 sumusprovidcntiam,per

1001 4043 1140 4096 virtutum
1158 4058 1279 4097 suarum
1294 4043 1442 4114 insignem
1467 4047 1494 4095 et
1521 4040 1721 4095 admirabilem
1737 4042 1843 4108 poten·

1000 4131 1078 4184 tiam.
1090 4129 1204 4184 Etenim
1216 4131 1360 4184 scrinium
1376 4131 1480 4194 sancti,
1496 4129 1574 4200 quod
1592 4128 1763 4198 impositum
1779 4128 1844 4181 erat

1000 4218 1116 4273 Sanctae
1130 4219 1281 4272 Trinitatis
1305 4218 1400 4286 altari,
1419 4234 1485 4272 cum
1507 4217 1661 4287 repentino
1678 4216 1780 4270 sonitu
1794 4214 1843 4267 vi-

1000 4323 1067 4362 sum
1082 4311 1128 4361 est
1144 4309 1172 4361 in
1187 4323 1255 4362 aera
1271 4307 1433 4362 sublevari.
1451 4306 1534 4372 Quod
1550 4305 1689 4359 nimirum
1704 4304 1736 4357 in
1746 4303 1841 4357 admi·

1000 4395 1143 4451 rationem
1168 4400 1356 4466 promoverat
1379 4412 1432 4451 eos
1454 4395 1504 4467 qui
1533 4395 1697 4460 astiterant,
1728 4391 1842 4462 quique

1000 4502 1057 4540 ana
1074 4502 1141 4539 cum
1156 4486 1279 4541 custode
1294 4488 1463 4540 sanctarum
1479 4483 1670 4554 reliquiarum
1694 4480 1841 4534 excubias

958 4574 1199 4641 Dcclebrabant‚
1221 4578 1250 4628 et
1273 4573 1352 4644 quod
1372 4574 1472 4627 visum
1497 4576 1544 4627 est
1566 4571 1655 4641 digna
1677 4569 1733 4623 lide
1751 4568 1841 4624 nobis

1000 4661 1202 4716 dubitantibus
1213 4661 1409 4732 exponebant.
1420 4662 1504 4716 Unde
1519 4661 1679 4731 plurimum
1693 4655 1843 4711 consolati

998 4753 1058 4804 toto
1074 4751 1142 4804 nisu
1159 4751 1218 4805 Deo
1234 4750 1507 4806 commendanimus
1523 4751 1611 4803 linem
1628 4747 1706 4801 lacti.

1301 4854 1532 4895 saboranense.

1034 4926 1155 4983 Etenim
1184 4928 1326 4983 scrinium
1352 4929 1450 4982 sancti
1494 4927 1549 4981 uod
1579 4925 1745 4995 impositum
1770 4927 1841 4976 eret

999 4996 1117 5055 Sancte
1133 4945 1536 5054 Τ1·ι’011011’001101ι“.1311100
1553 4998 1647 5065 capite
1668 4993 1839 5061 desumpsit

998 5067 1141 5144 AEgidius
1160 5074 1267 5126 Aurcae
1289 5071 1376 5124 vallis
1397 5070 1559 5124 secundum
1576 5071 1663 5137 caput
1678 5066 1841 5121 Gestorum

1000 5146 1094 5202 sancti
1109 5142 1282 5210 Theoduini,
1312 5140 1390 5211 quod
1413 5141 1535 5211 incipit:
1554 5162 1565 5186 α
1584 5141 1668 5192 hano
1689 5133 1770 5204 tell,
1796 5149 1839 5187 vn

1002 5219 1070 5272 idos
1085 5213 1271 5270 stabulensis
1287 5211 1501 5279 coenobiorum,
1520 5230 1532 5259 a
1550 5212 1605 5264 etc.

1311 5299 1438 5355 CAPUT
1458 5299 1533 5353 Vlil.

1036 5394 1147 5465 1103011
1162 5405 1252 5463 super
1270 5388 1428 5460 prandium
1449 5386 1834 5455 110110001100011001011,

1035 5457 1840 5536 Bavehcrpensisepiscopusjustitiamproteletincra·

1035 5538 1155 5590 stiram.
1719 5553 1721 5557 >

999 5625 1072 5680 (ium
1094 5640 1167 5696 0130
1190 5637 1288 5678 moras
1312 5621 1400 5677 nobis
1425 5618 1561 5691 protendi
1583 5618 1619 5672 oh
1643 5632 1714 5688 1030
1739 5622 1769 5671 01
1788 5633 1839 5671 ar-

1000 5715 1179 5785 chepiscopo
1195 5711 1428 5783 intelligeremus
1443 5712 1521 5780 (nam
1542 5710 1570 5764 et
1586 5706 1724 5764 dominus
1742 5705 1838 5763 abbas
