3908 6112
132 294 212 359 4181
675 292 868 357 HISTORIA
890 292 1055 359 SICULA.
1079 326 1118 342 -
1141 292 1218 358 me.
1242 296 1297 363 111.

1763 301 1841 368 1182

111 500 314 555 Romanorum
329 499 462 555 fraudem
473 501 623 556 declinare
634 502 718 571 (009),
731 518 819 573 quam
834 502 874 555 ibi
885 518 948 573 per
962 480 993 542 Α
1005 518 1106 573 garos,
1127 503 1177 559 uhi
1192 520 1208 558 a
1228 506 1310 573 patre
1325 502 1450 557 relictus
1479 506 1549 568 crat,
1570 505 1691 560 strenue
1711 520 1834 578 gerone,

110 588 246 644 sistendo
261 591 290 643 et
305 588 399 643 libera
415 589 552 643 facultate
569 590 767 645 cisconcessa
783 591 819 645 dc
835 606 868 645 se
883 591 948 661 ipso
1004 592 1097 660 patris
1117 592 1200 647 vices
1222 592 1299 646 hand
1316 593 1449 663 graviter
1473 593 1699 664 exsequebatur,
1719 596 1838 650 urbem-

111 678 277 749 periculum
288 678 424 732 faciendo
435 681 531 732 utrum
539 694 573 732 00
584 695 650 749 qum
661 680 868 748 promittebant
879 680 948 733 lide·
1004 694 1070 749 que,
1093 696 1160 752 qnae
1177 683 1245 735 Arta
1261 681 1335 751 (099)
1359 681 1475 749 0101100,
1501 680 1653 752 obsidens,
1680 685 1839 752 plurimum

110 768 182 823 liter
196 782 231 819 00
247 782 306 820 000
321 771 511 821 servarentur
531 771 661 836 tentare,
679 767 732 822 000
748 784 815 822 cum
830 770 905 823 0000
920 785 950 823 m
1004 769 1132 823 infestus
1148 769 1346 839 persistendo,
1364 784 1472 840 rapere
1484 771 1621 824 omnibus
1633 773 1746 827 artibus
1762 775 1838 828 nite-

109 855 249 925 Apuliam
264 854 410 909 secedens
427 855 502 925 apud
518 856 718 911 Beneventum
734 858 828 920 venit;
846 858 949 928 sieque
1003 856 1100 913 batur.
1125 858 1218 913 l'orro
1235 859 1392 928 imperator
1416 859 1540 914 audieus
1564 859 1667 913 urbem
1692 861 1738 913 sni
1760 863 1838 932 juris

110 944 143 997 in
158 942 273 1013 Apuliae
284 942 417 1013 partibus
435 945 576 1015 usquead
592 947 756 1000 extremum
772 946 841 1001 vitm
858 946 950 1001 ltoma
1002 946 1139 1001 hostibus
1172 947 1364 1018 praegravari,
1377 947 1551 1018 ducemque,
1577 949 1836 1020 quamplurimum

111 1032 211 1089 inrisa
224 1034 396 1103 permansit.

380 1141 506 1196 CAPUT
530 1143 679 1197 XXXVII.

327 1228 452 1282 Romani
462 1230 734 1300 reprehenduntur.

111 1334 208 1390 Reme
223 1333 370 1404 quondam
385 1333 562 1403 bellipotens
578 1338 637 1389 toto
654 1336 727 1390 orbe
745 1336 858 1404 1100100,

111 1422 195 1477 Colla
211 1422 407 1492 superborum
423 1422 548 1476 domans
563 1423 768 1494 perlustrabas
785 1425 912 1496 elimate,

112 1512 214 1582 Leges
229 1509 332 1580 dabas,
345 1515 373 1564 et
390 1511 514 1566 lrabeais
530 1514 716 1583 temperabas
731 1514 839 1568 omnia.

112 1600 189 1653 Ante
203 1601 232 1655 ta
247 1599 411 1655 tremebant
429 1599 532 1669 duces,
551 1601 711 1671 principes,
728 1602 860 1672 imperia,

111 1689 320 1744 curvabantur
335 1689 410 1743 colla
426 1704 531 1761 regum
548 1690 620 1744 loris
635 1689 695 1744 tuis
711 1691 829 1746 domita.

111 1776 161 1831 Nil
178 1776 308 1847 superbe
322 1777 512 1845 resistebant,
529 1794 601 1833 cnse
616 1783 666 1834 tuo
682 1780 792 1833 territe.

110 1865 279 1921 Ordiuabas
294 1865 372 1937 quod
384 1863 459 1935 (290)
470 1867 591 1921 volebas
604 1884 611 1937 3
623 1868 714 1922 duces
726 1869 790 1923 sire
798 1869 949 1941 principes
964 1838 991 1899 Β

111 1953 290 2024 Deponebas
299 1952 373 2024 (901)
382 1971 459 2026 quos
470 1956 593 2010 volebas
605 1971 713 2010 servos
724 1957 798 2011 dans
809 1958 946 2013 humiles.

111 2042 237 2097 Artibus
250 2041 325 2111 (292)
341 2044 501 2098 exercuisti
515 2044 616 2114 justos
632 2045 745 2100 hebens
755 2045 884 2117 judices.

112 2131 251 2201 Dumque
263 2129 346 2201 iusta
360 2133 535 2200 sectabaris,
552 2133 701 2188 fruebaris
716 2136 881 2205 prosperis.

112 2220 214 2291 Leges
229 2235 244 2272 a
261 2223 287 2273 te
305 2221 495 2291 requirebant
511 2237 615 2276 omnes
631 2239 721 2295 reges
737 2223 850 2278 sacculi.

111 2308 265 2362 Sententia
278 2325 333 2379 per
349 2311 377 2364 te
393 2310 459 2364 data
475 2310 602 2365 indivisa
619 2313 757 2382 perstitit.

111 2396 258 2467 Tempore
275 2396 352 2452 haud
363 2399 453 2470 lengo
465 2399 573 2454 talibus
589 2400 696 2455 studiis
709 2401 782 2471 (090)

111 2484 280 2556 lmpliearis
297 2486 400 2542 100000
415 2493 462 2541 100
478 2489 617 2558 turpibus
633 2490 782 2561 negotiis,

111 2572 230 2629 Fraude
251 2579 300 2629 tua
325 2576 509 2631 clarescente
525 2594 634 2632 merres
650 2577 724 2648 (aet)
745 2579 947 2649 despicabilis.

111 2662 155 2717 'l'e
168 2661 230 2733 jam
245 2663 318 2717 nulli
331 2665 553 2733 pertimescunt,
569 2668 654 2737 terga
670 2667 788 2737 praebes
800 2667 947 2723 amnibus.

114 2750 206 2806 Arma
221 2754 271 2806 tua
286 2752 421 2808 hebetata
436 2757 537 2808 carent
547 2757 743 2811 acuminibus.

112 2840 213 2913 Lepos
229 2848 285 2895 ture
301 2841 472 2913 0000000100
489 2843 585 2914 plener
601 2842 797 2915 falsitatibus

113 2929 148 2985 In
168 2936 198 2984 tc
218 2936 322 2985 cuncta
333 2947 430 3001 prava
451 2938 560 3003 ripert,
573 2932 671 3004 luxus,
689 2934 828 3001 00001110,

111 3018 211 3073 Fides
230 3018 319 3088 nulla,
338 3018 436 3075 nullus
455 3021 544 3087 orda,·
556 3022 656 3093 pestis
671 3022 838 3078 simoniaca

113 3104 230 3163 Grarat
245 3123 346 3163 omnes
359 3107 436 3163 0000
450 3125 519 3164 0000
529 3130 539 3175 ,·
551 3117 654 3165 cuneta
665 3118 734 3166 sunt
752 3112 877 3168 0000110.

110 3196 178 3253 Per
193 3204 223 3251 te
236 3198 299 3251 ruit
314 3213 400 3252 sacer
416 3198 496 3264 ordo,
510 3215 582 3271 aqua
594 3200 722 3271 primum
735 3203 859 3274 prodiit.
871 3201 945 3276 (095)
960 3210 984 3272 c

112 3284 180 3340 Non
192 3285 304 3339 0010011
318 3301 391 3355 0000
408 3301 496 3355 0000,
511 3288 590 3342 binis
605 3290 719 3359 gaudes
735 3291 847 3346 infulis.

111 3372 204 3429 Fides
220 3375 267 3428 tua
282 3373 426 3427 solidetur
440 3376 608 3445 sumptibus
624 3378 774 3433 exhibitis.

111 3462 190 3517 Dum
205 3461 253 3516 dat
268 3462 334 3530 iste,
352 3463 455 3533 pulsas
468 3463 559 3531 illum,
576 3465 632 3519 hoc
648 3469 786 3522 cessante
809 3485 942 3525 revocas.

111 3550 168 3607 Illo
185 3551 275 3605 istum
289 3552 451 3622 0010110010,
469 3553 514 3607 sic
528 3553 633 3625 imples
646 3557 820 3628 marsupias,

110 3640 226 3696 Cuncta
238 3641 301 3695 orbi
311 3641 385 3696 dans
395 3658 527 3696 errorem
537 3643 601 3697 haee
610 3644 762 3699 miscendo
772 3646 943 3702 schismata.

111 3728 149 3783 Ni
171 3732 345 3785 cessassent
359 3729 444 3784 honre
460 3731 532 3785 artis
544 3731 572 3784 in
585 3737 612 3785 tc
624 3732 714 3801 prima
731 3733 838 3805 studia,

111 3818 194 3875 Nulli
211 3818 274 3892 regi
290 3818 325 3874 dc
342 3821 369 3873 te
384 3819 530 3875 cessisset
545 3818 608 3889 (100
624 3821 756 3876 victoria.

802 3911 945 3984 [superat,

111 3996 200 4053 Miles
216 3996 334 4069 quidem
350 3998 707 4069 1010(09”0)Νοο0000000,
725 4000 775 4071 qni
791 4005 819 4056 10
841 4002 947 4058 victam

111 4086 181 4143 Non
197 4090 286 4142 terret
300 4089 327 4140 tc
343 4087 545 4157 apostolorum
560 4103 646 4142 sacra
656 4090 825 4158 praesentia.

110 4176 946 4253 Necrevocautabinemptistetl98)sanctorumpignora.

113 4264 346 4338 Fensquendam
364 4267 453 4320 totius
463 4265 570 4336 landis,
589 4284 664 4321 nunc
675 4284 708 4323 cs
723 4268 841 4324 fraudis
849 4268 946 4341 10000,

112 4354 251 4409 Moribus
267 4371 299 4411 cs
310 4354 472 4427 depravata
489 4356 632 4411 00000010
649 4357 810 4429 nobilitum,

113 4441 230 4498 Pravis
245 4444 356 4498 struitis
370 4445 518 4512 inservis,
537 4461 591 4499 000
606 4451 653 4499 cst
673 4447 768 4516 pudor
785 4447 945 4504 frontibus.

113 4530 304 4602 SurgePctrc
321 4546 435 4587 summe
450 4536 560 4603 pastor,
579 4534 665 4588 linem
682 4550 757 4605 0000
774 4536 891 4591 talibus.

378 4637 504 4692 CAPUT
524 4639 683 4694 XXXVlll.

167 4726 356 4783 Boamundus
376 4726 585 4796 imperatorem
605 4736 726 4799 saporat
742 4738 872 4788 0001000.

114 4837 196 4890 0000
216 4834 314 4904 itaquo
336 4832 413 4901 apud
439 4833 561 4887 llomam
586 4836 758 4904 apostolicis
782 4842 946 4896 necessita-

112 4924 195 4979 tibus
211 4921 404 4990 inserviente,
420 4922 611 4978 Boemundus
627 4924 707 4980 filius
723 4925 874 4997 ejusapuil
885 4930 949 4983 liul-

1003 1037 1240 1105 pertimescebat,
1259 1035 1582 1101 recessisse,absentia
1591 1036 1658 1108 ejus
1669 1038 1783 1092 viribus
1792 1053 1838 1092 re-

1003 1124 1838 1194 00010110,00000110000010001000000000000000101110

1002 1214 1097 1283 000110
1119 1217 1211 1283 parat.
1229 1213 1286 1267 Sed
1303 1214 1431 1267 venienti
1447 1214 1637 1269 llaarnnndus
1654 1228 1836 1283 occurrens,

1002 1303 1162 1358 certamine
1188 1303 1267 1371 inito,
1288 1304 1399 1358 bollum
1424 1305 1566 1373 comperit
1580 1304 1664 1371 (000).
1688 1303 1721 1358 10
1741 1305 1836 1372 primo

1004 1407 1180 1463 congressu,
1206 1391 1255 1462 qui
1275 1392 1400 1461 primum
1419 1392 1494 1461 1301)
1517 1398 1717 1460 00000000001,
1742 1392 1838 1446 0011101

1004 1482 1186 1548 0100000100,
1203 1481 1423 1550 subsequentes
1436 1481 1753 1550 0100100000100(0001,
1766 1481 1838 1552 luge

1003 1569 1103 1622 initur.
1120 1568 1281 1638 Imperator
1291 1584 1357 1623 cum
1372 1570 1477 1639 primis
1488 1569 1672 1640 fngientibus
1689 1584 1758 1623 osse
1765 1568 1837 1624 utile

1005 1658 1094 1711 diruit.
1111 1657 1289 1727 Imperatore
1310 1657 1411 1729 fugato
1435 1651 1513 1727 (000)
1531 1658 1723 1712 boamundus
1745 1657 1837 1712 vietor

1005 1745 1143 1800 eflicitur.

1285 1834 1413 1888 CAPUT
1428 1837 1561 1890 XXXlX.

1183 1924 1252 1977 Dur
1261 1925 1431 1979 110000101οι0
1439 1926 1548 1979 iterum
1566 1927 1657 1980 redit.

1039 2012 1122 2077 Quod
1137 2029 1204 2067 cum
1226 2012 1293 2067 duci
1319 2029 1385 2068 cum
1406 2014 1573 2084 triumphali
1589 2015 1716 2085 gloriae
1744 2016 1837 2069 lloma

1002 2103 1160 2156 revertenti
1175 2103 1371 2156 renuntiatum
1389 2102 1507 2172 suisset,
1524 2103 1615 2157 silium
1631 2118 1646 2156 a
1661 2118 1694 2157 00
1710 2120 1768 2158 000
1784 2104 1836 2158 de-

1002 2205 1149 2262 generare
1160 2205 1349 2263 eognoscens
1362 2196 1389 2246 01
1405 2194 1434 2245 10
1447 2194 1502 2244 noc
1517 2192 1727 2263 immimequod
1740 2208 1797 2246 000
1807 2192 1836 2246 10

1001 2281 1132 2348 tempore
1170 2280 1294 2333 duorum
1320 2280 1529 2348 imperatorum
1563 2281 1634 2351 luga
1664 2280 1835 2350 triumphali

1001 2366 1095 2438 glorie
1111 2368 1175 2421 laus
1192 2368 1250 2422 sibi
1275 2368 1400 2438 suisque
1417 2383 1562 2422 concessa
1578 2369 1626 2436 sit,
1653 2368 1778 2422 veniens
1805 2368 1835 2420 10

1001 2455 1136 2524 Apuliam
1158 2457 1311 2510 ministros
1328 2472 1400 2511 suos
1423 2457 1618 2528 undecunque
1643 2470 1832 2524 convocans,

1001 2545 1139 2599 omnibus
1173 2546 1237 2600 suis
1260 2546 1480 2601 ordinatissime
1500 2546 1654 2616 dispositis
1676 2587 1682 2615 ,
1707 2545 1833 2615 plurimo

1001 2634 1134 2688 exercitu
1144 2650 1251 2689 versus
1262 2636 1417 2705 Graeciam,
1428 2651 1494 2707 quae
1506 2641 1644 2705 caeperat,
1660 2637 1833 2689 exsecutum

1000 2724 1834 2796 acceleraredisponit.NaribusdeniqnemenseSeptem-

1001 2810 1046 2865 bri
1063 2816 1151 2866 01010
1170 2814 1284 2883 Apulia,
1301 2814 1453 2883 Calabria,
1475 2814 1540 2868 sive
1554 2813 1654 2867 Sicilia
1677 2813 1753 2883 apud
1771 2813 1833 2882 lly-

1001 2899 1136 2954 druntum
1155 2902 1299 2967 00000110,
1317 2903 1470 2973 copiisque
1493 2901 1675 2956 necessariis
1698 2901 1832 2956 introdu-

1002 2988 1067 3055 ctis,
1085 3004 1226 3057 prespcra
1242 3005 1314 3042 aura
1327 2988 1518 3060 suffragante,
1531 2990 1628 3058 001010
1643 2991 1729 3058 00010
1745 2989 1834 3059 appll-

1002 3091 1073 3130 eans
1085 3076 1176 3130 lilium
1188 3081 1216 3131 et
1227 3092 1304 3148 quos
1318 3093 1384 3131 cum
1399 3079 1464 3147 ipeo
1481 3077 1557 3146 apud
1571 3080 1717 3130 extremas
1732 3080 1831 3145 partes

1000 3166 1151 3221 dimiserat
1171 3167 1319 3224 00000110
1341 3184 1395 3223 suo
1412 3167 1598 3221 sollicitando
1613 3165 1747 3233 anheles,
1765 3165 1832 3234 plu·

999 3255 1105 3309 rimum
1131 3257 1240 3311 loetitiae
1258 3272 1290 3311 se
1311 3257 1408 3326 ipsum
1424 3253 1665 3325 repraesentando
1695 3253 1830 3309 reddidit.

995 3342 1104 3414 Sicque
1113 3345 1148 3398 00
1163 3347 1241 3417 quod
1250 3350 1370 3400 venerat
1382 3360 1563 3416 exsequens,
1580 3358 1697 3398 omnem
1708 3343 1832 3413 patriam

994 3447 1050 3486 suo
1061 3434 1157 3488 reditu
1165 3433 1442 3497 turbabat‚urbibus
1450 3434 1589 3502 10100100,
1600 3431 1832 3486 obsessionibus

994 3522 1167 3577 1000100000
1182 3520 1267 3592 (301),
1281 3523 1499 3591 congressibus
1514 3521 1605 3591 prior,
1618 3519 1754 3574 excubiis
1761 3534 1833 3573 nus·

995 3629 1081 3683 quam
1098 3613 1218 3674 absens,
1244 3627 1322 3666 nune
1337 3612 1425 3664 minis
1444 3610 1687 3679 1000000000οο
1719 3607 1837 3662 blandi-

996 3702 1102 3755 mentis
1118 3692 1275 3755 mulcendo
1287 3700 1443 3770 imparium
1454 3698 1615 3754 sollicitum
1625 3697 1754 3754 reddens
1766 3701 1834 3751 ante

996 3805 1030 3843 sc
1046 3791 1170 3843 tremere
1186 3788 1323 3843 iaciebat.

1308 3877 1435 3931 tlAl‘l'T
1448 3877 1510 3931 XL.

997 3966 1211 4037 Eclipsisselis
1226 3966 1270 4020 lit.
1286 3965 1366 4037 Pape
1383 3966 1520 4032 moritur,
1539 3966 1648 4034 ctdnr,
1666 3971 1695 4020 et
1712 3966 1836 4021 000010·

1354 4036 1479 4107 plorum.

999 4126 1133 4181 Mirabile
1160 4125 1308 4196 quoddam
1330 4126 1535 4195 praesagium,
1562 4123 1640 4195 quod
1664 4141 1717 4195 per
1745 4128 1835 4179 totam

998 4216 1144 4285 Apuliam,
1166 4214 1331 4269 Calabriam
1352 4216 1416 4269 sire
1431 4214 1561 4268 Siciliam
1570 4212 1668 4267 visum
1682 4216 1744 4281 est,
1766 4212 1835 4267 huic

1000 4306 1084 4374 operi
1099 4305 1233 4359 inserere
1255 4305 1378 4376 dignum
1401 4303 1550 4372 (luximus,
1572 4303 1697 4356 maxime
1713 4303 1791 4374 quod
1801 4317 1836 4357 00

1001 4395 1142 4464 quietate
1166 4394 1285 4464 signum
1310 4392 1513 4464 portendebat,
1534 4407 1591 4447 nos
1615 4408 1652 4447 cx
1673 4394 1755 4461 parte
1776 4406 1835 4445 nou

1002 4484 1123 4554 igorarc
1144 4485 1291 4552 putamus.
1313 4483 1398 4536 Anno
1423 4480 1550 4553 denique
1571 4481 1714 4535 incarnati
1738 4478 1837 4535 Salva·

961 4560 988 4621 D
1003 4573 1076 4626 toris
1092 4570 1170 4642 1001,
1183 4574 1268 4626 sexto
1286 4571 1331 4626 010
1348 4570 1503 4625 Februarii
1518 4571 1593 4624 inter
1608 4572 1722 4624 sextam
1737 4573 1765 4623 ct
1781 4583 1834 4622 no-

1002 4676 1070 4714 nam
1084 4661 1316 4716 solobscuratus
1332 4665 1377 4714 est
1385 4675 1439 4730 per
1448 4660 1575 4729 epatium
1586 4659 1672 4713 trium
1684 4657 1832 4724 horarum,

1002 4749 1032 4803 10
1047 4750 1158 4804 tantum
1173 4753 1203 4804 01
1220 4750 1269 4821 qui
1291 4749 1367 4803 10100
1384 4749 1489 4803 domos
1503 4748 1592 4801 alicui
1607 4746 1688 4817 operi
1716 4746 1834 4801 insuda·

1003 4839 1082 4907 0001,
1098 4856 1157 4895 000
1170 4840 1228 4894 0101
1239 4839 1401 4894 luminibus
1414 4838 1551 4892 accensis
1563 4836 1680 4890 interim
1699 4850 1766 4906 quae
1775 4850 1836 4889 coe·

1003 4932 1115 5000 perant,
1133 4929 1257 4999 exsequi
1271 4932 1413 4998 possent:
1427 4927 1476 5000 qni
1492 4940 1563 4980 vero
1579 4924 1615 4979 00
1630 4923 1717 4979 0000
1731 4922 1768 4980 00
1780 4924 1834 4978 οο-

148 5063 225 5137 (009)
239 5063 271 5119 C.
289 5064 321 5118 Ρ.
343 5072 371 5118 01
388 5064 418 5117 in
434 5066 614 5122 monasterie
631 5066 805 5122 Cassiaensi
811 5069 950 5140 pontifex
1039 5071 1112 5138 (090)
1129 5070 1247 5125 Posset.

112 5137 165 5193 diu
184 5134 343 5190 habitavit.

150 5206 228 5275 (090)
245 5206 331 5271 Quos.

149 5276 227 5345 (091)
242 5275 405 5348 Superbos.

148 5347 225 5419 (090)
239 5347 306 5403 His.

149 5419 227 5485 (293)
240 5419 302 5475 Hoc
317 5421 403 5494 lonqe
418 5421 528 5477 talibus
543 5439 558 5477 a
574 5423 693 5479 studiis.

150 5490 225 5561 (994)
240 5490 308 5546 Gr.
324 5508 450 5549 naerccs

150 5561 227 5633 (295)
239 5561 271 5617 C.
287 5563 324 5618 P.
336 5564 469 5633 permina
479 5564 534 5618 1010
553 5566 736 5636 0000100100,
753 5569 784 5619 01
798 5565 948 5622 menuitiu

115 5651 172 5691 sua
185 5632 363 5689 Praelatiouo
377 5634 533 5709 Carusius,
550 5637 614 5708 pari
634 5637 838 5695 characterum
854 5637 947 5693 torma

113 5704 316 5778 0100000000.
332 5706 449 5765 Munna.

1038 5141 1113 5209 (091)
1130 5140 1253 5204 Quidam
1265 5147 1321 5195 est.

1038 5210 1112 5281 (098)
1132 5210 1193 5265 Tot.

1037 5283 1111 5353 (099)
1126 5283 1218 5337 Arse.

1038 5352 1112 5423 (300)
1125 5354 1274 5408 Conserit.

1037 5425 1113 5495 (001)
1129 5425 1236 5478 Primi.

1037 5496 1111 5568 (009)
1127 5495 1185 5549 Sue
1202 5498 1362 5566 sequenter
1387 5512 1448 5547 00...
1466 5499 1632 5549 torrentur.

1049 5567 1113 5637 003)
1130 5565 1172 5619 Fu
1194 5581 1239 5619 am
1254 5579 1360 5646 capere
1376 5565 1469 5632 dicit,·
1485 5580 1539 5637 quo
1553 5565 1664 5638 100010.

1037 5572 1111 5709 idol)
1125 5635 1157 5691 C.
1172 5581 1207 5690 il.
1224 5636 1362 5692 assiduus
1371 5636 1547 5709 0000101000
1553 5654 1573 5693 r.
