3908 6112
143 264 222 331 rena
716 238 939 325 'Wincaeur
960 261 1282 336 coueuasroars
1778 270 1854 334 aare

138 481 240 523 arcere
255 482 460 536 saepenumero
485 466 626 519 surrexit.
643 466 800 520 Postremo
815 465 845 518 in
864 448 1010 535 supra-l
1029 469 1059 519 ut
1076 468 1232 524 seditionis
1243 470 1407 541 principem
1423 473 1452 526 in
1467 473 1587 543 praealto
1602 477 1702 529 monte
1718 490 1788 530 cum
1803 474 1858 529 acie

134 553 205 612 dicti
220 557 372 611 Deniroati
389 555 607 625 oppugnatione
624 556 708 623 quasi
725 555 887 608 desertoris
904 554 968 609 iur-
1028 557 1184 610 multarum
1207 557 1357 630 legionum
1385 563 1547 631 prospexit,
1572 564 1678 618 enisus
1712 564 1744 617 in
1774 562 1856 617 ardue

133 646 193 701 tivo
207 661 289 700 more
307 645 457 709 discessit,
483 660 668 715 nequaquam
692 646 779 713 petita
800 646 967 699 missione:
1028 647 1150 698 cunctos
1166 646 1241 700 intra
1256 649 1446 703 munitionem
1470 653 1555 722 terga
1570 651 1641 705 dare
1657 651 1853 722 impigerrime

134 734 263 790 satellitii
282 734 422 800 debitum,
440 734 526 804 cujus
543 738 626 786 antea
643 735 760 786 nuudnc
777 733 968 786 hostilitatem
1029 733 1177 802 compulit.
1194 737 1236 787 ,te
1251 735 1281 788 ni
1295 736 1482 791 obstitissent
1500 740 1588 793 citius
1604 740 1754 794 obseratae
1770 739 1854 805 lorea,

132 826 283 893 utcunque
301 823 426 890 velabat,
437 821 496 892 jam
512 838 596 876 ornae
613 823 790 875 detrectans.
807 822 849 875 Ob
866 822 930 875 haee
941 825 969 876 et
1030 822 1193 892 insecutae,
1211 825 1251 877 uti
1276 825 1393 879 animus
1417 827 1510 880 iratus
1536 828 1685 898 sortisque
1701 827 1776 896 tulit,
1792 827 1855 882 male

132 912 188 966 aliu
215 914 257 966 tot
279 911 347 981 ejus
370 916 396 965 ct
420 914 495 964 tanta
516 928 598 979 ausa,
616 911 684 978 dax,
703 911 743 964 uti
769 926 818 964 res
845 911 967 978 monuit,
1029 908 1173 962 ominatos
1189 924 1225 962 cx
1242 926 1347 981 magua
1363 915 1445 981 parte
1460 913 1712 968 obtruncavisset.

135 1001 305 1070 suspiciens
328 1000 409 1069 plura
426 1004 454 1052 ct
474 1000 587 1070 nuq'ora
608 1016 761 1068 ausurum,
778 999 966 1070 receptaculi,
1030 997 1103 1051 llcm
1119 1014 1187 1052 vere
1203 1004 1316 1068 gestam
1340 1001 1453 1071 etquid
1468 1018 1559 1071 prope
1580 1005 1701 1073 gestum
1725 1006 1787 1056 eret
1800 1018 1853 1057 me-

134 1105 192 1160 quo
207 1090 364 1158 plurimum
377 1089 552 1154 confidebat,
570 1089 677 1142 editius
694 1088 906 1142 firmamentum
924 1104 969 1142 oc·
1028 1102 1187 1155 morumne,
1199 1088 1253 1141 sed
1264 1103 1330 1158 quae
1348 1090 1507 1158 posteritas
1518 1090 1639 1144 difficile
1651 1092 1691 1145 sit
1705 1091 1850 1146 creditura.

133 1176 260 1246 cupavit,
277 1177 440 1230 custodiam
456 1177 625 1241 iinrnitteus,
644 1178 672 1229 in
688 1176 766 1230 nullu
787 1176 913 1246 amplius
928 1179 968 1229 ta·
1025 1174 1851 1250 Deiupotirivolensununitionejussuproperaeontracto

132 1264 555 1335 menjasejusinuuinuens.
583 1266 694 1335 Nempe
719 1281 769 1318 eas
794 1264 923 1318 latebras
938 1264 967 1316 id
1026 1264 1155 1316 exercita
1181 1263 1379 1317 circumsedit.
1408 1264 1474 1319 Fuit
1502 1265 1721 1332 difficillimum,
1739 1282 1850 1337 quosea

133 1344 344 1408 munimentum
360 1354 439 1408 initae
464 1354 599 1408 elationis
621 1358 708 1424 atque
734 1355 887 1408 delmatiae
903 1354 968 1422 ipse
1026 1355 1128 1404 natura
1153 1350 1209 1404 loci
1236 1351 1360 1407 maxime
1386 1353 1559 1408 defensabat
1575 1370 1762 1424 expugnare.
1786 1354 1849 1409 Sene

132 1442 406 1514 primuslunduvit,
431 1446 560 1512 etqnam
586 1444 799 1511 operosissime
820 1441 969 1496 exstruxit
1024 1454 1175 1493 moresao
1204 1438 1378 1510 illooptimo
1409 1457 1469 1495 rem
1494 1446 1600 1512 optans
1623 1443 1742 1513 absque
1759 1459 1849 1498 cruere

132 1531 161 1583 in
186 1530 301 1601 praealti
322 1531 430 1584 montis
457 1533 599 1584 Arearum
629 1531 791 1583 cacumine.
821 1529 966 1582 Caeterum
1023 1527 1190 1582 consectum
1208 1528 1254 1595 iri,
1277 1526 1416 1583 efferatos
1440 1534 1468 1585 et
1493 1534 1686 1585 contumaces
1703 1531 1790 1586 obice
1812 1547 1848 1585 ee·

132 1619 261 1673 malelidi
277 1619 417 1673 custodes
433 1635 491 1672 non
503 1619 592 1672 multo
605 1622 671 1687 post
689 1619 778 1672 castri
792 1620 967 1688 potestatem
1023 1616 1143 1670 stelliad
1153 1618 1261 1671 montis
1271 1617 1527 1687 pedemexstructi
1538 1619 1847 1691 clausit,p1aesidioqae

133 1707 429 1777 conditorireddunt,
455 1723 608 1761 muncrum
633 1705 842 1776 pollicitatione
868 1706 965 1760 etim·
1023 1703 1170 1773 imposito,
1199 1705 1266 1759 aliis
1285 1710 1388 1774 postea
1418 1706 1546 1777 negotiis
1577 1707 1774 1761 invitantibus
1797 1709 1847 1778 ipee

132 1796 257 1866 pensius
271 1795 440 1850 imminente
456 1796 535 1849 varia
552 1795 756 1849 sollicitatione
771 1794 884 1865 fatigati
901 1795 968 1848 sub·
983 1821 1009 1883 B
1023 1795 1158 1860 recessit,
1177 1796 1207 1847 ut
1223 1794 1292 1847 dum
1309 1796 1387 1849 terro
1399 1798 1546 1865 parceret,
1564 1793 1643 1849 tarrae
1656 1795 1800 1851 vinceret.

134 1886 261 1955 actique.
1058 1882 1155 1936 llonct
1170 1882 1305 1952 equidem
1322 1883 1412 1954 digna
1426 1885 1501 1938 ratio
1516 1884 1610 1938 etlroc
1622 1886 1779 1940 memoriae
1791 1900 1845 1956 pre·

170 1971 262 2026 Solito
275 1972 479 2027 maxaeriores
491 1972 693 2025 intromissum
704 1971 787 2024 luriae
796 1971 965 2039 incendunt,
1021 1972 1090 2025 dere
1108 1986 1194 2040 quem
1206 1971 1252 2040 pia
1265 1972 1441 2025 coutinentia
1453 1972 1564 2026 eaedem
1575 1989 1697 2044 semper
1713 1975 1845 2041 vitaverit,

134 2060 276 2115 ultionem
301 2075 418 2131 qaoque
440 2062 485 2115 sui
510 2061 589 2114 velut
607 2075 660 2130 per
682 2059 807 2130 iujurias
832 2060 965 2115 diminuti
1021 2059 1192 2113 nisibellica
1208 2061 1237 2111 vi
1267 2062 1316 2112 eut
1326 2060 1381 2113 alia
1392 2060 1476 2131 gravi
1487 2061 1712 2116 necessitudine
1724 2068 1842 2135 urgente.

134 2154 316 2204 exacturum.
340 2151 439 2202 Oritur
462 2153 522 2203 toto
543 2149 652 2202 ambita
675 2149 743 2218 pagi
762 2149 849 2201 vicini
875 2149 964 2203 multa
1021 2147 1143 2214 Exsilio,
1175 2163 1304 2210 carcere,
1336 2149 1402 2202 item
1428 2149 1486 2202 alia
1508 2149 1770 2206 animadversione
1792 2167 1843 2223 qua

133 2238 264 2292 miseria,
282 2237 447 2305 Tumultus,
465 2238 581 2305 praedae,
599 2237 966 2305 rapinaesaeviunt‚vasti·
1021 2236 1109 2289 ritem
1129 2251 1187 2290 non
1204 2236 1354 2305 adimeret,
1385 2237 1488 2291 ulcisci
1504 2238 1642 2305 malebat,
1670 2240 1841 2311 quos,juxta

132 2329 221 2382 tatem
231 2327 386 2380 minantes.
398 2327 507 2394 brixiis,
520 2325 603 2394 viris,
616 2328 779 2380 commeatu
795 2328 823 2379 et
839 2327 963 2396 quibus·
1020 2324 1106 2379 ritum
1124 2325 1187 2378 sive
1203 2326 1302 2396 legum
1312 2325 1456 2395 institute,
1473 2329 1574 2381 caeteri
1589 2329 1745 2398 principes
1760 2329 1841 2400 gladie

133 2430 250 2485 cunque
260 2414 310 2468 teli
320 2414 439 2484 negotio
451 2413 565 2466 idoneis
577 2418 707 2467 castrum
718 2416 884 2483 exornatur,
898 2431 963 2467 mu-
1019 2413 1177 2480 absumunl
1192 2414 1262 2467 belli
1277 2417 1388 2484 captos,
1404 2415 1449 2467 vel
1473 2415 1550 2469 domi
1573 2416 1735 2471 criminum
1750 2419 1840 2487 capita·

132 2504 260 2558 nimenta
271 2503 354 2572 prius
366 2503 448 2555 tlrma
458 2502 586 2555 tirmiora
596 2504 676 2555 liunt.
696 2503 762 2555 Paci
774 2506 801 2556 et
810 2503 867 2557 otio
879 2504 963 2558 locus
1018 2502 1088 2557 lium
1113 2502 1286 2556 manifestos
1304 2519 1310 2556 :
1329 2502 1490 2558 salubriter
1504 2520 1638 2573 pensans
1662 2507 1713 2575 qui
1738 2505 1840 2559 ‚irbitcr

131 2592 230 2645 nullus
247 2591 431 2663 relinquitur.
455 2591 585 2660 Denique
602 2591 770 2643 saevissima
782 2590 904 2644 rebellio
920 2591 962 2644 in·
1017 2605 1104 2660 quam
1120 2591 1290 2644 tremendus
1318 2593 1444 2645 terrenae
1471 2593 1626 2661 potestatis
1644 2597 1709 2647 aeta
1727 2593 1839 2663 desuper

132 2680 266 2734 struitur.
283 2678 354 2742 Quae
368 2681 524 2748 postquam
539 2679 606 2731 duci
631 2682 862 2747 compertasunt
883 2679 961 2731 Wil-
1016 2679 1186 2748 prospiciat,
1217 2679 1375 2732 moderates
1400 2679 1563 2733 clementiae
1593 2684 1624 2735 ut
1653 2681 1836 2736 immoderate

130 2765 228 2835 lelmo,
245 2783 261 2822 e
276 2767 468 2821 Constantino
483 2783 568 2838 pago,
586 2767 635 2820 ubi
656 2767 811 2820 certiorem
828 2768 961 2822 nuntium
1016 2768 1150 2835 saevitiae,
1167 2768 1304 2836 omnique
1325 2769 1498 2823 meritorum
1525 2770 1659 2839 qualitati
1675 2786 1730 2824 sua
1745 2772 1835 2841 quique

130 2858 253 2927 accepit,
270 2872 304 2910 ea
319 2856 495 2926 properabat
510 2855 668 2924 eeleritate,
690 2859 720 2909 at
735 2857 801 2926 equi
818 2858 960 2911 comitan-
1014 2855 1189 2910 decernens.

128 2945 211 3012 tium,
223 2950 332 3015 praeter
348 2961 412 3012 sex,
430 2960 532 2997 omncs
549 2945 718 3014 priusquam
734 2947 905 3014 perventum
922 2945 961 2999 sit
1049 2945 1181 2999 Aradiens
1196 2959 1268 2999 vero
1280 2960 1331 2999 rex
1346 2945 1495 3000 ilenricus
1513 2946 1664 3001 inclusam
1680 2963 1751 3007 csse
1764 2947 1834 3018 cujas

127 3033 223 3087 Arcas
240 3034 415 3088 lassitudine
441 3032 610 3086 (defecerint.
630 3032 703 3085 Nam
727 3032 913 3087 festinantem
929 3036 960 3086 ut
1014 3035 1143 3087 resarum
1159 3033 1254 3087 fautor
1269 3036 1330 3087 erat
1342 3039 1429 3105 atque
1440 3034 1604 3104 consultor,
1618 3038 1762 3091 auxilium
1773 3037 1833 3090 terre

128 3121 287 3176 contrairet
301 3121 418 3192 injuriae
435 3138 498 3175 sarae
510 3121 634 3189 amplius
654 3121 847 3175 incitaverunt
862 3121 958 3174 audita
1012 3122 1141 3191 festinat,
1152 3123 1426 3177 manumadduccns
1438 3129 1615 3177 armatorum
1625 3126 1830 3189 nonmodiean‚

126 3211 452 3281 malaprovinciaesuaa.
466 3210 665 3263 lieclesiarum
677 3211 763 3277 bona,
774 3211 958 3281 aggrestium
975 3171 1046 3264 eud
1063 3210 1120 3264 hoc
1135 3211 1243 3281 quibus
1258 3210 1392 3282 indigent
1406 3212 1524 3266 obsessi
1541 3213 1705 3283 complura.
1723 3212 1830 3267 Adducti

126 3298 699 3371 labores,ucg0tiator·umluera,militum
711 3299 958 3369 praedaminjuste
1009 3300 1038 3353 iu
1054 3314 1137 3369 spem
1150 3300 1328 3353 memorandi
1337 3299 1478 3354 facinoris
1488 3301 1606 3371 quidam
1621 3316 1701 3357 exeo
1714 3303 1829 3372 laumere,

125 3388 192 3442 fleri
206 3388 332 3442 dolebat.
351 3388 516 3441 lliseraudo
533 3388 649 3457 planctu
664 3387 791 3440 imbellis
808 3386 958 3459 vulgi,qui
1010 3389 1098 3458 quiin
1116 3388 1255 3456 qtraesidio
1266 3388 1351 3442 ducis
1367 3388 1652 3458 relicticustodiaat,
1666 3389 1827 3446 Francorum

124 3475 234 3530 multus
259 3481 389 3544 tempore
414 3475 481 3529 belli
506 3481 555 3528 aut
579 3475 755 3529 seditionum
775 3476 846 3530 oriri
870 3478 956 3548 solet,
1011 3477 1227 3531 adventantium
1248 3476 1354 3531 itinera
1372 3478 1525 3546 explorata
1545 3478 1688 3533 insidunt.
1719 3480 1752 3534 Et
1775 3492 1826 3534 ecce

124 3563 262 3617 advocari
286 3581 319 3617 sc
345 3565 500 3635 cogitabat,
527 3564 682 3631 Caeterum,
708 3565 736 3616 in
752 3564 854 3618 itinere
879 3565 956 3619 baad
1011 3580 1167 3619 numerosa
1182 3581 1251 3634 pars
1268 3565 1366 3619 minus
1387 3566 1463 3619 cauti
1477 3567 1675 3637 excipiuntur.
1693 3568 1826 3640 ingelran-

125 3652 229 3722 procul
243 3653 280 3705 ab
296 3653 361 3721 ipso
378 3657 475 3706 castro
494 3652 598 3705 obvios
615 3651 716 3705 habuit
731 3652 875 3723 quosdam
891 3670 954 3709 suaa
1010 3671 1066 3708 uus
1082 3654 1197 3708 l'ontivi
1209 3669 1320 3721 comae,
1335 3655 1486 3709 nobilitate
1499 3659 1588 3710 notus
1607 3671 1643 3710 ac
1665 3657 1824 3721 tortitudine,

124 3740 235 3796 militiae
254 3742 499 3812 principesfidos
510 3743 785 3812 acceptosqucsibi.
804 3743 840 3795 lli
852 3759 954 3813 repen·
1010 3746 1038 3797 et
1052 3758 1118 3797 cum
1134 3758 1168 3797 eo
1183 3742 1372 3813 quamplures
1392 3742 1447 3796 viri
1464 3744 1605 3798 nominati
1624 3744 1821 3800 interimantur.
1876 3742 1878 3805 Ξ

124 3830 801 3901 tinorumoreinurbellothomagequaecomes
812 3832 954 3886 Arceusis
1011 3831 1097 3903 Ilugo
1114 3831 1312 3900 Bardulphus,
1332 3831 1397 3901 ipse
1415 3833 1484 3886 item
1500 3833 1545 3886 vir
1563 3849 1703 3904 magnus,
1720 3835 1821 3904 capitur.

122 3920 955 3992 agitabataadieraut,eleamcqaitibustrocentisquanto·
1007 3920 1191 3974 l'erveaiens
1207 3924 1302 3974 tamen
1318 3935 1376 3990 quo
1394 3920 1438 3974 ire
1457 3920 1623 3975 intenderat
1638 3938 1704 3993 rex,
1721 3937 1822 3976 exacer-

34 4024 42 4035 ·
123 4008 500 4075 ciusArcasuccesserant,
511 4009 536 4061 si
548 4009 799 4063 convectationem
817 4008 955 4064 frumenti
1011 4008 1175 4062 iratissimis
1192 4009 1297 4062 animis
1321 4024 1435 4063 samma
1450 4009 1479 4062 vi
1495 4010 1669 4079 presidium
1683 4012 1821 4071 attentavit,

122 4100 152 4152 et
162 4097 283 4151 aliarum
296 4113 393 4151 rerum
405 4101 505 4152 contra
521 4098 706 4152 obsidionem
717 4099 957 4153 necessariarum
1011 4096 1194 4151 Willclmum
1209 4098 1244 4151 ab
1261 4099 1402 4152 aerumnis
1416 4099 1458 4151 uti
1473 4099 1610 4168 eriperet,
1622 4100 1821 4171 pariterdecre·

120 4186 282 4256 probibere
299 4186 439 4241 valerent.
457 4187 565 4240 t'crum
581 4187 631 4240 ubi
647 4190 848 4257 cognoverunt
862 4188 956 4241 inari·
1009 4190 1137 4240 mentum
1154 4187 1201 4240 eui
1221 4190 1350 4257 stragem
1374 4203 1496 4241 suorum
1520 4187 1696 4244 vindicaret.
1719 4188 1774 4243 Sed
1787 4184 1821 4241 ubi

123 4276 303 4346 mascopias
322 4276 444 4329 militum
469 4276 540 4330 inibi
555 4280 753 4346 congregatas
768 4291 846 4346 osse,
865 4275 955 4330 simul
1009 4275 1159 4347 negotium
1187 4275 1306 4330 difficile
1335 4275 1538 4330 animadvertit
1558 4276 1680 4347 (quippe
1706 4277 1821 4333 inimicos

121 4365 188 4435 quia
212 4366 389 4431 metuebant,
416 4366 499 4434 ipsos
518 4365 665 4435 etiamqui
686 4381 787 4419 secum
812 4368 955 4420 venerant
1007 4365 1133 4432 impetus
1162 4363 1248 4418 facile
1286 4364 1486 4418 toleraverunt
1513 4365 1627 4419 castelli
1664 4365 1821 4422 munimenta

120 4454 298 4507 transituros
318 4454 382 4507 sore
407 4453 441 4506 ad
458 4454 629 4507 societatem
646 4454 798 4523 tlr’illelmi,
815 4458 881 4509 aute
897 4470 952 4525 po·
1006 4457 1034 4505 ct
1048 4453 1170 4506 militam
1186 4452 1281 4506 virtus
1296 4469 1380 4523 aeque
1395 4452 1513 4522 valida),
1529 4469 1565 4508 ne
1595 4458 1719 4510 cruenta
1745 4456 1820 4508 morte

120 4541 191 4597 steri
208 4541 266 4595 dici
281 4546 377 4594 ortum
393 4542 448 4599 (sic
468 4542 511 4595 eis
536 4543 697 4595 amicorum
713 4544 810 4612 opinio
835 4547 950 4599 secreto
965 4519 1032 4593 Det
1048 4541 1183 4609 pudenda
1198 4540 1266 4612 tuga
1282 4540 1450 4610 pelleretur,
1463 4541 1544 4595 abire
1560 4544 1728 4613 maturavit,
1744 4543 1820 4597 decus

122 4630 314 4700 praedixerat)
329 4630 419 4683 dilfisi
436 4646 521 4699 quam
547 4631 686 4685 ocissimo
713 4632 856 4687 redibant.
879 4634 950 4689 llaec
1003 4629 1115 4682 nullum
1139 4629 1271 4698 adeptae,
1301 4629 1358 4683 nisi
1389 4629 1464 4685 forte
1488 4630 1629 4686 decorum
1653 4632 1818 4701 fueritque

118 4720 260 4785 reserant,
278 4724 364 4788 atque
382 4719 438 4788 ipsi
454 4723 483 4772 ut
498 4721 659 4773 exercitam
676 4721 861 4790 praestoletur
877 4738 949 4776 con·
1003 4731 1067 4771 rum
1095 4718 1213 4771 advenit
1236 4733 1326 4771 causa
1348 4718 1476 4786 inopiam
1507 4719 1655 4789 stipendio
1681 4721 1818 4779 mirraiesa

118 4810 217 4864 silium
233 4808 301 4861 durat
317 4825 322 4861 :
341 4808 448 4861 etenim
464 4809 530 4878 equs
547 4814 658 4877 partem
682 4810 749 4878 plns
769 4826 854 4880 quam
872 4812 948 4865 lama
1004 4806 1145 4860 militibus
1160 4807 1456 4861 numerumauxisse.
1472 4808 1607 4862 lleverso
1622 4809 1692 4863 dein
1706 4810 1741 4864 ad
1755 4806 1819 4862 obsi·

117 4897 570 4968 divulgaveritdeseri,viciniam
580 4913 652 4966 pene
665 4913 781 4952 (amnem
797 4899 823 4951 in
840 4899 947 4953 adver·
1002 4896 1118 4950 dionem
1135 4896 1219 4962 duce,
1241 4899 1269 4949 et
1288 4895 1413 4965 qualiter
1432 4896 1522 4949 otium
1538 4895 1659 4967 aliquod
1671 4895 1819 4969 jucnudun

116 4987 186 5040 sarii
218 4985 350 5039 levorem
375 4985 547 5053 concedere,
579 4987 701 5040 alterius
728 5003 854 5058 pergere
879 5003 945 5042 cum
1003 4984 1144 5040 celebrari
1174 4983 1259 5052 solet,
1282 4984 1311 5037 ia
1337 4984 1490 5053 procincto
1520 4985 1694 5055 aliquandiu
1712 4987 1817 5045 morato,

115 5075 218 5143 paucis
233 5075 320 5128 nimis
332 5075 619 5144 periculosumessc.
640 5076 675 5127 At
687 5076 849 5130 constantia
867 5077 945 5131 illias
1001 5075 1088 5128 samis
1118 5073 1286 5139 acrimonia,
1313 5073 1425 5127 saevius
1449 5074 1477 5126 et
1505 5074 1618 5129 arctius
1635 5090 1725 5146 quam
1744 5072 1819 5129 armis
1876 5108 1878 5127 ι

114 5163 233 5216 minime
251 5163 298 5216 his
314 5164 348 5215 ad
363 5179 501 5233 pavorem
523 5167 568 5218 est
584 5167 670 5232 motu,
692 5164 739 5218 rel
755 5164 790 5217 ad
807 5164 944 5219 diffidcn-
1001 5178 1121 5234 iuuene,
1140 5177 1230 5231 prope
1243 5160 1306 5231 jam
1323 5161 1511 5231 expugnavit.
1531 5162 1594 5216 ilex
1610 5163 1709 5218 denuo
1724 5162 1819 5218 accitus

112 5249 340 5306 dunelmenses
357 5253 535 5306 confirmans
551 5254 605 5306 lroe
623 5268 779 5323 responso,
791 5253 863 5307 nihil
880 5255 944 5323 qui·
999 5252 1089 5305 multo
1105 5254 1133 5305 ct
1149 5250 1254 5304 misere
1265 5250 1390 5319 supplici
1400 5250 1510 5315 nuntio,
1525 5251 1628 5306 venire
1639 5252 1761 5316 abnuit:
1775 5266 1820 5304 su·

113 5339 180 5394 deni
194 5339 321 5393 rebelles
346 5342 375 5395 ia
391 5358 424 5396 se
444 5358 509 5396 cum
532 5344 710 5411 praesentem
734 5342 942 5412 conspexerint
999 5340 1143 5410 perierem
1154 5354 1255 5393 casum
1269 5342 1419 5408 reputare,
1439 5339 1535 5409 magis
1550 5356 1658 5410 aspera
1679 5342 1821 5414 magisque

112 5441 261 5491 ausuros;
291 5443 360 5481 mox
384 5434 523 5499 quantum
548 5432 673 5485 calcaria
700 5446 807 5501 equum
832 5446 941 5501 cogere
997 5428 1193 5499 ignominiosa
1209 5432 1352 5481 metuens.
1373 5427 1604 5482 Cernittendem
1619 5432 1818 5503 angustiarum

111 5518 246 5588 poterunt
257 5516 425 5572 accelerans
439 5521 578 5587 perrexit.
591 5519 659 5592 Egit
674 5535 740 5574 eum
751 5518 868 5589 propria
879 5519 942 5573 lor·
996 5518 1079 5571 oculo
1091 5518 1184 5587 papiae
1203 5520 1304 5585 pertus
1315 5515 1446 5586 rapiendi
1460 5517 1728 5574 contradomiaum
1746 5532 1823 5574 sunm

110 5604 386 5680 titudo,lelicitatem
402 5607 427 5663 ci
442 5608 578 5682 promisit
591 5609 673 5683 ¹justu
694 5623 793 5665 cauea.
811 5607 846 5663 Et
859 5623 940 5680 eece,
994 5607 1176 5680 principatus
1184 5604 1349 5677 cupidinem
1358 5604 1558 5661 malesuadam
1568 5620 1820 5679 esee,snereraeu·
