3900 6112
124 284 174 348 ⁵13
638 285 877 350 contemto
893 287 1122 352 canonice.
1143 290 1223 353 ute.
1241 292 1300 354 Vll

1775 297 1842 367 614

121 465 290 521 clericatum
300 467 411 524 admitti
422 484 481 523 nen
491 469 597 539 debet3
614 475 722 527 sicasu
737 470 879 540 evenerit,
890 485 949 526 666
965 473 987 531 l
1042 472 1087 528 68.
1104 472 1188 538 Quod
1203 475 1264 530 Dee
1274 491 1332 530 non
1347 492 1420 531 voce
1431 479 1602 534 tantumsed
1619 481 1708 536 corde
1723 485 1840 537 666666·

116 554 303 626 prohibetur.

141 640 191 698 33.
216 644 261 700 De
279 645 426 701 eunuchis
440 650 470 701 et
485 647 535 719 qui
546 663 580 703 66
595 647 679 718 16666
694 648 896 704 absciderunt.

1007 561 1076 616 dum
1092 566 1137 617 est
1154 563 1183 618 in
1199 565 1336 620 ecelesia.

1042 649 1087 704 99.
1104 651 1145 706 De
1169 653 1333 709 ministerio
1355 655 1563 726 diaconorum,
1579 658 1644 713 6166
1664 660 1773 730 quibus
1788 675 1841 714 sa·

140 730 191 788 81.
211 732 298 798 Quod
308 733 549 806 presbyteripest
560 737 952 807 susceptumerdinemcasu
1009 740 1145 794 cerdotes
1161 757 1268 797 nomen
1284 743 1402 812 babent,
1419 744 1550 800 officium
1564 761 1623 800 nen
1638 747 1757 803 habent.

103 837 242 892 corpore
259 822 422 895 debilitato,
438 823 571 880 ordinem
584 840 672 881 suum
684 827 816 881 amittere
831 841 888 880 non
900 826 952 880 de-

98 912 189 971 beat.

133 1005 186 1061 35.
203 1007 246 1062 Ut
261 1007 313 1078 qui
328 1010 438 1078 praeter
451 1007 719 1064 tormescancnum
729 1010 844 1064 venerit
859 1010 951 1064 adsa-

95 1095 294 1166 cerdotium,
307 1095 373 1167 ipse
388 1099 417 1152 et
428 1097 579 1151 ordinater
595 1096 662 1168 ejus
679 1098 791 1154 honere
809 1100 950 1169 privetur.

134 1183 185 1240 811.
205 1182 295 1250 Quod
310 1200 370 1240 non
383 1184 453 1241 licet
466 1186 646 1257 neophytum
659 1187 706 1242 vel
722 1187 830 1243 laicum
843 1189 949 1244 incon-

104 1273 248 1334 siderate
263 1271 473 1344 presbyterum
487 1274 535 1328 vel
554 1274 711 1329 diaconum
726 1276 867 1331 ordinari.

139 1361 191 1417 97.
212 1362 253 1417 Ut
269 1377 329 1417 non
348 1361 419 1416 liant
435 1362 639 1418 ordinationes
654 1363 774 1419 illicitae.

141 1450 190 1506 88.
210 1451 253 1506 Ut
262 1449 409 1506 ordinatio
416 1451 656 1522 presbyterorum
668 1451 954 1527 vellevitarumsseon·

115 1557 184 1618 grue
200 1544 339 1611 tempore
354 1539 525 1595 solemniter
543 1540 602 1594 liat.

1044 827 1088 880 70.
1118 827 1201 892 Quod
1225 831 1343 901 qnidam
1370 833 1549 888 necessitate
1578 833 1720 890 diaconus
1746 836 1841 892 166166

1010 920 1065 985 est,
1082 917 1131 988 qui
1147 921 1214 988 post
1239 923 1381 974 mortuum
1399 937 1521 976 uxorem
1548 922 1624 978 lilios
1647 922 1792 980 habuerat
1805 925 1842 979 de

1009 1004 1126 1060 ancilla.

1045 1092 1089 1148 7l.
1108 1094 1146 1148 Ut
1160 1093 1275 1149 diaconi
1291 1096 1405 1151 calciati
1425 1099 1578 1170 compagis
1594 1115 1652 1155 non
1667 1100 1839 1170 procedant.

1045 1185 1089 1239 te.
1107 1184 1149 1238 lle
1163 1185 1372 1241 archidiacone
1386 1202 1473 1257 quem
1484 1203 1559 1242 6666
1570 1188 1730 1259 episcopus
1746 1191 1840 1246 voluit

1010 1273 1114 1328 callide
1130 1274 1331 1343 promovendo
1343 1274 1500 1344 deponere.

1044 1361 1088 1418 73.
1106 1361 1189 1426 Quod
1212 1363 1412 1420 archidiaconi
1427 1380 1477 1418 666
1494 1365 1630 1421 ecclesias
1651 1365 1758 1421 666661
1773 1383 1841 1422 are-

1008 1453 1068 1505 lius
1085 1451 1244 1506 custodire.

1042 1540 1087 1594 rt.
1103 1540 1185 1604 Quod
1202 1540 1385 1595 vicedomino
1402 1541 1583 1611 episcopium
1594 1544 1639 1598 est
1654 1544 1839 1600 committen-

145 1628 190 1686 88.
209 1629 252 1684 Ut
273 1628 304 1684 in
318 1617 464 1699 principio
487 1629 648 1685 Dominicee
669 1630 764 1685 nectis
789 1630 859 1685 fient
873 1632 953 1686 sacri
1008 1629 1087 1684 dum.

124 1718 247 1787 ordines,
260 1718 327 1772 sive
342 1731 438 1786 resne,
457 1716 560 1772 eodem
575 1717 622 1772 die
643 1718 811 1774 continuato
825 1718 950 1791 jejunio.

1043 1719 1087 1774 75.
1104 1717 1187 1784 Quod
1203 1719 1232 1772 in
1250 1719 1380 1773 llomana
1395 1719 1530 1774 Ecclesia
1545 1719 1708 1790 ordinatus,
1721 1721 1840 1778 indeui-

150 1807 192 1862 to.
211 1806 254 1861 De
270 1805 514 1877 presbyterorum
529 1808 558 1861 et
580 1805 772 1862 diaconorum
789 1808 951 1864 ordinatio·
967 1843 991 1906 Β
1008 1808 1101 1864 166166
1116 1808 1219 1879 egredi
1231 1823 1290 1862 non
1305 1808 1401 1862 debet.

128 1895 306 1951 6666666116
322 1894 508 1950 celebrandis
525 1896 718 1965 temporibus.

155 1985 195 2038 ll.
211 1983 297 2050 Quod
313 1983 450 2054 6666166
466 1998 571 2039 sacros
586 2000 646 2040 666
669 1985 858 2041 admittentur
872 1986 953 2041 ordi-

133 2089 179 2144 nes,
194 2072 319 2128 6166116
334 2074 373 2127 sit
388 2073 417 2127 in
433 2072 616 2128 ordinatione
631 2074 787 2129 venalitas.

157 2161 194 2216 lt.
209 2160 294 2226 Quod
311 2176 367 2232 per
383 2161 497 2232 gradus
519 2161 657 2234 singulos
674 2164 782 2218 666661
800 2179 817 2216 6
833 2163 951 2218 minime

135 2251 277 2306 escendere
292 2251 343 2321 qui
357 2251 459 2305 volunt
473 2252 503 2304 in
519 2249 652 2306 Ecclesia
669 2252 807 2306 militare.

156 2337 195 2395 18.
212 2341 271 2395 Ρ66
285 2354 353 2410 quse
367 2341 501 2409 tempora
516 2341 545 2394 et
559 2352 614 2410 per
628 2354 704 2411 quos
720 2341 833 2412 gradus
848 2355 952 2396 66666-

135 2424 244 2483 deadum
262 2429 302 2482 sit
316 2429 353 2483 ab
377 2427 498 2482 16166116
520 2443 616 2499 usque
638 2428 674 2483 ad
688 2444 836 2484 summum
851 2444 953 2485 66666-

130 2511 256 2573 latinum.

135 2634 137 2639 ·
154 2606 196 2663 11.
214 2606 257 2661 De
272 2606 376 2661 eadem
391 2621 433 2661 re.

1043 1896 1085 1951 79.
1109 1897 1151 1950 De
1175 1897 1302 1966 quodam
1322 1912 1410 1967 quem
1434 1896 1504 1951 tecit
1528 1901 1650 1952 sanetus
1676 1899 1839 1971 Gregorius

1008 1983 1187 2056 acolythum,
1210 1988 1239 2040 et
1257 1984 1371 2039 remisit
1395 2000 1462 2040 eum
1477 1986 1512 2040 66
1538 1985 1761 2057 obsequendum
1777 1989 1840 2058 epi-

1009 2089 1101 2144 seopo
1117 2090 1183 2129 suo.

1045 2162 1088 2216 77.
1105 2161 1188 2227 Quod
1209 2178 1282 2233 papa
1303 2163 1400 2234 possit
1424 2163 1586 2218 concedere
1602 2163 1728 2220 clericos
1749 2167 1837 2224 66166

1010 2250 1155 2306 aeclesis
1170 2252 1201 2305 in
1215 2251 1272 2305 alin
1282 2250 1423 2306 ordinari.

1043 2338 1088 2395 78.
1105 2339 1178 2405 Quid
1195 2339 1396 2410 abepiscopo,
1414 2340 1485 2411 quid
1499 2357 1516 2395 a
1531 2341 1714 2412 presbytero,
1737 2342 1839 2413 quida

1008 2429 1132 2485 diacono
1147 2428 1260 2499 suscipi
1277 2429 1394 2483 debeat.

1043 2519 1087 2574 79.
1103 2517 1186 2584 Quod
1202 2520 1315 2587 septem
1330 2517 1456 2588 diaconi,
1473 2522 1502 2573 et
1522 2518 1642 2575 totidem
1664 2519 1839 2575 subdiaconi

1008 2625 1061 2681 per
1075 2608 1222 2663 civitatem
1239 2607 1401 2661 itomanam
1415 2607 1540 2663 ordinati
1555 2611 1634 2664 6661.

151 2694 196 2751 tt.
221 2678 265 2751 116
289 2695 393 2751 ordine
417 2695 654 2751 consecrationis
678 2695 952 2751 eeclesiasticorem
1043 2698 1087 2752 80.
1105 2698 1147 2752 lle
1161 2699 1281 2767 gseptem
1303 2695 1495 2762 subdiaconis
1512 2697 1564 2768 qui
1587 2701 1701 2768 septem
1715 2697 1838 2752 66166116

115 2784 262 2842 eranum

145 2873 193 2930 «16.
211 2874 255 2929 De
270 2873 386 2930 66666.

1007 2787 1204 2842 imminerent.

1042 2875 1086 2932 8t.
1104 2875 1187 2940 Quod
1198 2873 1348 2946 regiones,
1364 2873 1442 2929 sient
1456 2873 1486 2928 in
1501 2875 1575 2929 urbe
1592 2875 1695 2946 lloma,
1709 2890 1765 2946 per
1778 2876 1841 2933 ein·

144 2964 194 3020 tr.
210 2961 297 3029 Quod
319 2962 477 3034 presbyter
500 2965 530 3017 61
545 2961 689 3018 61666666
713 2962 750 3017 66
766 2966 951 3018 6661661666
1008 2965 1095 3038 gulas
1110 2965 1200 3018 urbes
1216 2963 1348 3017 diaconis
1359 2962 1536 3017 dividantur.

100 3053 259 3124 enbcopo
274 3050 458 3107 ordinantur.

1042 3054 1087 3108 88.
1102 3052 1185 3118 Quod
1201 3052 1344 3106 diaeonus
1360 3051 1389 3105 in
1404 3050 1526 3105 sinistre
1543 3050 1666 3106 humero
1677 3052 1782 3108 stolam
1791 3067 1839 3125 gc-

137 3142 193 3198 68.
209 3141 342 3208 Qualiter
355 3140 520 3211 psalmista,
542 3139 635 3196 16661
658 3143 771 3211 centor,
788 3140 948 3196 ordinetur.
1007 3141 1199 3198 6166666661.

140 3233 194 3288 48.
211 3231 256 3286 De
272 3229 456 3286 ordinatione
471 3229 594 3285 ostiarii.

133 3321 192 3378 58.
211 3321 256 3375 De
267 3319 452 3376 ordinatione
467 3317 599 3374 lectoris.

138 3408 193 3467 51.
211 3411 255 3465 De
271 3409 455 3465 ordinatione
470 3407 638 3463 exorcistae.

135 3498 193 3557 52.
210 3500 253 3555 De
270 3498 454 3554 ordinatione
468 3497 607 3567 acolythi.

137 3586 194 3646 58.
211 3589 256 3644 De
266 3587 451 3644 6661666666
460 3586 645 3641 subdiaconi.

139 3677 194 3734 st.
210 3679 254 3734 De
269 3677 453 3733 ordinatione
467 3675 593 3730 diaconi.

140 3765 194 3824 56.
211 3767 255 3822 De
274 3766 459 3822 ordinatione
474 3765 652 3836 presbyteri.

137 3856 193 3913 56.
210 3857 250 3912 Ut
264 3856 380 3911 diaconi
395 3871 482 3910 suum
499 3858 621 3911 6666661
634 3853 779 3924 ordinem,
795 3858 823 3909 et
838 3855 948 3909 officiis

87 3942 358 4018 fflsbyterorom
373 3960 407 4000 se
422 3961 480 4000 nen
495 3945 655 4015 implicent.

136 4035 190 4093 57.
207 4037 251 4092 De
266 4035 369 4092 ordine
384 4038 412 4090 et
428 4034 527 4090 ellicio
542 4034 744 4089 diaconorum.

131 4122 188 4181 58.
204 4125 292 4190 Quod
305 4123 626 4194 presbyterisdieconi,
636 4126 665 4176 et
675 4121 812 4176 diaconis
823 4136 948 4192 sequen·

87 4195 157 4270 1066
171 4214 277 4270 6166161
291 4213 435 4268 honorem
457 4211 566 4267 debent
581 4210 735 4265 exhibere.

138 4304 190 4360 68.
207 4304 250 4358 lle
266 4302 433 4358 obedientia
448 4300 645 4355 diaconorum·
657 4315 730 4371 erga
740 4300 945 4370 presbyteros.

144 4394 192 4449 68.
210 4392 250 4448 111
264 4392 408 4447 61666666
417 4389 628 4446 eucharistiam
640 4388 828 4459 presbyteris
837 4389 951 4444 submi-

89 4475 228 4539 hisoen

965 3203 991 3267 ⁰
1041 3230 1086 3287 88.
1102 3229 1185 3296 Quod
1200 3245 1258 3283 666
1278 3227 1364 3283 66661
1379 3227 1521 3282 61666666
1541 3227 1571 3282 16
1590 3227 1776 3299 presbyterio
1791 3244 1839 3284 se·

1007 3321 1078 3377 dere
1093 3335 1160 3375 eum
1175 3318 1273 3373 divina
1289 3317 1484 3388 celebrantur,
1501 3318 1840 3389 nequecorpusDemini

1006 3424 1177 3480 praerogare
1192 3407 1367 3478 presbytero
1378 3410 1535 3477 praesente.

1041 3498 1086 3556 84.
1103 3498 1186 3564 Quod
1196 3496 1399 3554 subdiaconus
1409 3497 1509 3552 erario
1519 3512 1578 3551 666
1588 3498 1696 3567 616166,
1712 3511 1767 3552 666
1782 3496 1839 3551 he-

913 3596 914 3599 ’
1007 3589 1092 3643 stiam
1109 3586 1303 3657 derelinquat.

1041 3675 1077 3733 85
1094 3675 1178 3742 Quod
1203 3676 1330 3732 lectores
1352 3678 1381 3731 et
1404 3678 1542 3730 cauteres
1557 3673 1664 3730 erariis
1679 3690 1737 3733 non
1754 3677 1839 3729 6166-

1004 3771 1061 3823 166.

1041 3857 1085 3912 86.
1108 3856 1191 3921 Quod
1215 3852 1535 3926 presbyterimnj01·es
1557 3856 1627 3908 sunt
1643 3852 1788 3923 diaconis,
1810 3854 1840 3909 61

1005 3946 1084 4018 quod
1098 3947 1167 4001 elim
1183 3945 1212 4000 id
1226 3943 1382 4014 presbyter
1396 3942 1475 4013 quod
1487 3942 1648 4012 episcopus
1662 3942 1713 4013 (7).
1804 3992 1808 4000 .

1042 4035 1085 4088 87.
1114 4033 1199 4099 Quod
1228 4032 1393 4087 seeundum
1418 4032 1560 4086 canonica
1588 4030 1720 4085 instituta
1742 4030 1840 4102 iuqui-

1005 4124 1097 4179 renda
1120 4126 1166 4178 est
1186 4121 1246 4176 vila
1269 4120 1424 4175 ordinandi
1447 4117 1615 4188 presbyteri
1632 4134 1640 4189 3
1658 4122 1688 4172 et
1709 4118 1787 4190 quod
1808 4117 1840 4172 in

1006 4212 1085 4267 omni
1115 4211 1244 4266 66616616
1273 4207 1465 4263 66666666166
1486 4208 1532 4260 661
1555 4206 1711 4276 presbyter
1733 4209 1763 4260 et
1782 4205 1839 4259 mi-

1005 4302 1111 4357 nister.

1040 4390 1085 4445 88.
1102 4390 1140 4444 Ut
1155 4403 1293 4460 personae
1304 4384 1514 4458 promovenda
1524 4383 1682 4455 diligenter
1692 4381 1840 4454 inquiren·

1005 4483 1064 4548 tur,
1075 4485 1104 4534 et
1123 4477 1289 4550 presbyteri
1304 4490 1423 4545 semper
1438 4473 1561 4530 recitent
1585 4473 1702 4527 nomina
1717 4473 1838 4542 aposte-

145 4571 193 4627 61.
212 4571 251 4626 111
264 4570 409 4626 diaeonus
419 4567 545 4640 jubente
560 4569 735 4639 presbytero
751 4568 862 4623 666661.
962 4563 988 4625 D
1006 4569 1055 4623 liei
1070 4574 1099 4623 et
1113 4567 1292 4623 ordinatoris
1308 4565 1365 4620 sui.

146 4660 192 4714 82.
209 4659 248 4715 Ut
263 4659 406 4714 61666666
423 4673 525 4713 eoram
538 4658 714 4728 presbytera
730 4657 842 4712 sedeat.

148 4747 192 4805 68.
208 4748 246 4805 b't
270 4748 415 4804 diaconus
428 4750 561 4818 tempore
575 4749 687 4801 tantum
714 4746 805 4802 efficii
824 4747 889 4802 alba
904 4747 949 4803 ia·

117 4828 231 4892 666166.

156 4923 196 4981 61.
210 4925 250 4982 Ut
267 4925 399 4981 minores
416 4924 537 4981 ordines
553 4924 719 4997 majoribus
736 4925 795 4981 sint
810 4925 950 4997 subjecti.

1041 4655 1087 4713 89.
1102 4656 1165 4721 Quo
1181 4653 1277 4709 aetotis
1298 4656 1428 4723 ternpore
1451 4651 1659 4723 presbyterum
1683 4647 1839 4705 conveniat

1006 4745 1146 4801 ordinari.

1042 4833 1085 4890 90.
1103 4835 1145 4888 lle
1163 4848 1266 4889 eorum
1280 4831 1479 4905 promissione
1494 4830 1543 4902 qui
1559 4829 1597 4884 ad
1615 4828 1729 4901 gradus
1745 4827 1838 4883 eccle-

1006 4924 1146 4979 siastices
1161 4925 1381 4992 promoventur.

160 5011 199 5068 66.
210 5014 290 5070 Gued
310 5013 428 5069 6166661
449 5014 630 5086 6666166611
647 5017 718 5070 6661
740 5015 884 5085 66166661,
901 5014 952 5086 qui
1042 5011 1086 5067 81.
1103 5011 1186 5076 Quod
1202 5011 1374 5065 sacerdotes
1385 5025 1443 5064 non
1454 5011 1573 5080 6666166
1581 5008 1696 5062 aetatem
1707 5006 1760 5062 666
1771 5021 1839 5078 pre-

138 5095 356 5156 riemlustrare
371 5100 480 5156 debent
494 5101 663 5172 ecclesiam,
676 5104 704 5157 et
719 5101 828 5155 docere
845 5101 950 5156 laicos.

164 5183 289 5256 180666
306 5190 338 5245 16
352 5205 529 5261 unaquaque
545 5190 661 5245 civitate
677 5190 786 5244 debent
810 5206 881 5245 6666
900 5207 951 5246 se·

87 5262 89 5273 ¹
146 5273 326 5335 uaeramus
341 5278 392 5349 qai
407 5276 574 5332 custodient
588 5278 772 5348 episcopum.

168 5360 201 5420 61.
211 5366 293 5434 Quod
306 5366 435 5422 ministri
459 5367 540 5421 sacri
554 5365 656 5421 altaris
680 5371 798 5421 cantare
823 5382 881 5422 non
897 5367 950 5424 de·

146 5441 281 5525 1661666
297 5454 501 5528 predicationi
519 5458 547 5511 61
561 5455 760 5526 eleemosynis
776 5471 892 5511 vacare.

167 5599 199 5689 11)Ι
207 5606 286 5665 111611
300 5604 472 5690 6116616666
485 5606 668 5665 6666166616
681 5608 765 5665 textu
773 5608 833 5665 nisi
845 5607 951 5664 Hiere-

138 5677 951 5833 666666666666666

1008 5105 1072 5173 6166
1086 5101 1260 5172 sapientiem
1275 5098 1442 5171 presbyteri
1456 5098 1602 5152 dicuntur.

1042 5189 1076 5244 88
1090 5190 1172 5254 Quod
1188 5189 1213 5242 si
1230 5189 1345 5242 diaconi
1361 5186 1462 5241 nolunt
1478 5185 1507 5238 in
1522 5185 1699 5256 presbyterii
1714 5185 1839 5257 gradum

1007 5278 1186 5349 promoveri,
1212 5278 1248 5331 de
1273 5275 1417 5347 acolythis
1441 5277 1470 5329 et
1494 5274 1686 5330 subdiaconis
1701 5276 1750 5346 qui
1771 5276 1840 5329 sunt

1007 5369 1107 5423 idonei
1121 5367 1303 5435 ordinentur,
1319 5369 1347 5419 et
1361 5363 1421 5418 illis
1445 5364 1558 5419 honere
1579 5366 1667 5436 atque
1686 5362 1839 5418 commodo

1006 5456 1212 5528 praeferantur.

1007 5607 1150 5678 caverint,
1167 5610 1195 5661 et
1209 5605 1402 5678 episcopatus
1416 5605 1628 5663 necessitatem
1641 5607 1730 5689 etque
1742 5598 1840 5659 excel·

1008 5679 1131 5750 lentiam
1157 5693 1252 5750 supra
1270 5675 1508 5760 presbyteratum
1530 5677 1736 5746 asseruerint,
1760 5672 1841 5734 baed

1006 5764 1083 5829 6666
1097 5752 1145 5809 661
1159 5748 1208 5808 616
1222 5748 1333 5808 diutius
1348 5748 1509 5827 disputare.
