3900 6112
170 306 247 369 1⁴7⁵
641 300 881 364 GUlThtUNDl
898 298 1166 363 ARCHIEPlSC.
1183 299 1409 365 avenacia.
1566 349 1569 354 .
1814 298 1885 362 1476

169 512 255 566 modo
268 507 426 564 voluntatis
437 506 533 560 unitas
545 505 700 571 asseritur,
713 519 779 557 cum
790 501 933 555 naturalis
948 516 1002 570 per
1015 482 1041 537 Α
1055 499 1124 554 dum
1140 515 1258 555 carnem
1273 516 1327 569 per
1341 500 1553 568 eumvivimus,
1565 499 1662 565 idest,
1678 501 1815 552 naturam
1831 516 1887 555 saa

169 601 385 655 sacramentum
400 595 565 666 proprietas
575 593 715 663 perlectae
728 592 766 645 sit
781 594 1001 645 sacramentum
1056 590 1155 643 carnis
1170 589 1276 660 adepti,
1294 589 1441 661 quomodo
1458 605 1517 642 non
1537 588 1713 642 naturaliter
1729 588 1888 642 secundum

169 688 314 743 unitatis?
329 686 396 740 Non
410 684 597 739 esthamano
612 685 661 736 aut
676 680 883 736 saeeulisensu
899 679 927 731 in
948 678 1000 732 Dei
1056 677 1193 746 spiritam
1212 678 1242 730 in
1258 692 1291 732 se
1305 678 1422 731 Patrem
1439 677 1554 742 habeat,
1572 691 1641 731 cum
1662 676 1745 728 vivat
1760 676 1826 745 ipse
1841 693 1889 745 per

169 777 261 831 rebus
272 773 451 844 loquendum
464 788 469 825 :
484 785 579 841 neque
594 786 647 841 par
663 769 830 824 violentiam
845 771 932 839 etqua
948 768 999 819 im·
1055 766 1203 819 Patrem?-
1221 765 1386 821 lloototum
1398 781 1435 820 ex
1446 764 1577 835 predicto
1589 764 1622 819 B.
1633 763 1741 817 Hilarii
1753 764 1829 818 libro
1844 781 1889 819 se·

170 866 344 936 prudentem
356 861 596 932 praedicationem
606 859 770 913 coelestium
780 858 923 912 dictorum
934 870 1002 909 asa·
1056 854 1152 908 riatim
1167 854 1215 907 hic
1235 854 1301 909 ideo
1324 856 1511 924 interponere
1524 853 1614 922 volui,
1633 856 1665 906 ut
1679 859 1840 923 perspecta
1853 857 1891 907 at·

170 944 1001 1020 nitatealienaeatqueimpiaeintelligentiaeextorquenda
1055 943 1165 996 tentius
1193 942 1283 997 totius
1313 943 1523 1013 disputationis
1551 942 1643 1012 liujus
1666 943 1756 1008 ratio,
1774 942 1889 1012 quidde

169 1041 351 1114 perversitas
363 1042 417 1095 est.
429 1037 500 1103 Quae
516 1037 626 1107 scripta
640 1039 710 1090 sunt
722 1035 870 1106 legamus,
889 1037 917 1087 et
933 1049 1000 1103 quaa
1056 1032 1178 1085 veritate
1189 1030 1331 1085 Dominici
1344 1032 1488 1100 corporiS,
1501 1031 1623 1103 quodde
1632 1030 1720 1084 altari
1737 1031 1892 1103 sumimus,

169 1132 332 1202 legerimus
344 1128 555 1199 intelligamus
567 1130 595 1179 et
606 1129 665 1179 tam
675 1124 814 1194 perlectae
826 1122 1000 1177 tldeiofficie
1055 1119 1160 1173 beatas
1168 1119 1276 1174 sentiat
1292 1119 1434 1187 Hilarius,
1451 1120 1619 1174 invariabili
1644 1119 1826 1174 certitudine
1840 1135 1890 1173 nos

173 1220 342 1291 tangemur.
360 1217 401 1271 lle
420 1214 543 1269 naturali
557 1214 633 1268 enim
650 1214 678 1266 in
694 1212 781 1266 nobis
797 1211 906 1265 Christi
922 1209 1000 1263 veri·
1056 1207 1224 1277 perdoceat.
1246 1207 1355 1262 Probat
1383 1223 1509 1278 namque
1537 1199 1711 1278 disputator
1740 1206 1889 1276 mirabilis,

170 1314 230 1364 tate
256 1323 321 1378 qnae
345 1305 483 1377 dicimus,
500 1302 557 1356 nisi
572 1302 609 1356 ab
625 1317 660 1356 eo
675 1300 842 1369 didicimus,
861 1299 948 1353 stulte
964 1301 1003 1351 at-
1056 1295 1125 1366 qnia
1139 1296 1227 1349 Pater
1241 1296 1412 1350 naturaliter
1426 1295 1510 1350 estin
1526 1294 1612 1365 Filio,
1632 1296 1662 1349 id
1679 1300 1741 1366 est,
1754 1298 1892 1351 substan·

170 1414 227 1469 que
242 1396 330 1465 impie
346 1395 483 1447 dicimus.
499 1393 568 1460 lpse
584 1390 661 1444 enim
678 1390 716 1443 ait
733 1405 738 1443 :
757 1388 833 1443 Caro
848 1403 910 1442 mea
931 1401 1002 1442 vera
1055 1383 1173 1439 tialiter.
1191 1384 1283 1438 Aliter
1293 1385 1371 1438 anim
1391 1384 1468 1438 istud
1485 1385 1659 1439 naturaliter
1669 1401 1733 1440 non
1749 1385 1837 1440 debet
1849 1387 1891 1441 in-

171 1493 216 1542 est
233 1501 311 1553 asca,
327 1490 357 1539 et
371 1482 495 1554 sanquis
509 1496 592 1534 mous
608 1495 680 1534 vere
698 1483 743 1532 est
752 1482 848 1549 potas.
869 1476 923 1541 Qui
939 1476 1001 1530 edit
1055 1472 1159 1541 telligi.
1190 1472 1263 1525 Nam
1279 1473 1316 1527 de
1332 1472 1517 1527 substantiali
1542 1472 1654 1527 unitate
1667 1472 1773 1528 Patris
1788 1479 1816 1529 et
1832 1473 1891 1528 Filii

170 1591 289 1631 carnem
305 1588 408 1642 meam,
422 1577 451 1625 at
466 1569 543 1624 bibit
559 1568 732 1639 sanquinem
747 1567 1003 1634 ineam,inmema·
1056 1564 1115 1615 tota
1125 1564 1225 1615 contra
1237 1562 1497 1632 Arianosquoestio
1507 1563 1699 1616 versabatur.
1719 1562 1784 1618 Nec
1800 1563 1894 1633 dispa-

170 1671 220 1720 net
233 1669 261 1718 et
280 1678 333 1734 eqo
347 1661 377 1714 in
403 1676 437 1714 co
451 1659 545 1724 (doen.
563 1658 629 1728 vd„
641 1656 682 1710 De
707 1656 828 1711 varitate
854 1655 952 1708 carnis
975 1655 1002 1706 et
1056 1649 1343 1720 tatorperitissimus
1358 1653 1512 1719 tantopere
1526 1650 1599 1705 illud
1619 1652 1778 1721 probarat,
1794 1653 1852 1706 nisi
1865 1653 1891 1705 in

170 1752 462 1825 sangninisnonest
485 1747 606 1802 relictus
621 1744 792 1816 ambigendi
806 1744 899 1798 locus.
916 1743 1002 1797 Nune
1057 1739 1220 1810 questione
1249 1741 1340 1793 esset.
1357 1739 1389 1792 ld
1412 1741 1508 1792 autem
1536 1754 1593 1813 per,
1618 1740 1676 1794 hoc
1693 1740 1891 1810 probat,quia

169 1843 248 1897 enim
263 1843 291 1895 et
307 1839 401 1908 ipsius
419 1824 534 1890 llomini
557 1833 756 1904 professione,
772 1837 801 1887 et
828 1833 885 1887 ilde
900 1836 1001 1887 nostra
1018 1832 1040 1886 B
1056 1827 1238 1896 naturaliter,
1254 1826 1350 1895 idest,
1367 1827 1793 1898 substantialiteripsaFilius
1808 1832 1890 1884 estin

170 1946 240 1984 vere
258 1944 326 1983 caro
341 1932 396 1989 est,
411 1929 439 1979 et
455 1939 523 1979 vare
542 1923 667 1995 sanguis
683 1925 738 1992 est,
758 1925 786 1976 et
802 1922 866 1976 baec
881 1924 1002 1990 accepta
1056 1916 1153 1972 nobis.
1167 1916 1233 1972 Non
1244 1917 1321 1970 enim
1331 1921 1359 1970 et
1369 1917 1449 1971 istud
1458 1917 1700 1972 naturaliter-alio
1712 1918 1801 1972 modo
1816 1919 1890 1973 intel·

169 2023 256 2088 atque
281 2016 386 2070 hausta
410 2015 437 2067 id
462 2012 605 2080 efficiunt,
629 2015 660 2065 ut
684 2013 711 2064 et
726 2026 781 2064 nos
796 2011 825 2062 tn
840 2009 958 2063 Christo
973 2013 1002 2064 at
1056 2005 1109 2077 ligi
1118 2005 1215 2061 debat.
1233 2005 1307 2059 Nam
1319 2005 1346 2059 si
1355 2005 1414 2061 alio
1430 2007 1750 2077 modointelligaretur
1761 2011 1819 2062 tota
1833 2009 1892 2078 ipsa

168 2106 308 2161 Christus
323 2105 352 2157 in
381 2103 467 2157 nobis
483 2103 531 2156 sit.
553 2104 637 2154 Anne
653 2100 709 2153 hoc
725 2098 835 2153 veritas
861 2099 1001 2152 nonest?
1056 2094 1215 2163 disputatio
1238 2093 1397 2148 vacillaret·
1416 2094 1567 2160 Qu⁰¹¹¹0d⁰
1594 2096 1675 2149 flnlm
1697 2100 1805 2150 ⁰0⁸¹ffl
1831 2111 1892 2150 ⁰¹¹¹ss

169 2193 421 2266 Contingatplane
437 2192 473 2244 iis
485 2206 586 2244 verum
610 2206 667 2244 non
689 2203 769 2256 esse,
787 2189 836 2259 qui
851 2187 1001 2242 Christum
1055 2181 1173 2236 Christo
1189 2182 1288 2236 unitas
1305 2182 1331 2236 si
1343 2183 1548 2237 substantialis
1564 2199 1624 2238 non
1643 2188 1745 2252 esset,
1760 2184 1892 2238 Patriset

168 2284 272 2340 tasum
295 2296 398 2336 verum
413 2295 483 2334 esso
506 2279 596 2333 Deum
622 2276 803 2348 negantEst
818 2291 890 2347 argo
904 2278 934 2329 in
949 2290 1001 2328 no·
1055 2269 1166 2325 Christi
1184 2271 1324 2325 unitatem
1336 2272 1561 2328 substantialem
1571 2273 1741 2342 probaret?
1757 2289 1825 2327 cum
1840 2273 1891 2326 sibi

168 2373 216 2427 bis
227 2374 290 2441 ipse
304 2386 357 2441 per
367 2384 495 2436 carnem,
512 2373 539 2423 et
554 2367 698 2421 samusin
710 2364 1000 2435 eo,dumsecundum
1055 2360 1124 2414 hinc
1141 2361 1236 2430 magis
1252 2361 1353 2414 Ariani
1380 2365 1588 2432 argumentum
1616 2365 1745 2417 econtra
1768 2362 1892 2416 contice-

168 2461 225 2516 hoc
240 2459 319 2531 qaod
334 2473 438 2513 sumus
454 2458 518 2527 ipse
534 2460 580 2510 est
593 2456 661 2524 (hoc
678 2454 758 2525 quod
779 2469 834 2508 nos
850 2469 955 2508 snmus
969 2454 1000 2506 in
1055 2452 1129 2516 rent,
1142 2463 1177 2503 eo
1189 2450 1266 2519 quod
1278 2449 1356 2504 sicut
1371 2454 1475 2504 nostra
1490 2467 1557 2505 cum
1566 2449 1691 2506 Christo
1704 2452 1817 2521 unitas,
1833 2467 1893 2523 qua

169 2550 308 2618 Deoost).
321 2546 525 2616 Quamtquod)
540 2549 637 2598 autem
652 2544 682 2598 in
709 2559 744 2598 eo
759 2558 812 2612 per
827 2556 999 2597 sacramen·
1054 2537 1283 2607 adprehendam
1294 2538 1389 2593 Patris
1400 2543 1429 2593 et
1439 2538 1506 2593 Filii
1516 2540 1657 2594 unitatem
1677 2539 1814 2610 affertur,
1827 2541 1894 2595 sub·

168 2641 229 2692 tum
245 2636 468 2690 communicatae
484 2633 582 2686 carnis
599 2637 626 2686 et
640 2631 796 2701 sanguinis
812 2631 917 2697 simas,
935 2632 1000 2699 ipsa
1055 2626 1208 2681 stantialis
1237 2642 1295 2681 non
1319 2631 1411 2696 esset,
1440 2629 1477 2683 ita
1506 2628 1581 2683 inter'
1611 2627 1894 2684 PatremetFiliam

168 2728 302 2792 testatur,
315 2724 434 2777 dicens:
449 2721 484 2774 Et
496 2721 542 2773 hio
558 2721 684 2774 mundas
696 2720 758 2790 jam
774 2735 820 2773 ma
836 2734 894 2773 non
911 2719 998 2788 videt,
1055 2719 1273 2787 consequenter
1287 2716 1411 2788 intelligi
1422 2720 1558 2786 oportere
1566 2718 1796 2788 confirmarent,
1810 2720 1894 2789 haias

169 2816 335 2868 vosautem
352 2826 398 2865 me
414 2811 531 2879 videtiS,
553 2810 691 2880 quoniam
720 2825 777 2880 ogo
806 2807 883 2878 vivo,
900 2809 931 2862 et
945 2823 999 2862 vos
1054 2806 1151 2875 ipsius
1180 2805 1351 2861 auctoritate
1378 2806 1515 2877 nitentes,
1546 2807 1597 2878 qui
1616 2806 1658 2862 ait
1676 2822 1683 2861 :
1700 2807 1809 2862 Omnis
1824 2809 1894 2863 enim

168 2903 285 2958 vivatis.
296 2903 328 2955 lu
339 2903 386 2955 illa
398 2901 444 2954 die
459 2916 512 2954 vos
523 2899 724 2971 cognoscetis,
741 2896 880 2968 quoniam
896 2912 952 2967 ego
969 2897 998 2950 in
1055 2895 1233 2964 comparatio
1244 2895 1279 2948 ad
1292 2895 1494 2967 intelligentia
1505 2895 1630 2951 formam
1640 2898 1853 2967 praesumitur,
1869 2900 1895 2950 ut

167 2991 255 3046 Patre
266 3007 331 3046 meo
342 2994 370 3045 et
378 3006 433 3045 vos
443 2992 473 3045 in
486 3005 542 3057 ma,
560 2992 588 3043 et
603 3003 659 3059 ego
675 2988 704 3041 in
721 2986 806 3040 vobis
816 2986 910 3055 (dean.
925 2986 997 3054 xiv).
1054 2983 1136 3037 idda
1151 2999 1210 3054 quo
1225 2985 1333 3055 agitur,
1345 2985 1508 3039 secundum
1523 2987 1716 3056 propositum
1731 2987 1894 3057 exemplum

167 3081 198 3136 Si
224 3080 383 3136 voluntatis
415 3083 525 3133 tantum
564 3078 702 3131 unitatem
742 3075 866 3146 intelligi
900 3074 997 3145 vellet,
1055 3087 1262 3143 assequamur.
1284 3072 1406 3127 Constat
1421 3088 1493 3144 ergo
1510 3077 1538 3128 et
1553 3074 1774 3144 disputationis
1791 3075 1896 3129 ratione

168 3187 221 3225 cur
250 3171 373 3242 gradum
403 3167 559 3239 quemdam
587 3168 674 3236 atque
703 3165 836 3219 ordinem
862 3178 999 3217 consum·
1055 3161 1225 3231 etajusdem
1238 3161 1295 3215 viri
1307 3162 1623 3234 auctoritatecogente,
1634 3164 1709 3233 quia
1720 3165 1897 3218 naturaliter

168 3259 282 3312 mendae
299 3257 417 3311 unitatis
438 3256 584 3325 exposuit,
600 3253 658 3307 nisi
674 3255 706 3305 ut
722 3267 787 3307 cum
803 3251 852 3304 ille
868 3251 897 3304 in
915 3251 1000 3304 Patre
1018 3286 1041 3343 C
1055 3250 1104 3305 hic
1114 3266 1167 3321 pro
1179 3250 1421 3305 substantialiter
1431 3251 1761 3321 estaccipiendum.E1
1774 3254 1831 3306 hoc
1846 3253 1895 3323 igi-

166 3361 221 3416 per
237 3347 371 3399 naturam
380 3342 543 3397 divinitatis
555 3344 647 3408 esset,
664 3355 719 3394 nos
735 3342 837 3392 contra
853 3338 882 3391 in
898 3352 932 3391 eo
948 3353 1001 3407 per
1056 3340 1431 3412 turdispatatoregregius
1442 3339 1897 3414 hujusmodicontlcitsyllogis-

168 3435 352 3504 corporalcm
364 3431 431 3501 ejus
440 3431 629 3496 nativitatem,
639 3428 723 3482 atille
738 3442 857 3482 rursum
867 3428 898 3480 in
913 3427 1000 3480 nobie
1055 3443 1135 3482 mum
1148 3445 1153 3482 :
1166 3428 1202 3482 si·
1211 3427 1350 3482 Christus
1367 3429 1398 3483 in
1422 3429 1509 3483 nobis
1524 3432 1570 3484 ast
1586 3431 1782 3499 naturaliter,
1800 3433 1891 3498 idest,

167 3537 221 3593 per
236 3525 488 3577 sacramentorum
504 3519 571 3589 ejas
586 3518 687 3572 inesse
703 3517 876 3589 mysterium
895 3515 999 3570 crede·
1056 3517 1299 3587 substantialiter,
1307 3533 1365 3572 non
1375 3520 1486 3572 tantum
1495 3533 1548 3589 per
1558 3520 1758 3575 concordiem
1769 3522 1893 3575 volunta·

167 3615 250 3665 retur
262 3627 267 3664 :
280 3626 314 3663 ac
333 3611 358 3663 si
378 3610 507 3679 perlecta
523 3623 576 3677 per
591 3606 780 3662 Mediatorem
796 3606 894 3660 unitas
910 3606 999 3660 doce·
1054 3607 1103 3670 tis;
1117 3606 1241 3661 etPater
1255 3607 1285 3660 in
1298 3606 1417 3662 Christo
1432 3608 1613 3675 naturaliter,
1632 3608 1736 3678 idest,
1757 3612 1892 3666 substan-

170 3697 478 3768 retar,cumnobisin
495 3713 528 3752 se
546 3694 999 3766 manantibusipsemaneratin
1054 3695 1171 3766 tialiter,
1195 3710 1253 3750 non
1280 3698 1392 3750 tantum
1419 3712 1472 3766 per
1500 3697 1694 3752 concordiam
1724 3700 1892 3755 voluntatis.

167 3787 265 3856 Patre,
281 3789 310 3841 et
325 3788 354 3840 in
364 3787 449 3841 Patre
466 3801 599 3853 manens,
613 3789 744 3839 maneret
760 3785 788 3838 in
805 3784 901 3853 nobis,
918 3786 947 3838 at
959 3783 1000 3837 ita
1056 3784 1548 3857 Hancpropositionemassumptio
1558 3787 1778 3857 comitatur,ab
1790 3792 1895 3844 sutem·

168 3875 204 3929 ad
228 3875 368 3931 unitatem
392 3875 489 3930 Patris
514 3874 738 3944 proficeremus,
761 3889 828 3928 cum
852 3872 902 3944 qui
919 3873 948 3926 in
964 3887 999 3927 ao
1054 3872 1317 3927 dentihocmodo:
1331 3872 1490 3928 Estautem
1505 3872 1647 3928 Christus
1664 3877 1854 3946 naturaliter,
1869 3876 1893 3929 id

168 3964 340 4019 naturaliter
367 3965 455 4035 inest,
485 3979 541 4018 nos
569 3979 686 4035 qaoque
715 3964 744 4016 in
769 3978 804 4018 eo
829 3961 1000 4017 naturaliter
1055 3960 1894 4035 est,substantialiterinnobis,nontantumperconcor·

167 4052 348 4121 inessemus,
366 4054 431 4123 ipso
446 4054 475 4106 in
496 4054 582 4108 nobis
606 4052 777 4108 naturaliter
800 4053 998 4121 permanente.
1055 4052 1314 4109 diamvoluntatis.
1335 4048 1428 4115 Quam
1442 4050 1683 4121 assumptionem
1698 4054 1835 4109 mirabili
1848 4069 1893 4124 pe·

167 4141 259 4208 Quam
277 4143 378 4213 (qaod)
394 4146 491 4197 autem
518 4143 659 4196 naturalis
674 4143 702 4195 in
719 4141 806 4196 nobis
823 4140 886 4194 hoeo
903 4139 1000 4194 unitas
1055 4142 1121 4197 ritia
1137 4141 1307 4212 disputandi
1322 4140 1532 4212 interrogando
1559 4139 1665 4195 maluit
1688 4158 1819 4213 ponere,
1835 4150 1894 4197 tan·

167 4231 216 4300 sit,
232 4232 462 4303 ipseattestatus
478 4234 545 4286 est:
566 4229 620 4295 Qui
636 4230 698 4285 edit
714 4245 833 4284 carnem
849 4244 953 4297 meam,
970 4233 1000 4282 et
1056 4248 1143 4305 quam
1171 4232 1400 4301 responsionem
1435 4229 1671 4301 interrogatione
1702 4234 1892 4304 extorquens,

166 4319 246 4374 bibit
261 4321 435 4391 sanquinem
451 4336 555 4388 meam,
572 4320 604 4373 in
618 4335 665 4373 me
687 4324 786 4374 inerrat
802 4325 831 4372 et
847 4334 901 4390 apo
915 4319 946 4371 in
966 4333 1001 4373 eo
1055 4338 1122 4377 carn
1134 4321 1191 4375 ait:
1206 4319 1282 4375 «Eos
1298 4334 1376 4373 nanc
1390 4319 1441 4390 qui
1456 4319 1532 4373 inter
1547 4319 1670 4373 Patrem
1678 4323 1708 4374 et
1719 4318 1833 4376 Filium
1847 4335 1893 4375 va·

166 4407 260 4478 (dean.
278 4410 317 4474 vr)
346 4411 413 4464 Non
441 4410 519 4462 enim
543 4409 610 4478 quis
630 4409 660 4461 in
680 4423 714 4462 eo
731 4407 832 4478 (inse)
854 4408 918 4476 erit,
940 4407 1000 4462 nisi
1054 4410 1175 4465 luntatis
1191 4410 1331 4482 ingerunt
1345 4408 1486 4462 unitatem
1510 4407 1665 4479 interrogo
1681 4411 1827 4465 utrumne
1849 4424 1893 4480 per

166 4497 351 4568 inquoipse
376 4496 485 4551 luerit:
503 4496 695 4568 ejustantum
722 4497 786 4566 ipsa
816 4499 999 4566 assumptam
1055 4501 1168 4553 naturae
1190 4498 1344 4552 veritatem
1371 4496 1459 4550 hodie
1483 4494 1893 4566 Christusinnobissit,an

166 4584 281 4640 habens
297 4601 426 4654 carnem,
437 4587 488 4655 qui
503 4601 587 4639 suam
598 4585 768 4655 sumpserit.
786 4584 929 4639 Persectae
945 4600 998 4637 au·
1054 4605 1106 4658 per
1118 4587 1305 4643 concordiam
1320 4585 1495 4641 voluntatis?
1508 4607 1518 4632 a
1533 4584 1648 4639 Deinde
1665 4585 1765 4657 hujus
1781 4603 1890 4642 assum·

166 4676 224 4728 tem
241 4674 331 4745 hujus
348 4674 467 4727 unitatis
484 4677 699 4729 sacramentam
716 4673 855 4743 superias
866 4672 929 4743 ,jam
944 4673 998 4726 do·
1015 4661 1038 4714 l)
1055 4675 1323 4746 ptionisprobatio:
1338 4675 1383 4729 «Si
1395 4675 1552 4729 enimvera
1563 4672 1784 4731 Verbumearo
1794 4675 1892 4730 lactan

167 4766 278 4833 onerat,
292 4761 568 4816 dioens:Sicntme
582 4763 665 4816 misit
684 4762 769 4815 vivus
783 4760 886 4826 Pater,
905 4767 934 4815 et
945 4776 1000 4832 eqo
1055 4768 1111 4835 ast,
1139 4768 1167 4820 et
1194 4779 1264 4819 vere
1294 4779 1350 4818 nos
1377 4763 1508 4818 Verbum
1535 4777 1660 4816 carnem
1691 4763 1808 4820 lactum
1835 4765 1892 4818 cibo

169 4853 236 4906 vivo
248 4868 306 4922 per
319 4851 463 4906 Patrem:
479 4858 508 4906 et
524 4869 572 4923 qm
587 4851 742 4917 manducat
757 4865 851 4904 meam
867 4866 997 4919 carnem,
1055 4854 1207 4908 Dominieo
1219 4853 1377 4923 sumimus3
1388 4875 1399 4900 a
1411 4851 1558 4922 quomodo
1568 4865 1628 4905 non
1644 4854 1827 4908 naturaliter
1841 4868 1892 4906 ma

167 4947 196 4995 et
210 4942 274 5012 ipse
287 4942 367 4994 vivet
381 4957 492 5011 parma
507 4939 700 5010 (lbr'cl.).l'ivit
710 4955 782 5010 ergo
797 4955 850 5009 per
865 4939 997 5005 Petrem;
1054 4958 1127 4999 nere
1136 4944 1166 4997 in
1176 4943 1265 4997 nobis
1275 4941 1491 4997 existimandus
1506 4944 1551 4994 est
1566 4940 1616 5011 qui
1628 4943 1660 4994 et
1670 4943 1814 4997 naturam
1828 4956 1887 4998 aare

166 5029 423 5099 etquomodoper
442 5031 559 5084 Patrem
577 5029 767 5096 vivit,aodem
782 5029 999 5097 modonosper
1054 5032 1102 5086 nis
1118 5036 1229 5086 nostrae
1253 5029 1316 5101 jam
1341 5029 1569 5100 inseparabilem
1596 5028 1659 5083 sibi
1690 5030 1785 5087 homo
1813 5036 1891 5085 natue

166 5118 367 5189 carnemejus
386 5119 526 5174 vivimus.
543 5118 737 5172 Omnisenim
763 5118 943 5187 comparatio
959 5118 994 5171 ad
1054 5120 1228 5190 assumpsit,
1257 5122 1285 5174 et
1309 5122 1442 5173 naturam
1471 5117 1570 5172 carnis
1600 5132 1669 5173 suae
1698 5119 1738 5174 ad
1764 5125 1890 5176 naturam

166 5205 368 5276 intelligentiae
380 5208 502 5263 sormam
514 5208 713 5278 praesumitur,
729 5211 759 5261 nt
774 5206 803 5260 id
819 5206 919 5276 dequo
936 5206 998 5278 agi·
1054 5209 1225 5265 aeternitatis
1236 5208 1424 5279 (subauditur
1438 5209 1604 5262 contentam
1619 5208 1682 5262 sub
1697 5211 1892 5274 sacramanto>

167 5294 215 5344 tur
230 5296 392 5350 secundum
408 5299 592 5367 propositum
607 5296 774 5366 exemplum
790 5311 996 5366 assequamur.
1053 5298 1141 5353 nobis
1161 5297 1412 5352 communicanda
1428 5296 1527 5351 carnis
1543 5295 1723 5352 admiscuit?
1739 5298 1778 5353 Et
1793 5302 1890 5353 caten

168 5378 411 5452 Haecergovitae
436 5389 652 5441 nostrracausa
682 5387 737 5452 est,
759 5385 837 5456 quod
866 5383 998 5438 innubis
1054 5387 1431 5459 quaesequuntnridipsam
1446 5385 1604 5439 inculcant.
1623 5383 1890 5458 thuasiquaere-

168 5469 338 5523 carnalibus
353 5479 518 5529 manentem
534 5490 588 5544 per
607 5489 725 5528 earnem
740 5472 890 5527 Christum
905 5472 998 5527 habe·
1054 5475 1278 5540 reszlluomodo
1296 5475 1360 5529 scio
1385 5472 1464 5545 quod
1485 5472 1617 5528 Verbum
1637 5489 1765 5530 carnem
1792 5477 1891 5530 lactum

169 5568 246 5626 mus,
262 5558 386 5614 victuris
414 5561 500 5616 nobis
524 5578 577 5633 per
605 5578 720 5618 aumea
748 5562 926 5632 conditione,
943 5577 1001 5633 qua
1056 5564 1292 5621 ciboDominico
1316 5563 1472 5632 sumimus,
1489 5561 1537 5616 vel
1561 5561 1644 5633 quod
1672 5568 1813 5620 naturam
1833 5576 1889 5618 sne

168 5642 296 5703 vivititle
303 5648 489 5718 pereanem.
500 5649 532 5705 Si
546 5666 685 5726 argones
702 5650 874 5710 naturaliter
888 5667 999 5708 secun·
1054 5654 1155 5712 earnis
1165 5653 1222 5712 snb
1233 5655 1421 5711 sacramanto
1431 5650 1790 5712 nobiaoommuniosndaa
1801 5650 1889 5709 carnis
