3900 6112
103 237 164 302 eet

793 235 894 299 VITA
910 235 944 300 S.
961 234 1156 302 ELPHEGI.

1773 243 1832 313 382

104 442 174 494 cato
189 438 301 511 populo
325 438 365 494 eit
381 455 387 492 :
406 456 418 487 ι
436 436 518 494 Forti
538 436 634 493 animo
650 437 754 505 estote,
776 436 868 492 Deum
884 417 982 506 preA
1000 439 1189 509 praepeditur,
1201 440 1329 495 vinculis
1341 440 1446 511 palmae
1464 400 1664 513 innectuntur,
1678 459 1763 517 genae
1776 460 1830 501 un·

103 527 208 582 oculis
222 527 351 597 habete,
369 531 479 597 praeter
494 544 560 584 eum
584 527 634 600 qui
650 543 761 597 corpus
776 529 805 581 et
819 527 945 579 animam

101 619 207 689 potest
221 617 348 687 perdere
363 617 393 672 in
403 616 580 690 gebennam,
590 617 662 672 nihil
677 615 841 684 formidate,
853 617 944 671 humi·

103 702 221 759 litatem
236 707 266 759 et
280 705 449 775 patientiam
474 708 600 759 servate.
618 703 756 760 Christus
772 707 859 775 enim,
877 721 944 759 cum

104 792 189 847 Deus
206 797 300 861 essct,
319 796 349 848 et
363 793 460 848 omnia
475 793 518 847 illi
535 794 619 848 Peter
633 794 662 847 in
677 809 782 849 manus
798 794 940 863 dedisset,

106 880 143 936 de
157 880 293 936 inimicis
307 882 414 937 ulcisci
429 897 463 937 se
479 883 589 952 noluit,
610 883 664 938 sed
681 883 812 956 gladium
837 883 942 937 ltalchi

107 971 257 1045 sangnine
273 976 427 1027 eruentem
442 972 472 1026 in
487 973 624 1043 vaginam
640 971 942 1044 recondijussittl).·

139 1058 167 1113 8.
186 1058 566 1133 Cantnariamexpnpnant.
576 1060 767 1116 lliserabilis
774 1060 943 1116 cantuarie

111 1154 214 1205 natue
225 1178 263 1188 -
276 1148 411 1205 Obsessa
425 1149 543 1204 tandem
558 1165 574 1203 a
591 1149 682 1204 Denis
700 1150 817 1204 civitate
832 1165 885 1220 per
901 1151 945 1204 vi·

111 1236 271 1311 gintidies,
287 1241 318 1293 et
331 1237 475 1310 quidquid
489 1237 526 1292 ad
541 1253 628 1293 usum
644 1239 712 1293 vitre
727 1239 809 1293 cives
821 1254 943 1309 parave-

113 1332 176 1382 rant
191 1326 350 1396 exhausto,
362 1327 511 1382 mittitura
522 1327 659 1398 pontifice
669 1328 720 1399 qui
730 1328 822 1382 Danis
833 1343 945 1401 sugge-

1001 527 1111 600 guibus
1127 528 1325 596 dissecentur,
1343 529 1451 602 pugnis
1469 533 1498 584 et
1512 531 1644 586 calcibus
1660 533 1751 588 latera
1767 537 1832 590 tun·

1001 616 1119 671 duntur.
1128 616 1293 672 Ecclesiam
1309 634 1427 690 quoque
1442 619 1505 691 igni
1520 621 1696 676 comburunt
1706 622 1756 692 (8),
1767 640 1833 696 gre-

1001 720 1069 777 gem
1087 704 1240 759 Dominiin
1256 723 1308 761 ore
1324 705 1611 778 gladiicousumunt,
1622 711 1831 780 etepiscopum

1002 797 1115 864 septem
1123 795 1400 850 mensibusinarcto
1408 810 1527 851 carcere
1535 797 1833 855 custodiuntlnterea

1003 883 1090 952 coepit
1099 883 1140 936 ira
1153 883 1203 938 llei
1215 884 1244 938 in
1260 885 1581 956 homicidampopulum
1590 885 1664 941 edeo
1673 887 1829 954 desaevlre,

1003 973 1033 1025 ut
1048 986 1138 1041 parvo
1150 974 1290 1042 temporis
1299 974 1453 1029 intervallo
1462 975 1579 1030 duobus
1591 975 1832 1031 eorummillibus

1001 1074 1056 1129 per
1078 1059 1160 1114 diros
1181 1062 1329 1116 viscerum
1354 1065 1504 1118 eruciatus
1526 1066 1696 1134 prostratis,
1723 1070 1833 1121 caetera

1000 1163 1118 1219 quoquc
1133 1149 1286 1205 multitudo
1297 1151 1433 1206 similiter
1447 1168 1591 1221 percussa
1603 1153 1700 1208 simile
1711 1153 1832 1209 exitium

1002 1241 1197 1306 exspectaret.
1214 1238 1387 1295 Commoniti
1408 1246 1477 1295 sunt
1491 1243 1588 1296 autem
1603 1259 1619 1296 a
1632 1242 1707 1298 ildell
1725 1245 1832 1313 populo

1000 1329 1032 1382 ut
1047 1327 1083 1382 de
1098 1328 1228 1398 pcccatis
1252 1329 1422 1398 poeniteant,
1444 1332 1472 1383 et
1491 1329 1623 1400 pontillcl
1637 1331 1831 1386 satisfaciant.

70 1410 77 1441 '
111 1420 154 1471 rat
168 1420 199 1471 ut
213 1417 251 1470 ab
277 1416 405 1486 incepto
428 1416 587 1485 desistant,
612 1417 780 1489 populoque
795 1417 944 1472 innocenti
1000 1414 1059 1470 Sed
1074 1416 1116 1470 illi
1132 1414 1279 1487 differunt,
1295 1419 1473 1473 arbitrantes
1489 1417 1544 1473 hoc
1560 1419 1667 1473 malum
1684 1435 1700 1472 a
1716 1419 1832 1474 tortunu

114 1510 240 1577 parcant,
251 1508 435 1576 caveantque
443 1521 480 1561 ne
489 1505 596 1561 divinae
606 1507 803 1576 correptionis
814 1507 942 1577 llagello,
999 1504 1044 1558 eis
1052 1504 1373 1561 accidissePraevaluit
1382 1507 1498 1561 interim
1506 1507 1606 1563 clades
1616 1523 1708 1577 super
1716 1523 1832 1562 omnem

115 1610 164 1666 pro
176 1593 306 1649 tiliorum
318 1595 511 1667 castigatione
522 1596 558 1650 ad
567 1598 683 1666 tempus
694 1595 944 1665 concesso,nimis
1000 1609 1119 1649 earnem
1132 1610 1198 1665 quee
1213 1595 1344 1665 pontillci
1357 1599 1480 1650 mortem
1502 1596 1612 1650 interro
1629 1597 1787 1666 nitebatur,
1803 1600 1833 1652 et

116 1683 272 1739 insolenter
280 1683 448 1740 abutantur.
467 1683 526 1739 Sed
537 1684 611 1739 Daui
620 1685 754 1739 mandata
765 1684 943 1755 pretermit-
1000 1699 1079 1738 nunc
1093 1684 1189 1753 deniS,
1206 1700 1284 1738 nunc
1298 1684 1413 1739 vicenis
1429 1685 1553 1739 terribili
1567 1686 1717 1741 viscerum
1728 1686 1832 1740 dolore

119 1775 215 1842 butes,
239 1776 340 1827 turres
355 1775 526 1844 exstruere,
542 1774 685 1830 arietibus
710 1789 827 1828 murum
842 1773 941 1837 ferire,
956 1784 983 1847 Β
1001 1773 1164 1843 capitisque
1175 1772 1351 1843 absumptis,
1362 1789 1498 1846 magnam
1511 1773 1697 1829 formidinem
1708 1775 1834 1829 viventi·

119 1859 214 1934 ignm
229 1861 312 1917 iaces
329 1861 431 1934 jacere
455 1865 626 1919 constanter
642 1864 804 1934 coeperunt.
821 1862 857 1917 Et
872 1877 943 1917 cece
999 1862 1057 1917 bus
1068 1862 1204 1916 incussit.
1222 1859 1315 1917 Cileto
1326 1863 1416 1935 igitur
1427 1863 1563 1932 consilio,
1586 1878 1655 1917 mox
1665 1864 1701 1917 ad
1712 1864 1833 1935 episco-

70 1996 73 2023 ,
121 1965 202 2005 vorax
212 1950 329 2006 hamma
344 1967 396 2023 per
411 1952 516 2007 domos
531 1951 732 2023 succenditur,
749 1969 783 2008 ao
799 1952 942 2008 saeviente
998 1967 1069 2021 pum
1078 1954 1244 2021 currunt,et
1256 1951 1291 2006 de
1302 1955 1468 2021 perpetrato
1479 1951 1610 2007 facinore
1618 1968 1684 2007 cum
1692 1952 1833 2023 lacrymis

70 2060 73 2115 ι
124 2043 222 2110 nestro,
239 2054 274 2096 se
287 2040 435 2096 dilatando
457 2041 649 2116 dispergitur.
676 2041 758 2097 Tunc
774 2041 943 2098 miseranda
1000 2040 1116 2095 veniam
1131 2043 1249 2111 petunt3
1268 2044 1296 2095 et
1307 2040 1343 2095 de
1354 2056 1473 2095 carcere
1491 2057 1558 2096 eum
1576 2041 1776 2109 extrahentes,
1794 2041 1830 2095 ed

70 2138 73 2211 ἶ
125 2128 191 2183 inter
199 2130 280 2185 cives
291 2129 368 2185 lacta
379 2132 426 2186 est
435 2131 617 2201 deliberatio,
626 2135 801 2201 utrumnam,
814 2131 942 2187 desertis
999 2129 1136 2200 publicos
1152 2128 1252 2200 populi
1268 2133 1447 2199 conspectus
1463 2145 1530 2183 cum
1547 2130 1658 2184 honore
1673 2130 1831 2185 deducunt.

71 2224 74 2269 l
126 2232 260 2272 marorum
271 2218 514 2292 propugnaculis,
523 2221 558 2276 ad
569 2221 706 2291 proprias
717 2222 821 2276 domos
833 2237 941 2276 convo·
1000 2217 1036 2273 El
1046 2219 1086 2272 eit
1101 2218 1161 2272 illis
1176 2219 1336 2289 episcopus
1350 2235 1355 2272 :
1371 2239 1381 2264 a
1394 2217 1456 2272 Etsi
1466 2220 1565 2272 restra
1580 2218 1756 2273 insatiabilis
1766 2234 1832 2272 cru-

133 2305 221 2375 larcnt,
238 2323 286 2378 en,
296 2308 334 2363 iis
348 2308 505 2380 neglectis,
518 2309 688 2365 munitionis
698 2309 950 2371 urbisiucumbe·¹
1003 2307 1109 2363 delites
1120 2307 1236 2362 veniam
1251 2322 1311 2361 non
1326 2310 1520 2377 promeretur,
1532 2309 1628 2361 tamen
1638 2307 1708 2378 quid
1725 2321 1781 2360 nos
1792 2306 1833 2359 in·

71 2424 73 2479 i
127 2396 944 2469 rent.l'iciteommunemutilitatemprivataellectio,lllio·
1000 2395 1832 2465 ceredeceatexemploDominiedocemur,quicumsuo

71 2490 75 2549 t
127 2484 686 2560 rumdulcisrecordatio,ergatuendam
695 2488 834 2543 familiam
846 2490 943 2544 innata
999 2502 1064 2540 rum
1074 2486 1212 2557 diguatus
1224 2485 1330 2539 luisset
1342 2485 1438 2538 lavare
1446 2485 1537 2554 pedes
1546 2485 1832 2554 discipulorum,non

71 2570 74 2613 i
128 2574 340 2629 commiseratio.
359 2575 596 2647 Curruntitaque
614 2579 643 2632 et
652 2578 770 2647 rapiunt
785 2578 821 2632 de
836 2578 942 2632 mediis
999 2574 1080 2629 illum
1096 2574 1222 2629 exclusit
1239 2590 1327 2645 aquo
1344 2590 1376 2628 se
1391 2574 1567 2628 tradendum
1582 2587 1651 2628 esse
1665 2573 1830 2643 prescivit,

127 2659 234 2716 mmmis
250 2662 399 2735 conjuges
417 2667 445 2719 et
463 2664 570 2722 charos
586 2666 710 2735 llberos,
728 2666 828 2722 hostili
843 2667 942 2739 gladio
999 2663 1058 2718 imo
1070 2664 1166 2734 ipsum
1182 2663 1457 2734 sanctissimopane
1469 2663 1594 2732 cibavit3
1610 2663 1831 2717 Pharisaeorum

126 2750 208 2804 satim
224 2751 388 2809 feriendos.
410 2753 446 2808 Et
461 2769 541 2825 ecce,
557 2754 676 2810 elli-ecla
691 2756 775 2827 urbe,
792 2757 943 2812 exercitus
999 2752 1151 2807 ministros
1168 2754 1304 2824 potentine
1321 2769 1384 2808 suae
1400 2753 1586 2821 verboclisit,
1599 2751 1832 2807 conicetimcos·

126 2835 292 2911 ingreditur,
309 2842 451 2898 terribilis
467 2845 583 2899 sonitus
598 2859 636 2900 ex
650 2845 777 2900 clamore
792 2861 899 2901 vocum
915 2848 943 2900 et
999 2840 1217 2912 demerigondo
1227 2842 1341 2896 sanavit
1353 2859 1358 2896 :
1368 2846 1406 2911 ct,
1424 2840 1503 2912 quod
1513 2857 1629 2913 magne
1639 2839 1780 2896 bonitatis
1790 2840 1833 2894 iu·

126 2926 250 3004 clangore
265 2930 404 2986 tubarum
415 2934 565 3004 attollitur,
581 2934 694 2990 adeout
705 2935 802 2989 omnia
813 2934 942 2989 civitatis
999 2930 1086 3001 signe
1097 2934 1153 2999 est,
1170 2945 1246 3001 quos
1263 2931 1394 3002 quotidie
1409 2930 1555 2985 mandatis
1572 2930 1746 2985 coelestibus
1761 2945 1831 3000 per·

123 3017 297 3076 namneum
313 3022 431 3078 concuti
450 3022 631 3079 viderentur.
648 3023 705 3079 lilii
720 3038 846 3095 namque
861 3025 941 3081 lerro
999 3019 1088 3073 tinnci
1103 3020 1200 3073 animo
1217 3019 1311 3074 cernit
1334 3021 1489 3088 resistcre,
1507 3034 1559 3074 cos
1582 3019 1612 3072 in
1629 3017 1703 3072 coelo
1719 3017 1829 3072 sedens

119 3105 243 3180 iugulati,
254 3110 306 3164 alii
315 3109 440 3165 flammis
452 3112 628 3183 consumpti,
641 3113 765 3183 pluresa
776 3128 942 3185 muroprae.
956 3136 983 3208 c
998 3108 1094 3162 adhuc
1106 3108 1214 3178 petitur
1227 3107 1338 3176 vivere,
1351 3107 1409 3161 imo
1421 3107 1558 3162 humanis
1572 3106 1830 3177 rebusplusquam

71 3188 74 3233 3
121 3196 209 3268 cipites
233 3199 305 3269 deti,
331 3199 465 3254 nonnulli
488 3201 686 3271 perverenda
702 3205 843 3272 suspensi
866 3204 940 3259 deti-
999 3195 1831 3268 caeterosprestare.Quapropterquoniamexemplorum

71 3264 75 3379 i
122 3285 194 3342 ent.
213 3288 361 3344 Matronae
376 3289 444 3343 dum
455 3290 614 3345 thesauros
625 3306 702 3361 quos
718 3307 777 3347 non
794 3293 941 3348 trahebant
998 3286 1078 3341 illius
1089 3285 1215 3340 devotus
1227 3286 1312 3355 cupio
1324 3285 1452 3340 imitator
1465 3286 1604 3353 existere,
1615 3283 1834 3339 oblitusiucen·

121 3381 255 3449 capietur
268 3378 407 3448 prodere,
424 3378 539 3449 capillis
555 3394 607 3448 por
621 3394 724 3435 ornnes
741 3382 868 3436 civitatis
879 3382 939 3452 ple·
999 3376 1046 3430 din
1060 3376 1197 3443 civitatis,
1218 3375 1417 3430 innocentium
1433 3375 1542 3442 caedes,
1559 3374 1679 3443 oblitus,
1698 3373 1829 3445 inquam,

121 3466 169 3521 ints
182 3465 349 3536 distractae,
372 3467 408 3521 nd
428 3467 562 3524 ultimum
585 3469 711 3523 llammis
727 3469 844 3540 inJ'ectae
861 3473 939 3524 sunt.
999 3481 1065 3536 quae
1081 3465 1111 3519 in
1122 3480 1167 3519 me
1184 3465 1247 3519 acta
1262 3468 1308 3518 est
1323 3463 1754 3534 praeleritaeimpietatis3sicut
1765 3463 1830 3533 ipse

72 3596 74 3615 ,
120 3551 234 3623 Prrvnli,
251 3572 269 3609 a
285 3560 409 3613 matrum
426 3556 571 3612 uberibus
585 3558 692 3622 avulsi,
709 3558 823 3614 lanceis
839 3559 941 3614 conlo·
996 3554 1114 3608 Patrem
1126 3553 1498 3623 prosuiscrucitlxoribus,
1511 3553 1548 3607 ite
1559 3568 1615 3625 ego
1626 3553 1833 3623 promeistor-

120 3641 238 3713 diuntnr,
255 3646 307 3699 aut
321 3659 414 3715 super
428 3661 481 3702 eos
505 3646 593 3701 ducto
612 3647 756 3716 plaustro,
780 3648 940 3702 minutatim
996 3642 1113 3696 toribus
1127 3644 1226 3713 ipsum
1236 3642 1440 3712 interpellabo.
1451 3640 1559 3697 rttlerte
1570 3657 1643 3714 ergo
1654 3656 1759 3712 panem
1773 3644 1831 3695 sta-

122 3736 313 3789 ncnternntnr.
333 3733 460 3789 Sanetus
476 3739 573 3790 autem
595 3735 747 3809 lilphegus
767 3752 825 3791 non
841 3737 941 3791 terens
996 3731 1048 3784 tim
1073 3731 1159 3786 vobis
1175 3731 1356 3787 reddendum
1371 3731 1540 3800 salutarem,
1562 3734 1707 3803 quatenus
1723 3746 1761 3785 ex
1776 3729 1832 3785 hoc

120 3821 213 3877 lentam
230 3838 357 3878 suornm
373 3824 640 3895 depopulationem,
658 3841 724 3880 cum
741 3825 826 3881 turba
842 3841 942 3880 moue·
997 3820 1111 3890 relecti,
1123 3821 1266 3891 etcupitaa
1278 3822 1382 3876 salutis
1395 3821 1571 3876 benetlcium
1583 3819 1690 3889 adepti,
1707 3822 1834 3890 eutgra·

123 3905 234 3963 ctomm
258 3909 290 3964 in
312 3910 439 3965 ccclesia
461 3911 679 3982 circumseptus
702 3914 794 3981 esset,
819 3915 941 3982 repente
998 3908 1210 3964 tinsSalvatori
1226 3909 1366 3979 reddetis,
1380 3909 1647 3964 nutsceleratiores
1666 3906 1832 3978 blasphemi

123 3993 148 4050 de
158 3999 298 4054 manibus
316 4000 478 4055 tenentium
493 4001 614 4071 elapsus
636 4000 672 4056 de
692 4001 819 4056 ccclesia
835 4001 940 4070 evasit,
999 3998 1187 4052 remanentis.
1203 4021 1213 4043 r
1228 3996 1263 4050 Et
1277 3997 1490 4052 datoomnibus
1506 4013 1604 4067 panca
1616 4012 1649 4052 se
1663 3997 1830 4066 benedicto,

124 4097 294 4158 mrrensque
316 4087 352 4141 ad
377 4086 473 4142 locum
494 4088 690 4143 cadaveribus
715 4089 845 4158 plenum,
866 4089 942 4144 inter
998 4100 1101 4141 omncs
1118 4086 1154 4140 de
1170 4086 1279 4140 exitiali
1295 4085 1430 4140 liberavit
1446 4085 1538 4141 clade.

126 4187 221 4231 caucos
236 4175 369 4231 hostium
379 4191 413 4230 se
428 4177 580 4249 ingerens,
590 4177 781 4248 exclamavit3
793 4182 831 4248 et,
851 4200 861 4223 u
876 4179 944 4232 Par·
1034 4175 1077 4228 10.
1090 4173 1180 4240 Quam
1195 4175 1226 4228 in
1248 4190 1312 4229 eum
1323 4175 1446 4246 inprati.
1460 4175 1486 4228 A
1503 4172 1619 4228 diabolo
1634 4172 1779 4228 illuditur.
1796 4202 1831 4212 -

127 4261 178 4334 cite,
189 4265 291 4336 inquit,
303 4263 425 4336 parcite,
437 4269 465 4319 et
474 4268 500 4320 si
511 4265 594 4321 viros
607 4281 735 4322 rosesse
747 4268 940 4339 cognoscitis,
997 4263 1129 4336 Cumque
1145 4263 1261 4317 sanitati
1283 4263 1388 4317 redditi
1404 4266 1516 4331 essent,
1534 4261 1683 4332 principes
1704 4262 1831 4330 quatuor

129 4349 293 4409 innocentem
322 4359 438 4410 oetatem
466 4356 609 4427 persequi
631 4360 758 4412 cessate.
795 4358 860 4413 Non
895 4361 940 4413 cst
998 4354 1138 4424 episcopo
1162 4353 1346 4407 mittunt:et
1367 4350 1599 4422 primoquidem
1618 4365 1671 4419 pro
1695 4348 1830 4419 impenso

131 4437 171 4494 ista
183 4442 312 4512 victoria,
330 4459 389 4516 que
403 4445 572 4500 lactentium
584 4446 737 4514 perimitur
752 4446 918 4501 innocentie
933 4465 938 4502 :
998 4442 1143 4498 beneficio
1162 4444 1273 4514 gratias
1290 4444 1382 4515 agunt
1399 4456 1405 4495 :
1423 4439 1529 4494 deinde
1540 4440 1566 4494 si
1578 4439 1636 4493 vita
1653 4442 1681 4493 et
1696 4437 1830 4492 libertate

133 4541 170 4583 nec
182 4531 257 4588 laudi
271 4532 440 4603 ascribitur,
457 4533 599 4605 quidquid
623 4535 652 4587 in
674 4535 825 4605 simplices
842 4539 869 4590 et
885 4536 941 4590 mi·
999 4532 1069 4586 velit
1086 4531 1189 4602 potiri,
1202 4531 1256 4585 tria
1269 4531 1359 4585 millia
1381 4543 1546 4583 morcarum
1560 4526 1751 4597 utpersolret
1765 4525 1830 4580 exi-

134 4617 166 4671 les
177 4618 307 4676 bellando
323 4622 493 4677 admittitur.
511 4622 555 4678 En
570 4638 626 4690 me,
643 4627 692 4695 qui
709 4626 819 4679 vestrae
834 4625 941 4695 imple·
998 4621 1171 4696 gunt.Quod
1184 4637 1250 4676 cum
1261 4620 1309 4675 ille
1317 4620 1416 4674 iacere
1429 4619 1577 4684 renueret,
1586 4629 1652 4671 eum
1664 4614 1830 4687 ligaverunt

136 4706 184 4761 ntis
196 4710 316 4764 erimine
332 4710 425 4765 libero
449 4727 569 4782 semper
583 4728 635 4767 ore
660 4713 824 4784 castigavi3
840 4728 876 4767 on
892 4715 942 4785 qui
998 4714 1026 4766 et
1038 4709 1176 4764 inauditis
1187 4712 1398 4764 tormentorum
1414 4705 1630 4778 questionibus
1641 4700 1830 4759 dieDomini·

138 4796 243 4863 captivos
258 4803 286 4852 et
301 4813 317 4852 a
333 4798 420 4853 vobis
430 4800 567 4854 multatos
584 4801 662 4871 pavi,
675 4801 794 4870 vestivi,
812 4802 943 4873 redemi,
999 4815 1044 4855 cae
1055 4799 1284 4854 resurrectionis
1295 4797 1472 4870 affligentes,
1489 4796 1518 4849 in
1530 4807 1681 4849 carcerem
1696 4792 1830 4846 retruse-

139 4877 157 4932 ιι
168 4898 202 4940 ne
216 4891 315 4942 vestra
333 4887 432 4959 potius
449 4888 492 4942 ira
506 4888 659 4945 deseviat.
678 4914 689 4938 ι
999 4889 1211 4959 mutilumque
1220 4888 1393 4942 inomnihus
1405 4884 1562 4939 hislnudes
1574 4881 1830 4953 Deoageret,ecce

160 4967 180 5024 9.
196 4973 226 5030 S.
250 4975 405 5047 le'lplrepus
422 4978 558 5048 captivus
572 4977 604 5031 in
625 4993 780 5034 carcerem
798 4979 941 5035 truditur.
999 4977 1133 5049 apparuit
1143 4977 1170 5032 ei
1181 4976 1303 5047 spiritus
1317 4975 1464 5046 malignus
1480 4973 1509 5027 in
1519 4969 1620 5042 specie
1630 4969 1739 5041 angeli,
1752 4985 1831 5024 meu-

139 5052 231 5127 Eiram
241 5072 456 5137 persecutores
470 5066 615 5124 charitas.
629 5067 740 5125 -Mox
750 5070 848 5141 itaque
861 5070 943 5140 capi·
999 5067 1128 5138 titurquo
1144 5065 1179 5121 de
1195 5065 1335 5138 supernis
1346 5064 1469 5120 sedibus
1485 5076 1518 5117 se
1533 5060 1722 5128 destinatum,
1732 5061 1831 5130 quate

139 5143 177 5209 ilc.
189 5156 213 5207 et
225 5154 387 5225 intercepto
404 5155 539 5211 manibus
560 5161 691 5230 gutture,
718 5173 777 5215 vox
793 5159 943 5230 loquentis
998 5172 1056 5211 nus
1066 5154 1148 5209 illum
1156 5155 1193 5210 ad
1204 5169 1390 5211 communem
1400 5151 1496 5226 gentis
1508 5151 1633 5205 salutern
1642 5148 1679 5203 de
1690 5148 1829 5220 squalore

160 5361 188 5433 iil
202 5367 283 5439 apud
295 5367 760 5439 Bollandumadjicitursanctum
776 5372 941 5446 Elphegum
997 5377 1043 5430 tos
1059 5375 1090 5428 in
1105 5373 1184 5429 tauto
1195 5370 1310 5426 excidio
1325 5371 1450 5425 mortem
1466 5365 1601 5446 evasisse
1621 5364 1714 5446 refert
1728 5365 1831 5444 auctor

136 5439 280 5495 nescires
296 5439 457 5510 episcopali
482 5440 688 5499 benedictione
705 5447 733 5497 et
747 5458 843 5499 sacrae
859 5461 940 5499 com·
997 5446 1073 5516 apud
1091 5443 1263 5499 Bollendum
1276 5456 1355 5496 num.
1370 5439 1413 5506 th,
1431 5452 1517 5510 quem
1534 5436 1581 5490 alii
1600 5436 1714 5507 Anglrci
1731 5448 1828 5514 scrip7

134 5508 257 5566 nunionis
272 5511 495 5582 participatione
509 5513 547 5567 ad
558 5514 633 5569 hnnc
648 5515 833 5570 obsidionem
850 5517 940 5571 susti·
996 5521 1078 5571 tores
1094 5517 1269 5587 sequuntur.
1287 5511 1358 5566 Vide
1375 5509 1536 5583 llogerium
1555 5507 1591 5562 de
1607 5505 1762 5573 Hoveden,
1778 5518 1829 5574 qur

131 5580 447 5654 nenda¹¹¹l¹P⁸l³l)⁸¹¹¹⁸⁸<³·
996 5589 1037 5642 alt
1060 5586 1192 5642 Ailmaro
1216 5584 1314 5638 abbati
1347 5581 1446 5636 Sancti
1472 5578 1631 5652 Augustini
1654 5578 1828 5650 potestatem

154 5650 620 5719 litQurtucrtautummonechos
636 5671 670 5712 ac
685 5657 768 5714 viros
784 5658 939 5733 octingen-
997 5660 1102 5714 tactam
1119 5658 1215 5712 tuisse
1226 5653 1363 5711 abeundi.
