3900 6112
106 285 166 350 259
539 281 712 344 APPEND
727 279 785 343 An
810 280 946 343 GESTA
968 280 1153 344 EPISCOP.
1173 278 1388 344 CAMERAO.
1767 278 1827 343 260

109 487 138 540 et
151 485 283 540 loannes
292 488 352 538 tam
364 481 547 551 donisquam
557 481 646 535 minis
657 481 693 535 ab
704 481 880 551 imperatore
892 495 940 536 oo·
953 461 982 522 Α
996 481 1115 549 periens
1131 479 1289 535 ecclesiam
1303 479 1447 534 Dominiei
1471 478 1632 549 sepulchri,
1647 476 1826 533 Christianis

108 576 192 628 actus
209 573 315 628 exinde
331 572 367 625 de
378 586 412 625 ea
421 569 514 625 siluit.
531 570 585 624 llis
606 569 644 623 itu
659 569 798 638 peractis,
814 584 880 623 cum
898 569 941 624 ci*
997 567 1111 637 ejectis,
1128 584 1143 622 a
1158 584 1230 640 rege
1244 568 1463 623 Babilonicrum
1474 566 1618 623 violenter
1628 568 1825 634 obsecratum,

109 663 186 716 vites
202 665 230 716 et
241 660 335 731 patria
346 657 574 713 Cameracensis
585 656 641 710 sub
656 656 706 709 tali
722 659 836 711 rectore
851 657 942 711 ebun—
996 655 1132 726 viamque
1156 673 1337 728 paganorum
1352 661 1430 711 metu
1457 671 1512 728 per
1525 661 1633 712 terram
1649 656 1770 727 penitus
1784 655 1828 709 ia·

110 749 209 805 dantia
223 748 306 818 pacis
315 751 344 801 et
352 746 633 816 prosperislloreret
641 744 818 815 augmentis,
829 744 944 814 episco·
995 744 1166 813 terclusam,
1185 760 1240 815 per
1254 751 1315 800 tres
1333 760 1453 800 meuses
1469 745 1499 798 iu
1515 745 1616 799 eadem
1632 740 1751 800 civitate
1765 758 1826 799 mo·

110 831 944 907 111111111111111111111111111111111111111111111111111
996 835 1078 885 ratus
1094 835 1148 886 est.
1160 830 1233 886 Cum
1248 836 1344 888 autem
1360 832 1446 887 eundi
1457 835 1628 904 perterram
1643 831 1743 887 omnis
1759 847 1827 903 spes

110 925 201 979 adire.
213 922 264 978 Cui
277 923 344 994 ejus
353 922 502 978 devotioni
518 935 585 974 cum
597 921 738 974 resistere
756 923 858 980 conata
870 919 943 989 (504)
996 920 1092 974 ablata
1103 923 1194 987 esset,
1205 921 1318 975 marino
1329 922 1432 975 itinero
1449 921 1575 976 domnus
1587 921 1750 992 episcopus
1761 919 1828 975 Hie·

111 1011 256 1082 nequiret,
275 1010 384 1080 peratis
400 1008 579 1078 sumptibus,
594 1008 758 1077 assumptis
774 1007 941 1076 comitibuS,
997 1008 1128 1062 rusalem
1139 1007 1287 1079 disposuit
1300 1009 1391 1064 adire.
1408 1010 1453 1063 hd
1469 1009 1546 1080 quod
1562 1009 1829 1083 peragendumma·

111 1100 218 1154 domno
229 1099 342 1153 scilieet
353 1097 514 1151 Walohero
523 1095 730 1151 archidiacono
745 1097 944 1165 etcuriaepre·
997 1097 1102 1167 gistris
1120 1097 1281 1168 inquisitis,
1303 1099 1371 1152 dum
1396 1100 1573 1152 armamenta
1594 1097 1710 1152 navalia
1731 1096 1828 1166 dispo-

109 1188 217 1258 posito,
244 1187 370 1258 lingone
392 1201 509 1255 quoque
534 1184 684 1255 capellano
709 1188 813 1254 postea
832 1188 944 1239 sancte
998 1184 1830 1257 nuntur,duvaetuulianeccssariapraeparantur,dom·

113 1276 341 1344 Mariaedecuno,
351 1274 439 1345 cujus
448 1275 631 1328 sanctitatem
644 1276 808 1328 monstrant
816 1273 945 1327 claustra
998 1288 1054 1326 nus
1066 1273 1229 1329 Fulcherus
1239 1275 1443 1346 aegritudinem
1454 1276 1609 1329 maximam
1620 1273 1830 1344 incurritque

40 1408 42 1413 .
114 1366 323 1419 canonicorum
338 1366 366 1417 et
381 1362 582 1432 aquicinense
599 1362 776 1430 caenobium,
788 1360 944 1415 Erlebaldo
998 1359 1095 1431 ipsum
1111 1363 1284 1433 episcopum
1299 1377 1462 1436 omnesque
1475 1364 1597 1419 comites
1613 1363 1700 1436 gravi
1715 1377 1831 1418 merore

108 1452 210 1523 judice
240 1455 268 1506 et
292 1451 422 1505 civitatis
446 1452 656 1519 procuratore,
682 1449 840 1504 Erlebaldo
859 1448 945 1503 etiam
998 1452 1160 1506 concussit.
1172 1451 1304 1522 Cumque
1319 1467 1372 1522 per
1385 1452 1449 1506 dies
1465 1451 1697 1523 languorusque
1710 1451 1835 1505 admor-

113 1540 361 1596 llubeoeoclesiae
371 1536 945 1607 SanctaeCrucisinstauretore,ueenon
998 1541 1055 1594 tem
1065 1541 1298 1611 ingravesceret,
1311 1539 1408 1610 etjam
1418 1539 1703 1612 aptumnavigationi
1712 1542 1833 1609 tempus

111 1625 945 1696 etFulcheroarclricapellanoetattrebatensisecclesiae
998 1628 1131 1698 adesset,
1155 1631 1281 1682 mentem
1304 1628 1452 1698 pontilicis
1473 1631 1570 1683 metus
1593 1644 1659 1682 oum
1681 1626 1834 1682 desiderio

112 1714 310 1784 vicedomino,
322 1714 449 1784 aliisque
465 1712 819 1784 multisprolectusttttlh),
832 1717 945 1783 preter·
998 1718 1170 1786 torquebat,
1196 1717 1370 1771 comitemne
1394 1716 1600 1772 fidelissimum
1619 1717 1773 1772 desereret
1796 1730 1834 1768 an

112 1804 218 1878 legens
229 1804 364 1858 civitates
373 1806 401 1857 et
411 1803 673 1873 oppida,itinerum
685 1802 866 1872 discrimina,
876 1802 944 1856 bar·
959 1793 986 1856 B
999 1808 1117 1874 tempus
1132 1805 1329 1876 navigationis
1345 1805 1486 1859 differret.

112 1893 214 1948 baram
231 1908 318 1964 quam
334 1890 432 1945 colunt
448 1891 527 1945 Huni
541 1893 700 1944 transmeat
708 1890 945 1960 patriamTran·
1035 1893 1083 1946 25.
1108 1892 1253 1957 Quomodo
1267 1893 1325 1962 jam
1341 1893 1431 1947 morti
1442 1893 1598 1964 proximus
1616 1900 1750 1949 sanctum
1766 1893 1833 1948 An·

114 1983 172 2037 sito
187 1981 284 2051 itaque
299 1979 442 2048 Danubio,
464 1978 499 2032 ad
522 1993 625 2050 regem
645 1978 862 2032 Pannoniarum
878 1993 946 2049 per·
1001 1982 1102 2037 dream
1117 1983 1306 2036 invocaverit
1320 1981 1494 2036 Fulcherus.
1509 1981 1564 2051 (lb.
1581 1981 1639 2051 36.)
1651 1980 1835 2036 Cumautem

116 2070 211 2139 venit,
231 2072 260 2123 ot
282 2071 510 2138 pretergressus
537 2066 603 2137 ejus
627 2066 761 2137 patriam,
785 2071 886 2120 vastas
901 2067 944 2120 in·
1000 2069 1298 2140 devitajacentisjam
1310 2069 1429 2124 omnino
1441 2069 1658 2140 desperaretur,
1668 2069 1833 2125 etanautis

115 2158 250 2231 graditur
258 2156 446 2225 solitudines,
456 2171 531 2225 ques
540 2155 658 2209 deserta
671 2154 819 2226 Balgariae
831 2159 946 2224 vocant,
1002 2158 1209 2213 advolantibus
1224 2158 1261 2213 ad
1276 2162 1393 2227 portum
1409 2157 1559 2228 proticisci
1574 2159 1734 2228 episcopus
1750 2172 1839 2230 coge-

115 2261 251 2320 quasque
265 2244 424 2300 latrunculi
432 2243 579 2315 Scythica
595 2243 693 2314 gentis
709 2243 881 2298 inhabitant.
899 2242 946 2311 Hi,
1002 2251 1097 2311 retur;
1119 2247 1223 2301 revisit
1238 2248 1335 2300 tamen
1353 2250 1497 2319 aegrotum
1522 2250 1550 2301 et
1565 2245 1645 2301 velut
1667 2246 1698 2300 in
1717 2250 1836 2301 mortuo

115 2338 260 2408 degentes
274 2350 355 2389 more
371 2333 511 2402 terarum,
524 2332 614 2387 nullis
629 2334 803 2386 coercentur
817 2331 947 2403 legibus,
963 2328 967 2336 “
1003 2350 1127 2405 corporo
1141 2334 1496 2404 ultimumquodammodo
1507 2328 1670 2390 trahentem
1685 2335 1836 2406 spiritum.

115 2425 206 2479 nullis
221 2423 408 2478 eontinentur
422 2420 567 2486 urbibus;
591 2421 647 2475 sub
668 2420 716 2474 dio
732 2422 858 2488 manent,
874 2434 949 2490 quas
1002 2422 1094 2488 Quem
1106 2422 1192 2477 modo
1207 2437 1292 2490 voce,
1318 2422 1404 2477 modo
1424 2423 1545 2478 nutibus
1565 2423 1745 2493 compellans
1761 2439 1838 2496 quo·

117 2529 177 2567 uox
192 2512 324 2583 coegerit
339 2508 556 2577 sedeshabeut,
574 2512 790 2577 pretereuntes
801 2508 947 2577 obsident,
1004 2512 1345 2582 modoeumquepoterat,
1359 2511 1531 2567 missionem
1542 2512 1668 2582 petebat.
1681 2512 1736 2567 Sed
1751 2528 1837 2584 aeger

117 2600 223 2656 obvios
237 2597 424 2666 interficiunt,
443 2600 560 2652 ceteros
578 2597 778 2666 depredantur
792 2595 876 2666 (506).
1003 2600 1214 2672 quamvisjam
1230 2601 1333 2654 seculo
1347 2599 1514 2655 traderetur
1527 2600 1620 2668 alteri,
1637 2616 1728 2656 voces
1746 2604 1837 2672 atque

152 2685 197 2742 13.
208 2685 290 2751 Quod
298 2685 769 2757 doninusepiscopusCoryntlrum
779 2685 946 2739 devenerit.
1003 2688 1838 2762 singultusreoognosceuspontificia,resumptospiritu,

116 2775 172 2845 (lb.
188 2774 234 2845 34,
250 2772 307 2842 35.)
321 2773 394 2828 Cum
408 2773 499 2844 igitur
522 2773 597 2827 inter
622 2779 662 2827 lot
679 2773 846 2828 mortiferus
872 2774 949 2827 lera-
1003 2777 1252 2847 oculosaperuit3
1268 2773 1445 2848 eumque³⁸⁴
1459 2777 1543 2849 gravi
1560 2776 1729 2832 difficultate
1745 2778 1840 2832 verba

118 2865 189 2920 lium
204 2864 335 2918 hostium
350 2861 475 2916 insidias
486 2863 613 2916 domnus
624 2862 785 2932 episcopus
800 2862 857 2916 sub
871 2861 948 2931 peri·
1003 2867 1151 2938 loquentis
1161 2865 1840 2937 intelligenssimiliterpetitetipsemissionem

118 2953 185 3008 culo
209 2951 314 3006 mortis
334 2951 468 3031 sociique
490 2949 557 3020 ejus
581 2950 685 3022 trepidi
708 2951 836 3021 pendulo
860 2949 949 3004 corde
1004 2955 1201 3025 tanquamqui
1213 2954 1366 3008 recederet
1380 2953 1529 3008 asaeoulo.
1545 2953 1639 3018 Quem
1652 2953 1837 3008 venerabilis

118 3043 293 3110 transirent,
314 3040 439 3110 septima
459 3039 506 3093 die
530 3039 607 3093 inter
631 3040 782 3094 condensa
806 3040 948 3094 silvarum
965 3040 990 3102 C
1004 3042 1135 3114 pontifex
1151 3058 1216 3096 cum
1232 3041 1368 3096 maximis
1383 3041 1520 3097 lamentis
1536 3044 1655 3113 totoque
1670 3042 1780 3097 mentis
1796 3040 1839 3096 ai-

118 3131 218 3186 11111111
232 3128 362 3184 cristatis
381 3128 550 3200 vittatisque
570 3128 716 3198 capitibus
741 3144 775 3183 ac
795 3127 949 3182 seminudo
1005 3131 1083 3185 lectu
1099 3130 1159 3185 Deo
1183 3130 1408 3197 commendans,
1426 3134 1529 3185 sancto
1550 3131 1696 3185 commisit
1709 3130 1840 3186 Andreae

119 3233 242 3290 corpore
256 3217 343 3288 pallia
354 3215 504 3271 trahentes
515 3221 544 3270 et
555 3217 628 3270 tatas
638 3217 769 3287 caligas,
784 3216 952 3287 pendebant
1004 3219 1138 3290 apostolo
1162 3220 1249 3289 atque
1274 3218 1396 3290 glorisae
1420 3220 1532 3291 reginae
1556 3218 1658 3273 llariae
1681 3218 1841 3291 genitricis

118 3307 295 3365 exhumaris
307 3305 454 3375 pharetrae
465 3309 494 3359 et
504 3305 587 3359 laxos
596 3321 686 3361 arcus
697 3309 725 3359 et
736 3305 852 3359 hastilia
863 3306 951 3377 longa
1006 3309 1058 3362 Dei
1080 3306 1194 3361 meritis
1218 3309 1246 3360 et
1264 3306 1414 3376 precibus.
1432 3307 1494 3361 Neo
1518 3307 1641 3372 mirum,
1667 3307 1746 3378 quod
1771 3322 1842 3362 euru

118 3396 262 3451 terebant.
279 3394 392 3459 Quibus
412 3394 487 3448 visis
510 3397 659 3448 terrentur
682 3394 789 3463 eeteri3
815 3394 867 3447 sed
884 3393 951 3462 quia
1006 3411 1093 3467 quem
1118 3395 1269 3466 diligebat,
1287 3395 1345 3448 illis
1369 3394 1543 3449 familiarius
1567 3394 1736 3464 deposuerit
1762 3409 1842 3466 quos

115 3484 218 3556 justus
234 3486 265 3537 ut
278 3483 325 3537 leo
341 3481 470 3549 conlidit,
488 3482 648 3550 episcopus
669 3497 702 3536 se
718 3481 841 3535 hilarem
857 3481 951 3551 magis
1005 3501 1067 3555 prae
1083 3484 1190 3538 ceteris
1205 3483 1343 3536 omnihus
1357 3483 1496 3537 attentius
1513 3483 1675 3538 excolebat.
1688 3484 1763 3537 Post
1773 3483 1841 3539 baec

120 3571 263 3626 exhibuit.
275 3569 422 3624 Cerneres
436 3569 534 3639 itaque
549 3570 601 3623 Dei
617 3574 688 3624 nutu
704 3584 820 3624 omnem
834 3569 952 3623 illorum
1006 3574 1086 3629 velut
1100 3573 1233 3626 ultimum
1250 3570 1446 3625 valedicentes
1458 3573 1486 3625 ot
1496 3571 1721 3641 osculumpacis
1731 3571 1841 3627 dantes

120 3660 320 3716 luroremvise
328 3659 468 3728 episcopo
478 3658 551 3712 adeo
562 3658 726 3729 mitigatum
736 3661 865 3728 esse,ut,
873 3658 951 3728 quod
1007 3663 1042 3717 nd
1062 3663 1201 3731 invicem,
1217 3660 1343 3714 domnus
1359 3659 1519 3730 episcopus
1533 3661 1693 3715 abscessit.

120 3749 200 3804 dictu
215 3750 321 3803 mirum
336 3750 392 3817 est,
404 3747 469 3801 loco
481 3747 628 3813 cederent,
639 3748 715 3800 viam
727 3747 951 3800 transeuntibus
1041 3747 1085 3804 aa.
1104 3750 1147 3803 De
1162 3748 1296 3803 lacrimis
1312 3754 1341 3802 ct
1353 3764 1444 3819 prece
1460 3747 1611 3803 Fulchcri.
1627 3749 1704 3802 llinc
1725 3763 1842 3820 argere

120 3836 589 3909 quodammododemonstrarent.
598 3835 647 3889 Sic
657 3835 782 3890 domnas
791 3835 950 3905 episeopus
1007 3838 1130 3893 medicis
1146 3836 1332 3905 desperatus,
1345 3852 1360 3888 a
1372 3837 1529 3890 comitibus
1540 3836 1710 3906 derelictus,
1727 3837 1783 3892 sed
1794 3837 1845 3891 be·

123 3926 258 3996 sociique
279 3925 345 3995 ejus
374 3923 539 3979 lethiferam
570 3925 720 3995 regionem
750 3924 952 3994 latronumque
1007 3926 1172 3981 nedictione
1188 3924 1320 3995 episcopi
1333 3923 1525 3988 refocillatus,
1538 3923 1843 3996 quantulumcumque

121 4014 268 4071 domicilia
277 4012 644 4085 pertransivitincolumis.
661 4012 822 4083 lngressus
838 4011 951 4065 Dalma—
1006 4013 1175 4085 respiravit.
1192 4012 1305 4066 Dehinc
1319 4013 1394 4081 apud
1411 4028 1444 4067 se
1459 4013 1596 4067 recolens
1611 4012 1711 4083 verbu,
1728 4013 1843 4084 quibus

121 4105 191 4160 tiam
205 4104 340 4174 locisque
356 4101 522 4172 peragratis
541 4102 571 4154 in
586 4101 695 4172 quibus
710 4101 780 4155 olim
795 4099 952 4154 Diocletia-
1007 4118 1073 4158 eum
1088 4101 1219 4172 pontifex
1234 4103 1336 4155 sancto
1357 4101 1545 4156 commiserat
1563 4101 1690 4155 Androm
1715 4101 1844 4173 quibus·

121 4209 179 4249 nus
204 4192 335 4247 thermas
359 4190 532 4246 aedilloando
555 4190 674 4244 diverse
693 4190 796 4244 mortis
817 4188 954 4244 intulerat
1008 4207 1065 4263 que
1081 4190 1289 4260 imploraverat
1309 4192 1440 4244 sanctam
1464 4189 1516 4244 Dei
1535 4190 1708 4261 genitricem
1723 4206 1779 4260 pro
1795 4205 1842 4262 se,

122 4281 267 4352 supplicia
281 4279 392 4335 Christi
407 4279 592 4348 martiribuS,
616 4294 738 4333 cursum
762 4278 852 4333 llectit
871 4277 953 4333 Isau·
1008 4279 1109 4334 intima
1125 4277 1225 4332 cordis
1239 4278 1360 4331 trahens
1372 4276 1651 4346 suspiria,lacrimis
1663 4278 1778 4332 obortis
1789 4278 1842 4348 ait,

121 4373 195 4427 riam
225 4384 345 4424 versus.
373 4368 464 4434 Quam
493 4367 676 4439 preteriens,
702 4368 820 4422 devenit
839 4367 952 4438 Corvo·
967 4399 995 4463 D
1009 4371 1041 4423 ut
1054 4369 1118 4438 ipse
1129 4366 1314 4437 postmodum
1329 4365 1514 4421 testabatur:
1534 4388 1545 4413 α
1563 4365 1694 4421 Osanete
1706 4366 1841 4439 Andrea,

120 4461 203 4515 thum
217 4456 277 4527 ³⁸³3
301 4457 419 4528 illicque
442 4456 566 4511 audiens
592 4456 732 4510 Demetrii
757 4457 852 4511 sancti
876 4457 953 4511 inter
1010 4457 1097 4528 oaijus
1113 4471 1159 4510 me
1173 4454 1272 4510 tutelae
1288 4454 1425 4509 dominus
1435 4469 1520 4508 meus
1535 4454 1705 4509 Lietbortus
1720 4456 1845 4524 episco-

121 4547 258 4603 martires
280 4545 406 4616 preclari
428 4559 538 4613 corpus
562 4546 734 4614 quiescere,
760 4544 953 4614 sepulchrum
1008 4562 1065 4616 pus
1080 4544 1237 4613 commisit,
1254 4543 1401 4614 cujusque
1416 4541 1846 4615 memoriamincouobioquod

122 4636 252 4706 expetiit.
1008 4636 1055 4689 est
1069 4633 1145 4703 apud
1155 4633 1271 4688 Novum
1280 4630 1438 4686 Castellum
1450 4631 1538 4686 situm
1548 4631 1670 4700 excolit;
1682 4631 1709 4685 si
1722 4635 1755 4685 tu
1771 4646 1844 4687 vere

162 4725 207 4781 11.
220 4726 265 4781 De
274 4723 303 4779 F
302 4724 593 4795 ulctreroacprotante
602 4737 691 4793 usque
702 4720 955 4777 admortcm.lude
1008 4738 1042 4777 es
1058 4722 1106 4776 ille
1123 4721 1256 4775 Andreas
1274 4720 1416 4790 decorus,
1431 4720 1525 4773 virilis
1549 4719 1702 4790 apostolus
1717 4718 1845 4791 Christi,

121 4829 304 4886 progressus
320 4813 370 4868 ubi
381 4812 417 4867 ad
433 4812 594 4866 Laoditiem
609 4810 702 4881 Syrie
716 4811 858 4880 pervenit,
876 4826 952 4866 com·
1011 4812 1125 4865 amicus
1140 4810 1202 4880 Dei,
1214 4824 1301 4881 quem
1316 4810 1460 4864 Dominus
1475 4807 1577 4862 dilexit
1591 4808 1621 4862 in
1636 4808 1759 4864 odorem
1774 4823 1846 4863 sua-

770 4948 917 5009 VARlAE
941 4945 1184 5009 LECTIONES.

159 5052 199 5099 ³⁸³
213 5058 406 5116 Charinerum
427 5056 458 5113 V.
474 5057 571 5112 Lictb.
599 5051 650 5098 '³⁸4
664 5072 812 5128 quumque
828 5071 895 5112 cum
909 5072 970 5129 cop.

911 5175 1048 5242 NOTAE.

160 5286 233 5361 (501)
248 5290 296 5346 So.
312 5290 425 5345 civitas.
1011 5286 1132 5341 Nullius
1145 5284 1266 5341 heresis
1282 5285 1429 5341 nominata
1451 5290 1543 5355 secta,
1560 5282 1670 5340 nullius
1683 5283 1849 5356 religionis

160 5363 235 5433 (505)
260 5361 354 5415 11131ιο
370 5361 531 5416 Dominicae
547 5359 767 5416 iucarnationis
791 5374 874 5413 anno.
893 5354 959 5412 Vita
1014 5358 1117 5412 dimne
1131 5357 1209 5411 cultu
1235 5363 1374 5412 tenentur
1384 5376 1393 5421 ‚·
1410 5363 1516 5425 tamea,
1533 5357 1610 5411 sicut
1625 5372 1665 5411 er
1678 5372 1780 5410 eorum
1798 5357 1850 5410 in-

127 5428 235 5501 Lietb.,
252 5448 278 5487 o.
290 5432 335 5486 31.
1014 5428 1153 5482 terlcctis
1178 5427 1315 5498 vidimus,
1338 5443 1421 5482 more
1445 5426 1663 5481 Saracenorum
1685 5426 1849 5482 circumci-

161 5502 236 5575 (506)
254 5502 407 5575 Grepatim
430 5499 557 5572 vadunt,
581 5503 676 5557 omnia
692 5518 744 5558 sua
767 5516 865 5556 secum
909 5514 955 5554 or·
1011 5498 1137 5564 dantum
1153 5497 1279 5553 barbari
1294 5497 1443 5568 crudeles,
1459 5497 1626 5568 homicidae,
1641 5499 1708 5557 siue
1722 5495 1848 5573 affecta,

127 5581 226 5637 tentes
240 5589 303 5631 cum
319 5579 379 5630 tota
394 5567 592 5650 supellectile,
601 5573 741 5647 parvulis
755 5579 784 5629 et
798 5515 950 5628 uxoribus.
1007 5569 1074 5626 sine
1085 5569 1210 5644 pietate,
1227 5569 1307 5626 addit
1321 5569 1387 5626 Vita
1400 5568 1507 5643 Lietb,
1524 5584 1550 5625 c.
1566 5567 1611 5629 38.
