<?xml version="1.0" encoding="UTF-8"?>
<!DOCTYPE html PUBLIC "-//W3C//DTD XHTML 1.0 Transitional//EN"
    "http://www.w3.org/TR/xhtml1/DTD/xhtml1-transitional.dtd">
<html xmlns="http://www.w3.org/1999/xhtml" xml:lang="en" lang="en">
 <head>
  <title>
</title>
<meta http-equiv="Content-Type" content="text/html;charset=utf-8" />
  <meta name='ocr-system' content='tesseract 3.04.00' />
  <meta name='ocr-capabilities' content='ocr_page ocr_carea ocr_par ocr_line ocrx_word'/>
</head>
<body>
  <div class='ocr_page' id='page_1' title='image "./patrologiaecurs66unkngoog_0173.png"; bbox 0 0 3900 6112; ppageno 0'>
   <div class='ocr_carea' id='block_1_1' title="bbox 109 298 1834 372">
    <p class='ocr_par' dir='ltr' id='par_1_1' title="bbox 109 298 1834 372">
     <span class='ocr_line' id='line_1_1' title="bbox 109 298 1834 372; baseline 0.006 -11"><span class='ocrx_word' id='word_1_1' title='bbox 109 304 169 371; x_wconf 77' lang='lat'>335</span> <span class='ocrx_word' id='word_1_2' title='bbox 713 302 926 368; x_wconf 76' lang='lat' dir='ltr'>SAMUELIS</span> <span class='ocrx_word' id='word_1_3' title='bbox 946 298 1232 368; x_wconf 70' lang='lat' dir='ltr'>Menocfflnnr.</span> <span class='ocrx_word' id='word_1_4' title='bbox 1773 308 1834 372; x_wconf 85' lang='grc'>336</span> 
     </span>
    </p>
   </div>
   <div class='ocr_carea' id='block_1_2' title="bbox 107 499 1834 853">
    <p class='ocr_par' dir='ltr' id='par_1_2' title="bbox 107 499 1834 853">
     <span class='ocr_line' id='line_1_2' title="bbox 109 499 1832 577; baseline 0.001 -17"><span class='ocrx_word' id='word_1_5' title='bbox 109 499 635 577; x_wconf 81' lang='lat' dir='ltr'>reprobationeludaeorum.Deinde,</span> <span class='ocrx_word' id='word_1_6' title='bbox 652 499 687 555; x_wconf 91' lang='lat' dir='ltr'>de</span> <span class='ocrx_word' id='word_1_7' title='bbox 703 501 846 555; x_wconf 91' lang='lat' dir='ltr'>electione</span> <span class='ocrx_word' id='word_1_8' title='bbox 860 501 1004 574; x_wconf 77' lang='lat' dir='ltr'>gentium,</span> <span class='ocrx_word' id='word_1_9' title='bbox 1019 501 1220 572; x_wconf 89' lang='lat' dir='ltr'>apostolerum</span> <span class='ocrx_word' id='word_1_10' title='bbox 1236 507 1332 558; x_wconf 87' lang='lat' dir='ltr'>antem</span> <span class='ocrx_word' id='word_1_11' title='bbox 1348 502 1414 558; x_wconf 93' lang='lat' dir='ltr'>loeo</span> <span class='ocrx_word' id='word_1_12' title='bbox 1429 503 1649 575; x_wconf 90' lang='lat' dir='ltr'>prophetarum,</span> <span class='ocrx_word' id='word_1_13' title='bbox 1666 508 1696 560; x_wconf 90' lang='lat' dir='ltr'>et</span> <span class='ocrx_word' id='word_1_14' title='bbox 1707 506 1743 561; x_wconf 91' lang='lat' dir='ltr'>de</span> <span class='ocrx_word' id='word_1_15' title='bbox 1758 507 1832 561; x_wconf 87' lang='lat' dir='ltr'>elec-</span> 
     </span>
     <span class='ocr_line' id='line_1_3' title="bbox 108 569 1831 702; baseline 0.001 -71"><span class='ocrx_word' id='word_1_16' title='bbox 108 576 188 631; x_wconf 87' lang='lat' dir='ltr'>tiona</span> <span class='ocrx_word' id='word_1_17' title='bbox 213 573 354 630; x_wconf 84' lang='lat' dir='ltr'>saeriileii</span> <span class='ocrx_word' id='word_1_18' title='bbox 367 571 540 641; x_wconf 88' lang='lat' dir='ltr'>Christiani,</span> <span class='ocrx_word' id='word_1_19' title='bbox 565 569 688 643; x_wconf 81' lang='lat' dir='ltr'>rejectis</span> <span class='ocrx_word' id='word_1_20' title='bbox 712 571 850 626; x_wconf 90' lang='lat' dir='ltr'>omnibns</span> <span class='ocrx_word' id='word_1_21' title='bbox 873 571 1015 639; x_wconf 83' lang='lat' dir='ltr'>ludaieis,</span> <span class='ocrx_word' id='word_1_22' title='bbox 1043 588 1077 625; x_wconf 91' lang='lat' dir='ltr'>ae</span> <span class='ocrx_word' id='word_1_23' title='bbox 1102 573 1219 627; x_wconf 90' lang='lat' dir='ltr'>tandem</span> <span class='ocrx_word' id='word_1_24' title='bbox 1248 574 1308 645; x_wconf 80' lang='lat' dir='ltr'>agit</span> <span class='ocrx_word' id='word_1_25' title='bbox 1324 575 1359 628; x_wconf 92' lang='lat' dir='ltr'>de</span> <span class='ocrx_word' id='word_1_26' title='bbox 1375 580 1460 629; x_wconf 89' lang='lat' dir='ltr'>eentu</span> <span class='ocrx_word' id='word_1_27' title='bbox 1479 574 1728 646; x_wconf 83' lang='lat' dir='ltr'>Christianorum,</span> <span class='ocrx_word' id='word_1_28' title='bbox 1745 593 1831 702; x_wconf 50' lang='grc' dir='ltr'>Ἰυεω</span> 
     </span>
     <span class='ocr_line' id='line_1_4' title="bbox 108 641 1831 715; baseline 0.001 -14"><span class='ocrx_word' id='word_1_29' title='bbox 108 645 237 702; x_wconf 77' lang='lat' dir='ltr'><strong>ostendit</strong></span> <span class='ocrx_word' id='word_1_30' title='bbox 252 660 322 701; x_wconf 88' lang='lat' dir='ltr'>esse</span> <span class='ocrx_word' id='word_1_31' title='bbox 342 647 459 715; x_wconf 75' lang='lat' dir='ltr'>gratum</span> <span class='ocrx_word' id='word_1_32' title='bbox 482 642 554 696; x_wconf 88' lang='lat' dir='ltr'>Dee.</span> <span class='ocrx_word' id='word_1_33' title='bbox 570 642 737 711; x_wconf 89' lang='lat' dir='ltr'>Postremo,</span> <span class='ocrx_word' id='word_1_34' title='bbox 762 657 798 695; x_wconf 88' lang='lat' dir='ltr'>cx</span> <span class='ocrx_word' id='word_1_35' title='bbox 812 642 888 711; x_wconf 91' lang='lat' dir='ltr'>ipsis</span> <span class='ocrx_word' id='word_1_36' title='bbox 907 641 1046 697; x_wconf 74' lang='lat' dir='ltr'>hostibus</span> <span class='ocrx_word' id='word_1_37' title='bbox 1069 642 1294 714; x_wconf 86' lang='lat' dir='ltr'>llahometanls,</span> <span class='ocrx_word' id='word_1_38' title='bbox 1311 648 1339 699; x_wconf 90' lang='lat' dir='ltr'>et</span> <span class='ocrx_word' id='word_1_39' title='bbox 1354 644 1522 701; x_wconf 84' lang='lat' dir='ltr'>lllehorano</span> <span class='ocrx_word' id='word_1_40' title='bbox 1546 647 1668 702; x_wconf 83' lang='lat' dir='ltr'>ludaeos</span> <span class='ocrx_word' id='word_1_41' title='bbox 1690 663 1747 703; x_wconf 92' lang='lat' dir='ltr'>con</span> <span class='ocrx_word' id='word_1_42' title='bbox 1763 652 1831 703; x_wconf 83' lang='lat' dir='ltr'>utet.</span> 
     </span>
     <span class='ocr_line' id='line_1_5' title="bbox 108 711 1834 791; baseline 0.002 -20"><span class='ocrx_word' id='word_1_43' title='bbox 108 714 178 773; x_wconf 83' lang='lat' dir='ltr'>Erat</span> <span class='ocrx_word' id='word_1_44' title='bbox 191 719 289 772; x_wconf 85' lang='lat' dir='ltr'>autam</span> <span class='ocrx_word' id='word_1_45' title='bbox 304 714 353 770; x_wconf 89' lang='lat' dir='ltr'>hie</span> <span class='ocrx_word' id='word_1_46' title='bbox 368 713 499 781; x_wconf 68' lang='lat' dir='ltr'>libellus</span> <span class='ocrx_word' id='word_1_47' title='bbox 516 713 581 767; x_wconf 88' lang='lat' dir='ltr'>sive</span> <span class='ocrx_word' id='word_1_48' title='bbox 597 712 722 783; x_wconf 89' lang='lat' dir='ltr'>epistola</span> <span class='ocrx_word' id='word_1_49' title='bbox 737 711 773 766; x_wconf 89' lang='lat' dir='ltr'>ad</span> <span class='ocrx_word' id='word_1_50' title='bbox 789 713 945 782; x_wconf 87' lang='lat' dir='ltr'>quemdam</span> <span class='ocrx_word' id='word_1_51' title='bbox 960 712 1046 767; x_wconf 80' lang='lat' dir='ltr'>rabbi</span> <span class='ocrx_word' id='word_1_52' title='bbox 1062 712 1145 767; x_wconf 80' lang='lat' dir='ltr'><strong>Isaac</strong></span> <span class='ocrx_word' id='word_1_53' title='bbox 1160 715 1263 783; x_wconf 87' lang='lat' dir='ltr'>missa,</span> <span class='ocrx_word' id='word_1_54' title='bbox 1280 731 1357 770; x_wconf 91' lang='lat' dir='ltr'>anno</span> <span class='ocrx_word' id='word_1_55' title='bbox 1372 717 1487 772; x_wconf 85' lang='lat' dir='ltr'><strong>Domini</strong></span> <span class='ocrx_word' id='word_1_56' title='bbox 1508 718 1676 788; x_wconf 85' lang='lat' dir='ltr'>millesimo,</span> <span class='ocrx_word' id='word_1_57' title='bbox 1694 735 1784 791; x_wconf 91' lang='lat' dir='ltr'>quam</span> <span class='ocrx_word' id='word_1_58' title='bbox 1798 735 1834 774; x_wconf 82' lang='lat' dir='ltr'>ex</span> 
     </span>
     <span class='ocr_line' id='line_1_6' title="bbox 107 782 1394 853; baseline 0.001 -12"><span class='ocrx_word' id='word_1_59' title='bbox 107 786 236 843; x_wconf 79' lang='lat' dir='ltr'>Arabico</span> <span class='ocrx_word' id='word_1_60' title='bbox 252 785 386 841; x_wconf 85' lang='lat' dir='ltr'>Latinam</span> <span class='ocrx_word' id='word_1_61' title='bbox 402 783 471 839; x_wconf 80' lang='lat' dir='ltr'>feeit</span> <span class='ocrx_word' id='word_1_62' title='bbox 487 783 658 853; x_wconf 68' lang='lat' dir='ltr'>alphonsus</span> <span class='ocrx_word' id='word_1_63' title='bbox 675 782 880 839; x_wconf 75' lang='lat' dir='ltr'>bonihominis</span> <span class='ocrx_word' id='word_1_64' title='bbox 896 783 1079 838; x_wconf 87' lang='lat' dir='ltr'>Dominieani</span> <span class='ocrx_word' id='word_1_65' title='bbox 1091 785 1213 851; x_wconf 83' lang='lat' dir='ltr'>ordinis,</span> <span class='ocrx_word' id='word_1_66' title='bbox 1231 800 1298 840; x_wconf 88' lang='lat' dir='ltr'>ann.</span> <span class='ocrx_word' id='word_1_67' title='bbox 1314 783 1394 842; x_wconf 75' lang='lat'><strong>1339.</strong></span> 
     </span>
    </p>
   </div>
   <div class='ocr_carea' id='block_1_3' title="bbox 1181 967 1813 984">
    <p class='ocr_par' dir='ltr' id='par_1_3' title="bbox 1181 967 1813 984">
     <span class='ocr_line' id='line_1_7' title="bbox 1181 967 1813 984; baseline 0.006 -6"><span class='ocrx_word' id='word_1_68' title='bbox 1181 967 1813 984; x_wconf 49' lang='grc' dir='ltr'>Ἤ*</span> 
     </span>
    </p>
   </div>
   <div class='ocr_carea' id='block_1_4' title="bbox 663 1028 1290 1211">
    <p class='ocr_par' dir='ltr' id='par_1_4' title="bbox 663 1028 1290 1211">
     <span class='ocr_line' id='line_1_8' title="bbox 663 1028 1290 1211; baseline 0.008 -5"><span class='ocrx_word' id='word_1_69' title='bbox 663 1099 877 1208; x_wconf 79' lang='lat' dir='ltr'>ansel</span> <span class='ocrx_word' id='word_1_70' title='bbox 924 1028 1290 1211; x_wconf 70' lang='lat' dir='ltr'>sinesiis</span> 
     </span>
    </p>
   </div>
   <div class='ocr_carea' id='block_1_5' title="bbox 822 1268 1099 1332">
    <p class='ocr_par' dir='ltr' id='par_1_5' title="bbox 822 1268 1099 1332">
     <span class='ocr_line' id='line_1_9' title="bbox 822 1268 1099 1332; baseline -0.007 0"><span class='ocrx_word' id='word_1_71' title='bbox 822 1268 1099 1332; x_wconf 78' lang='lat' dir='ltr'>MAROCHIANI</span> 
     </span>
    </p>
   </div>
   <div class='ocr_carea' id='block_1_6' title="bbox 284 1447 1653 1585">
    <p class='ocr_par' dir='ltr' id='par_1_6' title="bbox 284 1447 1653 1585">
     <span class='ocr_line' id='line_1_10' title="bbox 284 1447 1653 1585; baseline 0.001 -3"><span class='ocrx_word' id='word_1_72' title='bbox 284 1455 384 1582; x_wconf 81' lang='lat' dir='ltr'>bb</span> <span class='ocrx_word' id='word_1_73' title='bbox 434 1448 797 1580; x_wconf 72' lang='lat' dir='ltr'>novellu</span> <span class='ocrx_word' id='word_1_74' title='bbox 838 1447 1139 1578; x_wconf 75' lang='lat' dir='ltr'>nusslffl</span> <span class='ocrx_word' id='word_1_75' title='bbox 1189 1450 1653 1585; x_wconf 77' lang='lat' dir='ltr'><strong>PRAETERITO</strong></span> 
     </span>
    </p>
   </div>
   <div class='ocr_carea' id='block_1_7' title="bbox 489 1692 1482 1922">
    <p class='ocr_par' dir='ltr' id='par_1_7' title="bbox 489 1692 1482 1922">
     <span class='ocr_line' id='line_1_11' title="bbox 884 1692 1029 1773; baseline 0.014 -3"><span class='ocrx_word' id='word_1_76' title='bbox 884 1692 1029 1773; x_wconf 75' lang='lat' dir='ltr'>bibuli</span> 
     </span>
     <span class='ocr_line' id='line_1_12' title="bbox 489 1821 1482 1922; baseline 0.003 -20"><span class='ocrx_word' id='word_1_77' title='bbox 489 1839 705 1920; x_wconf 82' lang='lat' dir='ltr'>(Bibliotheca</span> <span class='ocrx_word' id='word_1_78' title='bbox 719 1840 861 1902; x_wconf 83' lang='lat' dir='ltr'>aeterum</span> <span class='ocrx_word' id='word_1_79' title='bbox 875 1838 1027 1912; x_wconf 85' lang='lat' dir='ltr'>Petrum,</span> <span class='ocrx_word' id='word_1_80' title='bbox 1039 1844 1115 1899; x_wconf 87' lang='lat' dir='ltr'>tom.</span> <span class='ocrx_word' id='word_1_81' title='bbox 1133 1837 1252 1917; x_wconf 85' lang='lat' dir='ltr'>XVIII,</span> <span class='ocrx_word' id='word_1_82' title='bbox 1270 1859 1344 1922; x_wconf 80' lang='lat' dir='ltr'>pag.</span> <span class='ocrx_word' id='word_1_83' title='bbox 1360 1841 1445 1920; x_wconf 83' lang='grc'>518.)</span> <span class='ocrx_word' id='word_1_84' title='bbox 1477 1821 1482 1831; x_wconf 64' lang='grc'>’</span> 
     </span>
    </p>
   </div>
   <div class='ocr_carea' id='block_1_8' title="bbox 557 2159 1393 2281">
    <p class='ocr_par' dir='ltr' id='par_1_8' title="bbox 557 2159 1393 2281">
     <span class='ocr_line' id='line_1_13' title="bbox 557 2159 1393 2281; baseline 0.013 -11"><span class='ocrx_word' id='word_1_85' title='bbox 557 2159 907 2274; x_wconf 78' lang='lat' dir='ltr'><strong>ALPHONSI</strong></span> <span class='ocrx_word' id='word_1_86' title='bbox 939 2161 1393 2281; x_wconf 85' lang='lat' dir='ltr'>BONlHOMlNlS</span> 
     </span>
    </p>
   </div>
   <div class='ocr_carea' id='block_1_9' title="bbox 570 2382 1384 2706">
    <p class='ocr_par' dir='ltr' id='par_1_9' title="bbox 570 2382 1384 2706">
     <span class='ocr_line' id='line_1_14' title="bbox 903 2382 1034 2430; baseline -0.008 0"><span class='ocrx_word' id='word_1_87' title='bbox 903 2382 1034 2430; x_wconf 71' lang='lat' dir='ltr'>merere</span> 
     </span>
     <span class='ocr_line' id='line_1_15' title="bbox 570 2497 1384 2573; baseline 0.012 -11"><span class='ocrx_word' id='word_1_88' title='bbox 570 2501 614 2564; x_wconf 92' lang='lat' dir='ltr'>lN</span> <span class='ocrx_word' id='word_1_89' title='bbox 629 2497 972 2573; x_wconf 80' lang='lat' dir='ltr'>SUBSEQUENTEM</span> <span class='ocrx_word' id='word_1_90' title='bbox 988 2499 1202 2565; x_wconf 78' lang='lat' dir='ltr'>SAMUELlS</span> <span class='ocrx_word' id='word_1_91' title='bbox 1218 2504 1384 2572; x_wconf 83' lang='lat' dir='ltr'>LIBRUM</span> 
     </span>
     <span class='ocr_line' id='line_1_16' title="bbox 680 2630 1247 2706; baseline 0.009 -11"><span class='ocrx_word' id='word_1_92' title='bbox 680 2633 781 2706; x_wconf 85' lang='lat' dir='ltr'>Quem</span> <span class='ocrx_word' id='word_1_93' title='bbox 797 2651 839 2694; x_wconf 90' lang='lat' dir='ltr'>ex</span> <span class='ocrx_word' id='word_1_94' title='bbox 852 2630 992 2695; x_wconf 82' lang='lat' dir='ltr'>Arabico</span> <span class='ocrx_word' id='word_1_95' title='bbox 1007 2633 1157 2698; x_wconf 90' lang='lat' dir='ltr'>Latinum</span> <span class='ocrx_word' id='word_1_96' title='bbox 1173 2637 1247 2700; x_wconf 83' lang='lat' dir='ltr'>tecit</span> 
     </span>
    </p>
   </div>
   <div class='ocr_carea' id='block_1_10' title="bbox 268 2762 1678 2879">
    <p class='ocr_par' dir='ltr' id='par_1_10' title="bbox 268 2762 1678 2879">
     <span class='ocr_line' id='line_1_17' title="bbox 268 2762 1678 2879; baseline 0.009 -42"><span class='ocrx_word' id='word_1_97' title='bbox 268 2771 328 2838; x_wconf 88' lang='grc' dir='ltr'>ΑΙ)</span> <span class='ocrx_word' id='word_1_98' title='bbox 348 2766 617 2836; x_wconf 82' lang='lat' dir='ltr'><strong>MAGISTRUM</strong></span> <span class='ocrx_word' id='word_1_99' title='bbox 632 2763 855 2832; x_wconf 84' lang='lat' dir='ltr'><strong>HUGONEM</strong></span> <span class='ocrx_word' id='word_1_100' title='bbox 871 2762 1051 2831; x_wconf 87' lang='lat' dir='ltr'>ORDINIS</span> <span class='ocrx_word' id='word_1_101' title='bbox 1066 2765 1430 2841; x_wconf 80' lang='lat' dir='ltr'><strong>PRAEDICATORUM</strong></span> <span class='ocrx_word' id='word_1_102' title='bbox 1450 2775 1678 2879; x_wconf 80' lang='lat' dir='ltr'><strong>EPISTQLA.</strong></span> 
     </span>
    </p>
   </div>
   <div class='ocr_carea' id='block_1_11' title="bbox 843 2909 1081 2928">
    <p class='ocr_par' dir='ltr' id='par_1_11' title="bbox 843 2909 1081 2928">
     <span class='ocr_line' id='line_1_18' title="bbox 843 2909 1081 2928; baseline 0.004 -5"><span class='ocrx_word' id='word_1_103' title='bbox 843 2909 1081 2928; x_wconf 60' lang='lat' dir='ltr'>u--q</span> 
     </span>
    </p>
   </div>
   <div class='ocr_carea' id='block_1_12' title="bbox 113 3056 1871 5367">
    <p class='ocr_par' dir='ltr' id='par_1_12' title="bbox 113 3056 1836 3516">
     <span class='ocr_line' id='line_1_19' title="bbox 150 3056 1835 3159; baseline 0.007 -20"><span class='ocrx_word' id='word_1_104' title='bbox 150 3079 414 3139; x_wconf 82' lang='lat' dir='ltr'>Reverendissimo</span> <span class='ocrx_word' id='word_1_105' title='bbox 430 3079 459 3132; x_wconf 87' lang='lat' dir='ltr'>in</span> <span class='ocrx_word' id='word_1_106' title='bbox 473 3074 593 3132; x_wconf 88' lang='lat' dir='ltr'>Christo</span> <span class='ocrx_word' id='word_1_107' title='bbox 603 3074 637 3131; x_wconf 84' lang='lat' dir='ltr'>P.</span> <span class='ocrx_word' id='word_1_108' title='bbox 649 3073 682 3130; x_wconf 84' lang='lat' dir='ltr'>F.</span> <span class='ocrx_word' id='word_1_109' title='bbox 698 3073 826 3143; x_wconf 83' lang='lat' dir='ltr'>Huuonr,</span> <span class='ocrx_word' id='word_1_110' title='bbox 837 3074 946 3147; x_wconf 79' lang='lat' dir='ltr'>magis·</span> <span class='ocrx_word' id='word_1_111' title='bbox 958 3056 989 3119; x_wconf 75' lang='grc' dir='ltr'><strong>Α</strong></span> <span class='ocrx_word' id='word_1_112' title='bbox 999 3073 1083 3147; x_wconf 85' lang='lat' dir='ltr'>juxta</span> <span class='ocrx_word' id='word_1_113' title='bbox 1099 3078 1274 3134; x_wconf 87' lang='lat' dir='ltr'>sententiam</span> <span class='ocrx_word' id='word_1_114' title='bbox 1290 3080 1465 3141; x_wconf 89' lang='lat' dir='ltr'>Salvatoris.</span> <span class='ocrx_word' id='word_1_115' title='bbox 1482 3085 1546 3159; x_wconf 82' lang='lat' dir='ltr'>Ego</span> <span class='ocrx_word' id='word_1_116' title='bbox 1569 3091 1684 3145; x_wconf 85' lang='lat' dir='ltr'>veroin</span> <span class='ocrx_word' id='word_1_117' title='bbox 1701 3093 1835 3150; x_wconf 83' lang='lat' dir='ltr'>transie-</span> 
     </span>
     <span class='ocr_line' id='line_1_20' title="bbox 113 3163 1836 3239; baseline 0.005 -11"><span class='ocrx_word' id='word_1_118' title='bbox 113 3176 159 3229; x_wconf 90' lang='lat' dir='ltr'>tro</span> <span class='ocrx_word' id='word_1_119' title='bbox 183 3170 297 3227; x_wconf 76' lang='lat' dir='ltr'>ordinis</span> <span class='ocrx_word' id='word_1_120' title='bbox 318 3167 552 3224; x_wconf 81' lang='lat' dir='ltr'>Praedicatorum</span> <span class='ocrx_word' id='word_1_121' title='bbox 574 3163 767 3236; x_wconf 79' lang='lat' dir='ltr'>dignissimo,</span> <span class='ocrx_word' id='word_1_122' title='bbox 788 3179 821 3218; x_wconf 92' lang='lat' dir='ltr'>ae</span> <span class='ocrx_word' id='word_1_123' title='bbox 842 3179 946 3217; x_wconf 86' lang='lat' dir='ltr'>saero-</span> <span class='ocrx_word' id='word_1_124' title='bbox 1003 3165 1094 3219; x_wconf 89' lang='lat' dir='ltr'>rende</span> <span class='ocrx_word' id='word_1_125' title='bbox 1109 3165 1208 3235; x_wconf 86' lang='lat' dir='ltr'>ipsum</span> <span class='ocrx_word' id='word_1_126' title='bbox 1222 3172 1412 3228; x_wconf 77' lang='lat' dir='ltr'>auctoritates</span> <span class='ocrx_word' id='word_1_127' title='bbox 1425 3174 1529 3232; x_wconf 86' lang='lat' dir='ltr'>Bibliae</span> <span class='ocrx_word' id='word_1_128' title='bbox 1544 3176 1581 3233; x_wconf 90' lang='lat' dir='ltr'>ab</span> <span class='ocrx_word' id='word_1_129' title='bbox 1596 3179 1654 3233; x_wconf 91' lang='lat' dir='ltr'>isto</span> <span class='ocrx_word' id='word_1_130' title='bbox 1669 3178 1778 3239; x_wconf 75' lang='lat' dir='ltr'>tudaeo</span> <span class='ocrx_word' id='word_1_131' title='bbox 1794 3183 1836 3237; x_wconf 88' lang='lat' dir='ltr'>in·</span> 
     </span>
     <span class='ocr_line' id='line_1_21' title="bbox 115 3251 1836 3339; baseline 0.006 -23"><span class='ocrx_word' id='word_1_132' title='bbox 115 3263 227 3317; x_wconf 85' lang='lat' dir='ltr'>sanctae</span> <span class='ocrx_word' id='word_1_133' title='bbox 247 3259 365 3330; x_wconf 81' lang='lat' dir='ltr'>paginae</span> <span class='ocrx_word' id='word_1_134' title='bbox 389 3254 573 3326; x_wconf 79' lang='lat' dir='ltr'>professori,</span> <span class='ocrx_word' id='word_1_135' title='bbox 599 3253 666 3324; x_wconf 86' lang='lat' dir='ltr'>ejus</span> <span class='ocrx_word' id='word_1_136' title='bbox 692 3252 828 3307; x_wconf 85' lang='lat' dir='ltr'>subditus</span> <span class='ocrx_word' id='word_1_137' title='bbox 858 3254 948 3306; x_wconf 83' lang='lat' dir='ltr'>irater</span> <span class='ocrx_word' id='word_1_138' title='bbox 1002 3251 1107 3308; x_wconf 86' lang='lat' dir='ltr'>ductos</span> <span class='ocrx_word' id='word_1_139' title='bbox 1123 3255 1233 3326; x_wconf 79' lang='lat' dir='ltr'>scripsi</span> <span class='ocrx_word' id='word_1_140' title='bbox 1249 3257 1280 3312; x_wconf 90' lang='lat' dir='ltr'>in</span> <span class='ocrx_word' id='word_1_141' title='bbox 1294 3259 1369 3314; x_wconf 90' lang='lat' dir='ltr'>locis</span> <span class='ocrx_word' id='word_1_142' title='bbox 1380 3262 1445 3317; x_wconf 88' lang='lat' dir='ltr'>suis</span> <span class='ocrx_word' id='word_1_143' title='bbox 1455 3264 1485 3318; x_wconf 90' lang='lat' dir='ltr'>in</span> <span class='ocrx_word' id='word_1_144' title='bbox 1496 3264 1624 3321; x_wconf 80' lang='lat' dir='ltr'>Arabico</span> <span class='ocrx_word' id='word_1_145' title='bbox 1639 3269 1752 3339; x_wconf 85' lang='lat' dir='ltr'>pariter</span> <span class='ocrx_word' id='word_1_146' title='bbox 1767 3272 1836 3327; x_wconf 88' lang='lat' dir='ltr'>etin</span> 
     </span>
     <span class='ocr_line' id='line_1_22' title="bbox 115 3341 1834 3420; baseline 0.008 -17"><span class='ocrx_word' id='word_1_147' title='bbox 115 3349 289 3420; x_wconf 79' lang='lat' dir='ltr'>Alphonsus</span> <span class='ocrx_word' id='word_1_148' title='bbox 300 3347 503 3412; x_wconf 81' lang='lat' dir='ltr'>Bomnernms,</span> <span class='ocrx_word' id='word_1_149' title='bbox 516 3343 677 3412; x_wconf 87' lang='lat' dir='ltr'>Hispanus,</span> <span class='ocrx_word' id='word_1_150' title='bbox 690 3341 870 3411; x_wconf 85' lang='lat' dir='ltr'>promissam</span> <span class='ocrx_word' id='word_1_151' title='bbox 881 3341 947 3394; x_wconf 82' lang='lat' dir='ltr'>obe</span> <span class='ocrx_word' id='word_1_152' title='bbox 1004 3341 1186 3412; x_wconf 89' lang='lat' dir='ltr'>Latine,nen</span> <span class='ocrx_word' id='word_1_153' title='bbox 1201 3350 1288 3415; x_wconf 93' lang='lat' dir='ltr'>prout</span> <span class='ocrx_word' id='word_1_154' title='bbox 1301 3349 1331 3402; x_wconf 89' lang='lat' dir='ltr'>in</span> <span class='ocrx_word' id='word_1_155' title='bbox 1353 3356 1453 3405; x_wconf 89' lang='lat' dir='ltr'>nostra</span> <span class='ocrx_word' id='word_1_156' title='bbox 1476 3353 1621 3410; x_wconf 89' lang='lat' dir='ltr'>habentur</span> <span class='ocrx_word' id='word_1_157' title='bbox 1640 3358 1834 3416; x_wconf 85' lang='lat' dir='ltr'>translatione</span> 
     </span>
     <span class='ocr_line' id='line_1_23' title="bbox 115 3429 1835 3516; baseline 0.008 -24"><span class='ocrx_word' id='word_1_158' title='bbox 115 3436 255 3492; x_wconf 88' lang='lat' dir='ltr'>dientiam</span> <span class='ocrx_word' id='word_1_159' title='bbox 270 3436 433 3504; x_wconf 90' lang='lat' dir='ltr'>promptam</span> <span class='ocrx_word' id='word_1_160' title='bbox 445 3432 474 3485; x_wconf 91' lang='lat' dir='ltr'>in</span> <span class='ocrx_word' id='word_1_161' title='bbox 489 3430 667 3484; x_wconf 89' lang='lat' dir='ltr'>omnibusne</span> <span class='ocrx_word' id='word_1_162' title='bbox 677 3429 821 3484; x_wconf 88' lang='lat' dir='ltr'>devotam.</span> <span class='ocrx_word' id='word_1_163' title='bbox 1002 3431 1167 3486; x_wconf 88' lang='lat' dir='ltr'>seeundum</span> <span class='ocrx_word' id='word_1_164' title='bbox 1187 3433 1304 3489; x_wconf 91' lang='lat' dir='ltr'>beatum</span> <span class='ocrx_word' id='word_1_165' title='bbox 1333 3437 1559 3510; x_wconf 68' lang='lat' dir='ltr'>Hieronymum,</span> <span class='ocrx_word' id='word_1_166' title='bbox 1584 3444 1637 3498; x_wconf 89' lang='lat' dir='ltr'>sed</span> <span class='ocrx_word' id='word_1_167' title='bbox 1661 3451 1750 3516; x_wconf 89' lang='lat' dir='ltr'>prout</span> <span class='ocrx_word' id='word_1_168' title='bbox 1779 3450 1835 3504; x_wconf 88' lang='lat' dir='ltr'>iste</span> 
     </span>
    </p>

    <p class='ocr_par' dir='ltr' id='par_1_13' title="bbox 116 3516 1871 5367">
     <span class='ocr_line' id='line_1_24' title="bbox 153 3516 1836 3606; baseline 0.009 -29"><span class='ocrx_word' id='word_1_169' title='bbox 153 3522 227 3578; x_wconf 87' lang='lat' dir='ltr'>Cum</span> <span class='ocrx_word' id='word_1_170' title='bbox 242 3536 299 3594; x_wconf 78' lang='lat' dir='ltr'>ego</span> <span class='ocrx_word' id='word_1_171' title='bbox 314 3523 438 3590; x_wconf 89' lang='lat' dir='ltr'>propter</span> <span class='ocrx_word' id='word_1_172' title='bbox 447 3517 619 3589; x_wconf 85' lang='lat' dir='ltr'>parvitatem</span> <span class='ocrx_word' id='word_1_173' title='bbox 627 3533 721 3572; x_wconf 85' lang='lat' dir='ltr'>meam</span> <span class='ocrx_word' id='word_1_174' title='bbox 733 3516 948 3572; x_wconf 83' lang='lat' dir='ltr'>etinsuilleien·</span> <span class='ocrx_word' id='word_1_175' title='bbox 1002 3517 1126 3573; x_wconf 81' lang='lat' dir='ltr'>ludoeus</span> <span class='ocrx_word' id='word_1_176' title='bbox 1142 3521 1262 3590; x_wconf 75' lang='lat' dir='ltr'>scripsit</span> <span class='ocrx_word' id='word_1_177' title='bbox 1277 3526 1394 3595; x_wconf 78' lang='lat' dir='ltr'>quande</span> <span class='ocrx_word' id='word_1_178' title='bbox 1410 3530 1577 3600; x_wconf 88' lang='lat' dir='ltr'>composuit</span> <span class='ocrx_word' id='word_1_179' title='bbox 1599 3532 1677 3589; x_wconf 90' lang='lat' dir='ltr'>istud</span> <span class='ocrx_word' id='word_1_180' title='bbox 1694 3549 1784 3606; x_wconf 87' lang='lat' dir='ltr'>opus.</span> <span class='ocrx_word' id='word_1_181' title='bbox 1800 3536 1836 3591; x_wconf 82' lang='lat' dir='ltr'>Et</span> 
     </span>
     <span class='ocr_line' id='line_1_25' title="bbox 116 3606 1835 3698; baseline 0.009 -31"><span class='ocrx_word' id='word_1_182' title='bbox 116 3613 187 3668; x_wconf 88' lang='lat' dir='ltr'>tiam</span> <span class='ocrx_word' id='word_1_183' title='bbox 202 3626 260 3665; x_wconf 90' lang='lat' dir='ltr'>non</span> <span class='ocrx_word' id='word_1_184' title='bbox 276 3610 333 3664; x_wconf 92' lang='lat' dir='ltr'>sim</span> <span class='ocrx_word' id='word_1_185' title='bbox 347 3608 415 3662; x_wconf 90' lang='lat' dir='ltr'>talis</span> <span class='ocrx_word' id='word_1_186' title='bbox 430 3606 480 3678; x_wconf 89' lang='lat' dir='ltr'>qui</span> <span class='ocrx_word' id='word_1_187' title='bbox 495 3606 581 3660; x_wconf 89' lang='lat' dir='ltr'>vebis</span> <span class='ocrx_word' id='word_1_188' title='bbox 592 3610 620 3660; x_wconf 87' lang='lat' dir='ltr'>et</span> <span class='ocrx_word' id='word_1_189' title='bbox 634 3621 685 3675; x_wconf 91' lang='lat' dir='ltr'>pro</span> <span class='ocrx_word' id='word_1_190' title='bbox 697 3607 783 3660; x_wconf 90' lang='lat' dir='ltr'>vobis</span> <span class='ocrx_word' id='word_1_191' title='bbox 795 3606 888 3660; x_wconf 89' lang='lat' dir='ltr'>sciam</span> <span class='ocrx_word' id='word_1_192' title='bbox 898 3606 945 3659; x_wconf 88' lang='lat' dir='ltr'>vel</span> <span class='ocrx_word' id='word_1_193' title='bbox 1002 3606 1058 3660; x_wconf 90' lang='lat' dir='ltr'>hee</span> <span class='ocrx_word' id='word_1_194' title='bbox 1074 3606 1134 3662; x_wconf 82' lang='lat' dir='ltr'>saei</span> <span class='ocrx_word' id='word_1_195' title='bbox 1149 3625 1186 3664; x_wconf 91' lang='lat' dir='ltr'>ne</span> <span class='ocrx_word' id='word_1_196' title='bbox 1201 3611 1309 3682; x_wconf 89' lang='lat' dir='ltr'>aliquis</span> <span class='ocrx_word' id='word_1_197' title='bbox 1318 3619 1422 3684; x_wconf 88' lang='lat' dir='ltr'>posset</span> <span class='ocrx_word' id='word_1_198' title='bbox 1436 3619 1678 3691; x_wconf 84' lang='lat' dir='ltr'>mihiimpouera,</span> <span class='ocrx_word' id='word_1_199' title='bbox 1687 3625 1768 3695; x_wconf 87' lang='lat' dir='ltr'>quod</span> <span class='ocrx_word' id='word_1_200' title='bbox 1778 3640 1835 3698; x_wconf 71' lang='lat' dir='ltr'>ego</span> 
     </span>
     <span class='ocr_line' id='line_1_26' title="bbox 117 3694 1835 3780; baseline 0.008 -24"><span class='ocrx_word' id='word_1_201' title='bbox 117 3700 233 3773; x_wconf 86' lang='lat' dir='ltr'>possim</span> <span class='ocrx_word' id='word_1_202' title='bbox 249 3697 359 3769; x_wconf 88' lang='lat' dir='ltr'>aliquid</span> <span class='ocrx_word' id='word_1_203' title='bbox 382 3696 481 3766; x_wconf 81' lang='lat' dir='ltr'>magni</span> <span class='ocrx_word' id='word_1_204' title='bbox 497 3695 605 3763; x_wconf 83' lang='lat' dir='ltr'>lacere,</span> <span class='ocrx_word' id='word_1_205' title='bbox 621 3695 669 3748; x_wconf 81' lang='lat' dir='ltr'>vel</span> <span class='ocrx_word' id='word_1_206' title='bbox 684 3696 788 3749; x_wconf 89' lang='lat' dir='ltr'>saltem</span> <span class='ocrx_word' id='word_1_207' title='bbox 803 3695 948 3748; x_wconf 83' lang='lat' dir='ltr'>assistere</span> <span class='ocrx_word' id='word_1_208' title='bbox 1001 3694 1031 3747; x_wconf 91' lang='lat' dir='ltr'>in</span> <span class='ocrx_word' id='word_1_209' title='bbox 1062 3698 1140 3750; x_wconf 83' lang='lat' dir='ltr'>textu</span> <span class='ocrx_word' id='word_1_210' title='bbox 1156 3703 1400 3769; x_wconf 80' lang='lat' dir='ltr'>praesumpserim</span> <span class='ocrx_word' id='word_1_211' title='bbox 1421 3705 1530 3777; x_wconf 89' lang='lat' dir='ltr'>aliquid</span> <span class='ocrx_word' id='word_1_212' title='bbox 1546 3709 1670 3780; x_wconf 86' lang='lat' dir='ltr'>addere,</span> <span class='ocrx_word' id='word_1_213' title='bbox 1686 3712 1736 3768; x_wconf 90' lang='lat' dir='ltr'>vel</span> <span class='ocrx_word' id='word_1_214' title='bbox 1749 3713 1835 3768; x_wconf 91' lang='lat' dir='ltr'>dimi·</span> 
     </span>
     <span class='ocr_line' id='line_1_27' title="bbox 116 3783 1834 3865; baseline 0.007 -19"><span class='ocrx_word' id='word_1_215' title='bbox 116 3790 229 3845; x_wconf 89' lang='lat' dir='ltr'>tanturn</span> <span class='ocrx_word' id='word_1_216' title='bbox 238 3787 268 3841; x_wconf 92' lang='lat' dir='ltr'>in</span> <span class='ocrx_word' id='word_1_217' title='bbox 283 3784 436 3840; x_wconf 87' lang='lat' dir='ltr'>laboribus</span> <span class='ocrx_word' id='word_1_218' title='bbox 446 3788 474 3838; x_wconf 91' lang='lat' dir='ltr'>et</span> <span class='ocrx_word' id='word_1_219' title='bbox 486 3783 567 3837; x_wconf 87' lang='lat' dir='ltr'>curis</span> <span class='ocrx_word' id='word_1_220' title='bbox 575 3783 947 3854; x_wconf 85' lang='lat' dir='ltr'>vestris,quespr0nestra</span> <span class='ocrx_word' id='word_1_221' title='bbox 1001 3798 1103 3853; x_wconf 90' lang='lat' dir='ltr'>nuere,</span> <span class='ocrx_word' id='word_1_222' title='bbox 1121 3785 1167 3839; x_wconf 89' lang='lat' dir='ltr'>vel</span> <span class='ocrx_word' id='word_1_223' title='bbox 1184 3788 1357 3861; x_wconf 88' lang='lat' dir='ltr'>immutare;</span> <span class='ocrx_word' id='word_1_224' title='bbox 1375 3795 1404 3846; x_wconf 90' lang='lat' dir='ltr'>et</span> <span class='ocrx_word' id='word_1_225' title='bbox 1426 3809 1518 3865; x_wconf 88' lang='lat' dir='ltr'>super</span> <span class='ocrx_word' id='word_1_226' title='bbox 1539 3798 1595 3853; x_wconf 88' lang='lat' dir='ltr'>hoe</span> <span class='ocrx_word' id='word_1_227' title='bbox 1619 3804 1706 3854; x_wconf 89' lang='lat' dir='ltr'>erunt</span> <span class='ocrx_word' id='word_1_228' title='bbox 1730 3817 1834 3858; x_wconf 84' lang='lat' dir='ltr'>omncs</span> 
     </span>
     <span class='ocr_line' id='line_1_28' title="bbox 121 3870 1834 3962; baseline 0.008 -29"><span class='ocrx_word' id='word_1_229' title='bbox 121 3877 251 3934; x_wconf 89' lang='lat' dir='ltr'>omnium</span> <span class='ocrx_word' id='word_1_230' title='bbox 263 3874 361 3946; x_wconf 89' lang='lat' dir='ltr'>quiete</span> <span class='ocrx_word' id='word_1_231' title='bbox 376 3872 504 3928; x_wconf 86' lang='lat' dir='ltr'>ettotius</span> <span class='ocrx_word' id='word_1_232' title='bbox 520 3870 634 3926; x_wconf 90' lang='lat' dir='ltr'>ordinis</span> <span class='ocrx_word' id='word_1_233' title='bbox 648 3887 721 3942; x_wconf 89' lang='lat' dir='ltr'>paee</span> <span class='ocrx_word' id='word_1_234' title='bbox 735 3873 765 3925; x_wconf 89' lang='lat' dir='ltr'>in</span> <span class='ocrx_word' id='word_1_235' title='bbox 781 3873 861 3926; x_wconf 86' lang='lat' dir='ltr'>curie</span> <span class='ocrx_word' id='word_1_236' title='bbox 876 3889 947 3927; x_wconf 89' lang='lat' dir='ltr'>sus·</span> <span class='ocrx_word' id='word_1_237' title='bbox 1002 3871 1052 3940; x_wconf 89' lang='lat' dir='ltr'>qui</span> <span class='ocrx_word' id='word_1_238' title='bbox 1067 3873 1165 3926; x_wconf 89' lang='lat' dir='ltr'>sciunt</span> <span class='ocrx_word' id='word_1_239' title='bbox 1180 3875 1339 3932; x_wconf 79' lang='lat' dir='ltr'>Arabicum</span> <span class='ocrx_word' id='word_1_240' title='bbox 1353 3881 1446 3936; x_wconf 90' lang='lat' dir='ltr'>testes</span> <span class='ocrx_word' id='word_1_241' title='bbox 1457 3884 1538 3939; x_wconf 90' lang='lat' dir='ltr'>mihi.</span> <span class='ocrx_word' id='word_1_242' title='bbox 1556 3884 1592 3940; x_wconf 82' lang='lat' dir='ltr'>Et</span> <span class='ocrx_word' id='word_1_243' title='bbox 1606 3885 1662 3942; x_wconf 88' lang='lat' dir='ltr'>hoe</span> <span class='ocrx_word' id='word_1_244' title='bbox 1678 3888 1746 3944; x_wconf 87' lang='lat' dir='ltr'>dieo</span> <span class='ocrx_word' id='word_1_245' title='bbox 1766 3891 1834 3962; x_wconf 87' lang='lat' dir='ltr'>quia</span> 
     </span>
     <span class='ocr_line' id='line_1_29' title="bbox 118 3959 1833 4049; baseline 0.007 -26"><span class='ocrx_word' id='word_1_246' title='bbox 118 3968 240 4035; x_wconf 85' lang='lat' dir='ltr'>tinetis;</span> <span class='ocrx_word' id='word_1_247' title='bbox 266 3963 302 4020; x_wconf 90' lang='lat' dir='ltr'>ad</span> <span class='ocrx_word' id='word_1_248' title='bbox 317 3962 454 4018; x_wconf 86' lang='lat' dir='ltr'>solatium</span> <span class='ocrx_word' id='word_1_249' title='bbox 469 3963 646 4016; x_wconf 88' lang='lat' dir='ltr'>vestrumst</span> <span class='ocrx_word' id='word_1_250' title='bbox 666 3960 792 4032; x_wconf 84' lang='lat' dir='ltr'>aliquale</span> <span class='ocrx_word' id='word_1_251' title='bbox 808 3961 948 4015; x_wconf 82' lang='lat' dir='ltr'>subleva·</span> <span class='ocrx_word' id='word_1_252' title='bbox 1002 3959 1127 4015; x_wconf 75' lang='lat' dir='ltr'>luemus</span> <span class='ocrx_word' id='word_1_253' title='bbox 1143 3962 1199 4018; x_wconf 85' lang='lat' dir='ltr'>iste</span> <span class='ocrx_word' id='word_1_254' title='bbox 1214 3971 1346 4022; x_wconf 88' lang='lat' dir='ltr'>nostram</span> <span class='ocrx_word' id='word_1_255' title='bbox 1368 3971 1589 4029; x_wconf 88' lang='lat' dir='ltr'>translationem</span> <span class='ocrx_word' id='word_1_256' title='bbox 1613 3992 1671 4031; x_wconf 93' lang='lat' dir='ltr'>non</span> <span class='ocrx_word' id='word_1_257' title='bbox 1687 3983 1833 4049; x_wconf 86' lang='lat' dir='ltr'>sequitur,</span> 
     </span>
     <span class='ocr_line' id='line_1_30' title="bbox 118 4049 1835 4138; baseline 0.006 -26"><span class='ocrx_word' id='word_1_258' title='bbox 118 4071 186 4112; x_wconf 87' lang='lat' dir='ltr'>men</span> <span class='ocrx_word' id='word_1_259' title='bbox 202 4052 324 4122; x_wconf 89' lang='lat' dir='ltr'>laboris,</span> <span class='ocrx_word' id='word_1_260' title='bbox 350 4051 464 4107; x_wconf 81' lang='lat' dir='ltr'>habeus</span> <span class='ocrx_word' id='word_1_261' title='bbox 489 4049 619 4104; x_wconf 84' lang='lat' dir='ltr'>libellum</span> <span class='ocrx_word' id='word_1_262' title='bbox 634 4050 882 4120; x_wconf 87' lang='lat' dir='ltr'>antiquissimum,</span> <span class='ocrx_word' id='word_1_263' title='bbox 898 4050 948 4123; x_wconf 90' lang='lat' dir='ltr'>qui</span> <span class='ocrx_word' id='word_1_264' title='bbox 1004 4052 1035 4101; x_wconf 92' lang='lat' dir='ltr'>nt</span> <span class='ocrx_word' id='word_1_265' title='bbox 1046 4049 1172 4104; x_wconf 88' lang='lat' dir='ltr'>audietis</span> <span class='ocrx_word' id='word_1_266' title='bbox 1190 4051 1218 4105; x_wconf 89' lang='lat' dir='ltr'>in</span> <span class='ocrx_word' id='word_1_267' title='bbox 1234 4068 1389 4122; x_wconf 87' lang='lat' dir='ltr'>processu.</span> <span class='ocrx_word' id='word_1_268' title='bbox 1407 4058 1453 4114; x_wconf 86' lang='lat' dir='ltr'>lle</span> <span class='ocrx_word' id='word_1_269' title='bbox 1468 4064 1575 4133; x_wconf 89' lang='lat' dir='ltr'>aulem,</span> <span class='ocrx_word' id='word_1_270' title='bbox 1590 4065 1729 4136; x_wconf 88' lang='lat' dir='ltr'>uteredo,</span> <span class='ocrx_word' id='word_1_271' title='bbox 1746 4082 1835 4138; x_wconf 88' lang='lat' dir='ltr'>opor·</span> 
     </span>
     <span class='ocr_line' id='line_1_31' title="bbox 119 4137 1836 4227; baseline 0.006 -26"><span class='ocrx_word' id='word_1_272' title='bbox 119 4161 214 4218; x_wconf 88' lang='lat' dir='ltr'>nuper</span> <span class='ocrx_word' id='word_1_273' title='bbox 238 4159 310 4197; x_wconf 87' lang='lat' dir='ltr'>casu</span> <span class='ocrx_word' id='word_1_274' title='bbox 326 4140 445 4196; x_wconf 80' lang='lat' dir='ltr'>fortuito</span> <span class='ocrx_word' id='word_1_275' title='bbox 461 4138 578 4194; x_wconf 86' lang='lat' dir='ltr'>devenit</span> <span class='ocrx_word' id='word_1_276' title='bbox 603 4139 633 4193; x_wconf 89' lang='lat' dir='ltr'>in</span> <span class='ocrx_word' id='word_1_277' title='bbox 651 4154 755 4193; x_wconf 88' lang='lat' dir='ltr'>manus</span> <span class='ocrx_word' id='word_1_278' title='bbox 775 4143 903 4208; x_wconf 87' lang='lat' dir='ltr'>nostras,</span> <span class='ocrx_word' id='word_1_279' title='bbox 920 4143 949 4194; x_wconf 89' lang='lat' dir='ltr'>et</span> <span class='ocrx_word' id='word_1_280' title='bbox 1003 4137 1058 4191; x_wconf 87' lang='lat' dir='ltr'>tuit</span> <span class='ocrx_word' id='word_1_281' title='bbox 1071 4137 1169 4207; x_wconf 87' lang='lat' dir='ltr'>ipsum</span> <span class='ocrx_word' id='word_1_282' title='bbox 1185 4156 1331 4210; x_wconf 85' lang='lat' dir='ltr'>exponere</span> <span class='ocrx_word' id='word_1_283' title='bbox 1351 4146 1381 4199; x_wconf 91' lang='lat' dir='ltr'>in</span> <span class='ocrx_word' id='word_1_284' title='bbox 1397 4147 1500 4203; x_wconf 84' lang='lat' dir='ltr'>Latino</span> <span class='ocrx_word' id='word_1_285' title='bbox 1523 4156 1609 4220; x_wconf 92' lang='lat' dir='ltr'>prout</span> <span class='ocrx_word' id='word_1_286' title='bbox 1624 4153 1690 4223; x_wconf 88' lang='lat' dir='ltr'>ipse</span> <span class='ocrx_word' id='word_1_287' title='bbox 1705 4156 1836 4227; x_wconf 85' lang='lat' dir='ltr'>loquitur</span> 
     </span>
     <span class='ocr_line' id='line_1_32' title="bbox 119 4225 1837 4315; baseline 0.008 -28"><span class='ocrx_word' id='word_1_288' title='bbox 119 4235 174 4290; x_wconf 83' lang='lat' dir='ltr'>luit</span> <span class='ocrx_word' id='word_1_289' title='bbox 188 4235 274 4287; x_wconf 88' lang='lat' dir='ltr'>antea</span> <span class='ocrx_word' id='word_1_290' title='bbox 289 4234 330 4285; x_wconf 93' lang='lat' dir='ltr'>tot</span> <span class='ocrx_word' id='word_1_291' title='bbox 347 4228 530 4299; x_wconf 89' lang='lat' dir='ltr'>temporibus</span> <span class='ocrx_word' id='word_1_292' title='bbox 545 4227 719 4296; x_wconf 86' lang='lat' dir='ltr'>occultatus,</span> <span class='ocrx_word' id='word_1_293' title='bbox 736 4244 812 4282; x_wconf 81' lang='lat' dir='ltr'>nova</span> <span class='ocrx_word' id='word_1_294' title='bbox 827 4229 949 4283; x_wconf 73' lang='lat' dir='ltr'>unusla-</span> <span class='ocrx_word' id='word_1_295' title='bbox 1004 4225 1034 4278; x_wconf 91' lang='lat' dir='ltr'>in</span> <span class='ocrx_word' id='word_1_296' title='bbox 1046 4225 1184 4296; x_wconf 81' lang='lat' dir='ltr'>Arabico,</span> <span class='ocrx_word' id='word_1_297' title='bbox 1202 4229 1271 4300; x_wconf 85' lang='lat' dir='ltr'>ejus</span> <span class='ocrx_word' id='word_1_298' title='bbox 1281 4233 1400 4288; x_wconf 88' lang='lat' dir='ltr'>medum</span> <span class='ocrx_word' id='word_1_299' title='bbox 1411 4235 1755 4310; x_wconf 87' lang='lat' dir='ltr'>loquendiquantumest</span> <span class='ocrx_word' id='word_1_300' title='bbox 1768 4261 1837 4315; x_wconf 91' lang='lat' dir='ltr'>pos·</span> 
     </span>
     <span class='ocr_line' id='line_1_33' title="bbox 116 4313 1835 4402; baseline 0.012 -25"><span class='ocrx_word' id='word_1_301' title='bbox 116 4324 195 4377; x_wconf 90' lang='lat' dir='ltr'>tione</span> <span class='ocrx_word' id='word_1_302' title='bbox 212 4322 247 4376; x_wconf 88' lang='lat' dir='ltr'>de</span> <span class='ocrx_word' id='word_1_303' title='bbox 263 4319 389 4373; x_wconf 82' lang='lat' dir='ltr'>Arabico</span> <span class='ocrx_word' id='word_1_304' title='bbox 405 4318 435 4372; x_wconf 89' lang='lat' dir='ltr'>in</span> <span class='ocrx_word' id='word_1_305' title='bbox 451 4317 585 4372; x_wconf 84' lang='lat' dir='ltr'>Latinum</span> <span class='ocrx_word' id='word_1_306' title='bbox 600 4333 652 4386; x_wconf 92' lang='lat' dir='ltr'>per</span> <span class='ocrx_word' id='word_1_307' title='bbox 663 4332 709 4372; x_wconf 89' lang='lat' dir='ltr'>me</span> <span class='ocrx_word' id='word_1_308' title='bbox 727 4317 948 4386; x_wconf 85' lang='lat' dir='ltr'>interpretatum</span> <span class='ocrx_word' id='word_1_309' title='bbox 1003 4313 1091 4368; x_wconf 72' lang='lat' dir='ltr'>sibile</span> <span class='ocrx_word' id='word_1_310' title='bbox 1107 4316 1135 4369; x_wconf 71' lang='lat'>0¹</span> <span class='ocrx_word' id='word_1_311' title='bbox 1151 4317 1285 4373; x_wconf 59' lang='lat' dir='ltr'>Ordinem</span> <span class='ocrx_word' id='word_1_312' title='bbox 1299 4320 1505 4391; x_wconf 72' lang='lat' dir='ltr'>⁰b⁸0rv⁸11d03</span> <span class='ocrx_word' id='word_1_313' title='bbox 1531 4328 1587 4382; x_wconf 64' lang='lat' dir='ltr'>fllia</span> <span class='ocrx_word' id='word_1_314' title='bbox 1604 4344 1662 4385; x_wconf 91' lang='lat' dir='ltr'>non</span> <span class='ocrx_word' id='word_1_315' title='bbox 1687 4330 1835 4402; x_wconf 65' lang='lat' dir='ltr'>interpres</span> 
     </span>
     <span class='ocr_line' id='line_1_34' title="bbox 117 4393 1845 4486; baseline 0.008 -24"><span class='ocrx_word' id='word_1_316' title='bbox 117 4409 206 4462; x_wconf 84' lang='lat' dir='ltr'>vobis</span> <span class='ocrx_word' id='word_1_317' title='bbox 221 4407 396 4460; x_wconf 88' lang='lat' dir='ltr'>transmitto.</span> <span class='ocrx_word' id='word_1_318' title='bbox 422 4405 580 4459; x_wconf 87' lang='lat' dir='ltr'>Sciendum</span> <span class='ocrx_word' id='word_1_319' title='bbox 594 4408 691 4460; x_wconf 89' lang='lat' dir='ltr'>autem</span> <span class='ocrx_word' id='word_1_320' title='bbox 706 4407 785 4477; x_wconf 90' lang='lat' dir='ltr'>quod</span> <span class='ocrx_word' id='word_1_321' title='bbox 806 4407 882 4461; x_wconf 89' lang='lat' dir='ltr'>inter</span> <span class='ocrx_word' id='word_1_322' title='bbox 896 4407 946 4462; x_wconf 86' lang='lat' dir='ltr'>lu·</span> <span class='ocrx_word' id='word_1_323' title='bbox 960 4393 989 4458; x_wconf 88' lang='lat' dir='ltr'><strong>B</strong></span> <span class='ocrx_word' id='word_1_324' title='bbox 1004 4401 1082 4472; x_wconf 85' lang='lat' dir='ltr'>ejus,</span> <span class='ocrx_word' id='word_1_325' title='bbox 1100 4404 1153 4458; x_wconf 89' lang='lat' dir='ltr'>sed</span> <span class='ocrx_word' id='word_1_326' title='bbox 1169 4411 1325 4477; x_wconf 88' lang='lat' dir='ltr'>corruptor</span> <span class='ocrx_word' id='word_1_327' title='bbox 1338 4408 1407 4465; x_wconf 89' lang='lat' dir='ltr'>libri</span> <span class='ocrx_word' id='word_1_328' title='bbox 1420 4415 1478 4481; x_wconf 88' lang='lat' dir='ltr'>sui,</span> <span class='ocrx_word' id='word_1_329' title='bbox 1495 4416 1597 4470; x_wconf 90' lang='lat' dir='ltr'>merito</span> <span class='ocrx_word' id='word_1_330' title='bbox 1618 4433 1739 4486; x_wconf 91' lang='lat' dir='ltr'>possem</span> <span class='ocrx_word' id='word_1_331' title='bbox 1761 4420 1845 4486; x_wconf 63' lang='lat' dir='ltr'>dici,</span> 
     </span>
     <span class='ocr_line' id='line_1_35' title="bbox 122 4490 1871 4581; baseline 0.007 -30"><span class='ocrx_word' id='word_1_332' title='bbox 122 4495 205 4551; x_wconf 85' lang='lat' dir='ltr'>daeos</span> <span class='ocrx_word' id='word_1_333' title='bbox 220 4494 342 4547; x_wconf 90' lang='lat' dir='ltr'>multum</span> <span class='ocrx_word' id='word_1_334' title='bbox 357 4493 523 4565; x_wconf 79' lang='lat' dir='ltr'>glorientur</span> <span class='ocrx_word' id='word_1_335' title='bbox 545 4493 587 4548; x_wconf 92' lang='lat' dir='ltr'>illi</span> <span class='ocrx_word' id='word_1_336' title='bbox 604 4493 653 4564; x_wconf 82' lang='lat' dir='ltr'>qni</span> <span class='ocrx_word' id='word_1_337' title='bbox 668 4493 859 4550; x_wconf 79' lang='lat' dir='ltr'>Arabicarum</span> <span class='ocrx_word' id='word_1_338' title='bbox 874 4497 948 4550; x_wconf 92' lang='lat' dir='ltr'>ebti-</span> <span class='ocrx_word' id='word_1_339' title='bbox 1003 4506 1058 4545; x_wconf 88' lang='lat' dir='ltr'>nee</span> <span class='ocrx_word' id='word_1_340' title='bbox 1082 4490 1193 4563; x_wconf 77' lang='lat' dir='ltr'>ludaei,</span> <span class='ocrx_word' id='word_1_341' title='bbox 1211 4495 1238 4549; x_wconf 88' lang='lat' dir='ltr'>si</span> <span class='ocrx_word' id='word_1_342' title='bbox 1262 4498 1394 4554; x_wconf 90' lang='lat' dir='ltr'>viderent</span> <span class='ocrx_word' id='word_1_343' title='bbox 1416 4501 1512 4571; x_wconf 88' lang='lat' dir='ltr'>ipsum</span> <span class='ocrx_word' id='word_1_344' title='bbox 1528 4505 1634 4559; x_wconf 91' lang='lat' dir='ltr'>librum</span> <span class='ocrx_word' id='word_1_345' title='bbox 1654 4507 1685 4560; x_wconf 93' lang='lat' dir='ltr'>in</span> <span class='ocrx_word' id='word_1_346' title='bbox 1710 4513 1871 4581; x_wconf 59' lang='lat' dir='ltr'>utraquw</span> 
     </span>
     <span class='ocr_line' id='line_1_36' title="bbox 121 4579 1871 4668; baseline 0.009 -29"><span class='ocrx_word' id='word_1_347' title='bbox 121 4586 193 4639; x_wconf 91' lang='lat' dir='ltr'>nent</span> <span class='ocrx_word' id='word_1_348' title='bbox 201 4582 336 4654; x_wconf 90' lang='lat' dir='ltr'>peritiam</span> <span class='ocrx_word' id='word_1_349' title='bbox 346 4581 518 4648; x_wconf 87' lang='lat' dir='ltr'>litterarum,</span> <span class='ocrx_word' id='word_1_350' title='bbox 532 4585 591 4635; x_wconf 93' lang='lat' dir='ltr'>tum</span> <span class='ocrx_word' id='word_1_351' title='bbox 603 4582 680 4652; x_wconf 86' lang='lat' dir='ltr'>qnod</span> <span class='ocrx_word' id='word_1_352' title='bbox 692 4582 750 4637; x_wconf 84' lang='lat' dir='ltr'>illae</span> <span class='ocrx_word' id='word_1_353' title='bbox 765 4583 868 4639; x_wconf 76' lang='lat' dir='ltr'>litteris</span> <span class='ocrx_word' id='word_1_354' title='bbox 880 4587 949 4640; x_wconf 88' lang='lat' dir='ltr'>sunt</span> <span class='ocrx_word' id='word_1_355' title='bbox 1002 4579 1104 4651; x_wconf 83' lang='lat' dir='ltr'>lingua</span> <span class='ocrx_word' id='word_1_356' title='bbox 1115 4581 1305 4654; x_wconf 86' lang='lat' dir='ltr'>descriptum,</span> <span class='ocrx_word' id='word_1_357' title='bbox 1316 4590 1427 4643; x_wconf 86' lang='lat' dir='ltr'>tantum</span> <span class='ocrx_word' id='word_1_358' title='bbox 1436 4592 1681 4649; x_wconf 84' lang='lat' dir='ltr'>convincerentur</span> <span class='ocrx_word' id='word_1_359' title='bbox 1689 4612 1745 4667; x_wconf 90' lang='lat' dir='ltr'>per</span> <span class='ocrx_word' id='word_1_360' title='bbox 1755 4613 1871 4668; x_wconf 72' lang='lat' dir='ltr'>eum-</span> 
     </span>
     <span class='ocr_line' id='line_1_37' title="bbox 117 4667 1871 4744; baseline 0.016 -30"><span class='ocrx_word' id='word_1_361' title='bbox 117 4673 147 4729; x_wconf 70' lang='lat' dir='ltr'>in</span> <span class='ocrx_word' id='word_1_362' title='bbox 162 4673 347 4744; x_wconf 62' lang='lat' dir='ltr'>antiquorum</span> <span class='ocrx_word' id='word_1_363' title='bbox 362 4668 605 4740; x_wconf 81' lang='lat' dir='ltr'>philosophorum</span> <span class='ocrx_word' id='word_1_364' title='bbox 616 4669 746 4724; x_wconf 69' lang='lat' dir='ltr'>archivis</span> <span class='ocrx_word' id='word_1_365' title='bbox 757 4673 891 4729; x_wconf 75' lang='lat' dir='ltr'>scientiis</span> <span class='ocrx_word' id='word_1_366' title='bbox 900 4689 948 4729; x_wconf 80' lang='lat'>00-</span> <span class='ocrx_word' id='word_1_367' title='bbox 1005 4667 1031 4721; x_wconf 91' lang='lat' dir='ltr'>si</span> <span class='ocrx_word' id='word_1_368' title='bbox 1047 4669 1166 4723; x_wconf 83' lang='lat' dir='ltr'>videant</span> <span class='ocrx_word' id='word_1_369' title='bbox 1179 4672 1258 4742; x_wconf 88' lang='lat' dir='ltr'>quod</span> <span class='ocrx_word' id='word_1_370' title='bbox 1272 4678 1462 4733; x_wconf 89' lang='lat' dir='ltr'>auctoritates</span> <span class='ocrx_word' id='word_1_371' title='bbox 1482 4681 1511 4734; x_wconf 89' lang='lat' dir='ltr'>in</span> <span class='ocrx_word' id='word_1_372' title='bbox 1527 4681 1630 4737; x_wconf 87' lang='lat' dir='ltr'>Latino</span> <span class='ocrx_word' id='word_1_373' title='bbox 1644 4683 1681 4737; x_wconf 90' lang='lat' dir='ltr'>ab</span> <span class='ocrx_word' id='word_1_374' title='bbox 1694 4685 1752 4740; x_wconf 88' lang='lat' dir='ltr'>boe</span> <span class='ocrx_word' id='word_1_375' title='bbox 1768 4686 1871 4742; x_wconf 83' lang='lat' dir='ltr'>des-</span> 
     </span>
     <span class='ocr_line' id='line_1_38' title="bbox 119 4756 1871 4832; baseline 0.011 -20"><span class='ocrx_word' id='word_1_376' title='bbox 119 4763 225 4832; x_wconf 79' lang='lat' dir='ltr'>piesoe,</span> <span class='ocrx_word' id='word_1_377' title='bbox 243 4765 304 4815; x_wconf 90' lang='lat' dir='ltr'>tum</span> <span class='ocrx_word' id='word_1_378' title='bbox 320 4759 398 4829; x_wconf 88' lang='lat' dir='ltr'>qued</span> <span class='ocrx_word' id='word_1_379' title='bbox 422 4758 452 4813; x_wconf 88' lang='lat' dir='ltr'>in</span> <span class='ocrx_word' id='word_1_380' title='bbox 473 4759 529 4827; x_wconf 87' lang='lat' dir='ltr'>eis,</span> <span class='ocrx_word' id='word_1_381' title='bbox 546 4760 644 4828; x_wconf 89' lang='lat' dir='ltr'>utpote</span> <span class='ocrx_word' id='word_1_382' title='bbox 657 4759 761 4827; x_wconf 87' lang='lat' dir='ltr'>paucis</span> <span class='ocrx_word' id='word_1_383' title='bbox 784 4760 898 4817; x_wconf 76' lang='lat' dir='ltr'>Judaeis</span> <span class='ocrx_word' id='word_1_384' title='bbox 921 4765 949 4816; x_wconf 80' lang='lat' dir='ltr'>et</span> <span class='ocrx_word' id='word_1_385' title='bbox 1004 4756 1107 4825; x_wconf 75' lang='lat' dir='ltr'>criptae</span> <span class='ocrx_word' id='word_1_386' title='bbox 1121 4759 1249 4815; x_wconf 71' lang='lat' dir='ltr'>Arabico</span> <span class='ocrx_word' id='word_1_387' title='bbox 1260 4762 1476 4829; x_wconf 85' lang='lat' dir='ltr'>discordarent.</span> <span class='ocrx_word' id='word_1_388' title='bbox 1492 4769 1550 4823; x_wconf 88' lang='lat' dir='ltr'>Sed</span> <span class='ocrx_word' id='word_1_389' title='bbox 1566 4786 1631 4824; x_wconf 91' lang='lat' dir='ltr'>cum</span> <span class='ocrx_word' id='word_1_390' title='bbox 1647 4772 1757 4828; x_wconf 91' lang='lat' dir='ltr'>solatio</span> <span class='ocrx_word' id='word_1_391' title='bbox 1768 4790 1871 4831; x_wconf 72' lang='lat' dir='ltr'>ves-</span> 
     </span>
     <span class='ocr_line' id='line_1_39' title="bbox 118 4844 1871 4927; baseline 0.007 -22"><span class='ocrx_word' id='word_1_392' title='bbox 118 4849 310 4920; x_wconf 83' lang='lat' dir='ltr'>paucioribus</span> <span class='ocrx_word' id='word_1_393' title='bbox 325 4845 502 4903; x_wconf 88' lang='lat' dir='ltr'>Christianis</span> <span class='ocrx_word' id='word_1_394' title='bbox 517 4845 605 4916; x_wconf 91' lang='lat' dir='ltr'>notis,</span> <span class='ocrx_word' id='word_1_395' title='bbox 627 4846 761 4902; x_wconf 86' lang='lat' dir='ltr'>scribunt</span> <span class='ocrx_word' id='word_1_396' title='bbox 779 4844 950 4905; x_wconf 82' lang='lat' dir='ltr'>conlidenti-</span> <span class='ocrx_word' id='word_1_397' title='bbox 1003 4849 1060 4912; x_wconf 89' lang='lat' dir='ltr'>tro,</span> <span class='ocrx_word' id='word_1_398' title='bbox 1076 4844 1164 4899; x_wconf 85' lang='lat' dir='ltr'>Pater</span> <span class='ocrx_word' id='word_1_399' title='bbox 1178 4849 1331 4905; x_wconf 82' lang='lat' dir='ltr'>etdernina</span> <span class='ocrx_word' id='word_1_400' title='bbox 1345 4853 1383 4907; x_wconf 90' lang='lat' dir='ltr'>mi</span> <span class='ocrx_word' id='word_1_401' title='bbox 1399 4857 1551 4927; x_wconf 79' lang='lat' dir='ltr'>magister,</span> <span class='ocrx_word' id='word_1_402' title='bbox 1565 4858 1611 4913; x_wconf 85' lang='lat' dir='ltr'>trie</span> <span class='ocrx_word' id='word_1_403' title='bbox 1622 4863 1669 4914; x_wconf 89' lang='lat' dir='ltr'>est</span> <span class='ocrx_word' id='word_1_404' title='bbox 1679 4860 1871 4918; x_wconf 62' lang='lat' dir='ltr'>linisalinz</span> 
     </span>
     <span class='ocr_line' id='line_1_40' title="bbox 118 4933 1869 5008; baseline 0.007 -15"><span class='ocrx_word' id='word_1_405' title='bbox 118 4938 178 4993; x_wconf 94' lang='lat' dir='ltr'>bus</span> <span class='ocrx_word' id='word_1_406' title='bbox 191 4942 306 4995; x_wconf 86' lang='lat' dir='ltr'>saerata</span> <span class='ocrx_word' id='word_1_407' title='bbox 323 4953 377 4992; x_wconf 91' lang='lat' dir='ltr'>sua</span> <span class='ocrx_word' id='word_1_408' title='bbox 402 4951 468 5008; x_wconf 80' lang='lat' dir='ltr'>qum</span> <span class='ocrx_word' id='word_1_409' title='bbox 488 4935 590 4989; x_wconf 88' lang='lat' dir='ltr'>volunt</span> <span class='ocrx_word' id='word_1_410' title='bbox 614 4935 681 4988; x_wconf 90' lang='lat' dir='ltr'>aliis</span> <span class='ocrx_word' id='word_1_411' title='bbox 705 4936 861 4991; x_wconf 89' lang='lat' dir='ltr'>occultare.</span> <span class='ocrx_word' id='word_1_412' title='bbox 877 4937 949 5002; x_wconf 83' lang='lat' dir='ltr'>Quae</span> <span class='ocrx_word' id='word_1_413' title='bbox 1004 4948 1092 5004; x_wconf 89' lang='lat' dir='ltr'>quem</span> <span class='ocrx_word' id='word_1_414' title='bbox 1103 4933 1232 4990; x_wconf 91' lang='lat' dir='ltr'>intendo.</span> <span class='ocrx_word' id='word_1_415' title='bbox 1249 4936 1413 4995; x_wconf 75' lang='lat' dir='ltr'>Censen-ret</span> <span class='ocrx_word' id='word_1_416' title='bbox 1427 4959 1482 4998; x_wconf 89' lang='lat' dir='ltr'>ves</span> <span class='ocrx_word' id='word_1_417' title='bbox 1497 4946 1592 5000; x_wconf 89' lang='lat' dir='ltr'>ordini</span> <span class='ocrx_word' id='word_1_418' title='bbox 1616 4950 1719 5004; x_wconf 91' lang='lat' dir='ltr'>nestro</span> <span class='ocrx_word' id='word_1_419' title='bbox 1737 4949 1869 5005; x_wconf 81' lang='lat' dir='ltr'>Domi-</span> 
     </span>
     <span class='ocr_line' id='line_1_41' title="bbox 120 5018 1871 5111; baseline 0.011 -32"><span class='ocrx_word' id='word_1_420' title='bbox 120 5026 207 5080; x_wconf 86' lang='lat' dir='ltr'>etiam</span> <span class='ocrx_word' id='word_1_421' title='bbox 223 5026 259 5081; x_wconf 90' lang='lat' dir='ltr'>de</span> <span class='ocrx_word' id='word_1_422' title='bbox 279 5040 380 5094; x_wconf 87' lang='lat' dir='ltr'>causa,</span> <span class='ocrx_word' id='word_1_423' title='bbox 391 5027 423 5080; x_wconf 92' lang='lat' dir='ltr'>ut</span> <span class='ocrx_word' id='word_1_424' title='bbox 446 5024 594 5091; x_wconf 87' lang='lat' dir='ltr'>existimo,</span> <span class='ocrx_word' id='word_1_425' title='bbox 610 5018 734 5079; x_wconf 71' lang='lat' dir='ltr'>iudaeus</span> <span class='ocrx_word' id='word_1_426' title='bbox 759 5025 815 5080; x_wconf 87' lang='lat' dir='ltr'>iste</span> <span class='ocrx_word' id='word_1_427' title='bbox 837 5026 951 5081; x_wconf 82' lang='lat' dir='ltr'>scilicet</span> <span class='ocrx_word' id='word_1_428' title='bbox 1004 5037 1061 5076; x_wconf 90' lang='lat' dir='ltr'>nus</span> <span class='ocrx_word' id='word_1_429' title='bbox 1075 5021 1166 5076; x_wconf 82' lang='lat' dir='ltr'>lesus</span> <span class='ocrx_word' id='word_1_430' title='bbox 1182 5022 1321 5082; x_wconf 84' lang='lat' dir='ltr'>cbristus</span> <span class='ocrx_word' id='word_1_431' title='bbox 1336 5032 1624 5105; x_wconf 86' lang='lat' dir='ltr'>permultatempora</span> <span class='ocrx_word' id='word_1_432' title='bbox 1635 5037 1662 5090; x_wconf 90' lang='lat' dir='ltr'>in</span> <span class='ocrx_word' id='word_1_433' title='bbox 1676 5039 1871 5111; x_wconf 67' lang='lat' dir='ltr'>sangi-ntia</span> 
     </span>
     <span class='ocr_line' id='line_1_42' title="bbox 120 5111 1871 5192; baseline 0.011 -25"><span class='ocrx_word' id='word_1_434' title='bbox 120 5113 354 5169; x_wconf 86' lang='lat' dir='ltr'>catechumenus</span> <span class='ocrx_word' id='word_1_435' title='bbox 369 5117 473 5169; x_wconf 86' lang='lat' dir='ltr'>auctor</span> <span class='ocrx_word' id='word_1_436' title='bbox 482 5113 574 5185; x_wconf 65' lang='lat' dir='ltr'>buius</span> <span class='ocrx_word' id='word_1_437' title='bbox 586 5111 664 5181; x_wconf 90' lang='lat' dir='ltr'>libri,</span> <span class='ocrx_word' id='word_1_438' title='bbox 680 5127 739 5167; x_wconf 91' lang='lat' dir='ltr'>non</span> <span class='ocrx_word' id='word_1_439' title='bbox 750 5113 847 5183; x_wconf 90' lang='lat' dir='ltr'>ipsum</span> <span class='ocrx_word' id='word_1_440' title='bbox 857 5114 951 5169; x_wconf 86' lang='lat' dir='ltr'>inlle·</span> <span class='ocrx_word' id='word_1_441' title='bbox 1003 5112 1032 5163; x_wconf 68' lang='lat' dir='ltr'>et</span> <span class='ocrx_word' id='word_1_442' title='bbox 1056 5124 1164 5165; x_wconf 66' lang='lat' dir='ltr'>amore·</span> <span class='ocrx_word' id='word_1_443' title='bbox 1190 5112 1337 5185; x_wconf 72' lang='lat' dir='ltr'>Scriptum</span> <span class='ocrx_word' id='word_1_444' title='bbox 1357 5118 1482 5175; x_wconf 79' lang='lat' dir='ltr'>Parisiis</span> <span class='ocrx_word' id='word_1_445' title='bbox 1506 5138 1559 5192; x_wconf 83' lang='lat' dir='ltr'>por</span> <span class='ocrx_word' id='word_1_446' title='bbox 1589 5139 1708 5181; x_wconf 87' lang='lat' dir='ltr'>manum</span> <span class='ocrx_word' id='word_1_447' title='bbox 1727 5128 1871 5184; x_wconf 69' lang='lat' dir='ltr'>modio-‘2</span> 
     </span>
     <span class='ocr_line' id='line_1_43' title="bbox 119 5198 1871 5273; baseline 0.023 -43"><span class='ocrx_word' id='word_1_448' title='bbox 119 5200 205 5256; x_wconf 64' lang='lat' dir='ltr'>hm</span> <span class='ocrx_word' id='word_1_449' title='bbox 220 5202 434 5267; x_wconf 55' lang='lat' dir='ltr'>„monmed</span> <span class='ocrx_word' id='word_1_450' title='bbox 450 5201 950 5273; x_wconf 54' lang='lat' dir='ltr'>inprabpmdnopflvp,Sed0por.</span> <span class='ocrx_word' id='word_1_451' title='bbox 1004 5198 1083 5251; x_wconf 86' lang='lat' dir='ltr'>servi</span> <span class='ocrx_word' id='word_1_452' title='bbox 1098 5198 1192 5254; x_wconf 87' lang='lat' dir='ltr'>vestri</span> <span class='ocrx_word' id='word_1_453' title='bbox 1207 5201 1351 5273; x_wconf 83' lang='lat' dir='ltr'>Alphensi</span> <span class='ocrx_word' id='word_1_454' title='bbox 1368 5207 1530 5267; x_wconf 86' lang='lat' dir='ltr'>innomine</span> <span class='ocrx_word' id='word_1_455' title='bbox 1546 5210 1834 5272; x_wconf 86' lang='lat' dir='ltr'>Domininostrimi</span> <span class='ocrx_word' id='word_1_456' title='bbox 1864 5238 1871 5243; x_wconf 95' lang='lat'>·</span> 
     </span>
     <span class='ocr_line' id='line_1_44' title="bbox 117 5285 1547 5367; baseline 0.018 -22"><span class='ocrx_word' id='word_1_457' title='bbox 117 5290 160 5347; x_wconf 81' lang='lat' dir='ltr'>tet</span> <span class='ocrx_word' id='word_1_458' title='bbox 173 5288 254 5362; x_wconf 85' lang='lat' dir='ltr'>quod</span> <span class='ocrx_word' id='word_1_459' title='bbox 267 5287 314 5342; x_wconf 85' lang='lat' dir='ltr'>vel</span> <span class='ocrx_word' id='word_1_460' title='bbox 329 5290 412 5345; x_wconf 87' lang='lat' dir='ltr'>tarde</span> <span class='ocrx_word' id='word_1_461' title='bbox 420 5289 467 5345; x_wconf 85' lang='lat' dir='ltr'>vel</span> <span class='ocrx_word' id='word_1_462' title='bbox 479 5291 537 5346; x_wconf 92' lang='lat' dir='ltr'>cito</span> <span class='ocrx_word' id='word_1_463' title='bbox 545 5290 658 5346; x_wconf 90' lang='lat' dir='ltr'>occulta</span> <span class='ocrx_word' id='word_1_464' title='bbox 674 5288 770 5345; x_wconf 89' lang='lat' dir='ltr'>omnia</span> <span class='ocrx_word' id='word_1_465' title='bbox 782 5290 951 5348; x_wconf 86' lang='lat' dir='ltr'>revelentur</span> <span class='ocrx_word' id='word_1_466' title='bbox 1003 5285 1248 5361; x_wconf 67' lang='lat' dir='ltr'>80P50⁰Pdl⁸⁸i¹flb</span> <span class='ocrx_word' id='word_1_467' title='bbox 1260 5294 1290 5348; x_wconf 66' lang='lat'>5¹¹</span> <span class='ocrx_word' id='word_1_468' title='bbox 1306 5311 1364 5366; x_wconf 73' lang='lat'>‘1¹¹0</span> <span class='ocrx_word' id='word_1_469' title='bbox 1379 5312 1547 5367; x_wconf 61' lang='lat' dir='ltr'>illelmus·</span> 
     </span>
    </p>
   </div>
   <div class='ocr_carea' id='block_1_13' title="bbox 851 5527 1120 5569">
    <p class='ocr_par' dir='ltr' id='par_1_14' title="bbox 851 5527 1120 5569">
     <span class='ocr_line' id='line_1_45' title="bbox 851 5527 1120 5569; baseline 0.007 -11"><span class='ocrx_word' id='word_1_470' title='bbox 851 5527 1120 5569; x_wconf 52' lang='grc' dir='ltr'>-εορ-ι</span> 
     </span>
    </p>
   </div>
   <div class='ocr_carea' id='block_1_14' title="bbox 0 0 1971 6112">
    <p class='ocr_par' dir='ltr' id='par_1_15' title="bbox 0 0 1971 6112">
     <span class='ocr_line' id='line_1_46' title="bbox 0 0 1971 6112; baseline 0 0"><span class='ocrx_word' id='word_1_471' title='bbox 0 0 1971 6112; x_wconf 95' lang='lat' dir='ltr'> </span> 
     </span>
    </p>
   </div>
  </div>
 </body>
</html>
