3900 6112
105 299 183 368 {18³

467 294 684 360 enuranor
707 291 981 373 nasamonas
999 291 1191 357 nouncrn
1214 246 1426 357 nnusorcr.
1479 363 1484 369 ⁶

1740 292 1819 355 1124

106 500 201 572 primo
214 499 320 555 timore
344 497 481 553 simulato
506 512 573 551 cum
592 512 644 550 eos
666 495 786 567 longius
807 495 843 549 ab
864 483 976 549 urbae
1000 509 1072 547 vero
1089 494 1237 563 llogerius
1254 495 1374 550 inermis
1390 495 1716 567 excepto'ctppeosole,
1733 500 1836 551 elcese

106 589 287 656 seduxisset,
304 589 412 656 impetn
442 585 536 655 lacto,
553 585 695 640 acerrime
711 600 802 655 aner
817 599 870 639 eos
895 584 936 637 ir·

107 693 209 746 ruens,
226 677 255 729 in
272 675 371 745 lugam
386 675 480 727 vertit.
499 673 606 743 Sicque
631 674 778 726 extremos
803 686 938 741 quosque

108 765 259 831 credendo,
283 780 379 833 usqua
394 763 424 815 in
438 766 551 832 portam
571 760 708 828 civitatis,
733 761 822 831 louge
842 761 938 813 reditu

78 836 83 845 “
108 850 510 925 fugientibusrisusodibilis
527 849 938 917 comminator,reduxitspo·

108 941 158 995 liis
173 941 270 1010 itaque
283 942 311 993 et
326 940 411 1011 equis
426 938 540 993 illorum
551 954 626 1009 quos
638 936 788 1007 dejecerat
797 937 938 1006 acceptis,

109 1045 201 1084 nares
217 1045 289 1083 suas
303 1028 478 1099 ingressus,
497 1027 643 1099 Rhegium
659 1029 770 1080 remeat
785 1025 820 1079 ad
835 1026 940 1080 ducem

110 1118 231 1173 tratrem
247 1134 344 1172 snum.

437 1205 562 1260 CAPUT
578 1205 611 1257 ll.

110 1295 334 1350 Durllohertns
347 1295 489 1365 Rhegium
505 1300 533 1347 ct
550 1299 637 1347 tol-am
659 1294 682 1347 C
684 1293 728 1346 ιιιι(
732 1292 827 1346 lniam
838 1309 874 1361 pr
876 1308 907 1346 οι
911 1310 941 1345 ιι

194 1366 316 1421 rendam
333 1364 470 1436 delcpmrl
485 1366 590 1435 ipsein
608 1365 643 1436 Α
640 1364 743 1418 ιιιΙιίιιιι
764 1381 779 1416 ι
781 1364 852 1417 ulit

147 1456 213 1509 Dux
227 1454 332 1508 deinde
348 1455 498 1509 liebertus
512 1469 577 1506 eum
595 1454 779 1507 comitello
726 1451 940 1524 logoriohatre

110 1560 165 1600 sno
180 1544 209 1598 in
222 1543 356 1613 hpnliam
367 1543 560 1611 hiematurus,
574 1557 733 1613 regressus
743 1546 799 1609 est3
811 1541 862 1595 ubi
874 1540 942 1611 quia

108 1633 169 1705 jam
199 1632 410 1703 aliquantulum
440 1631 581 1700 temporis
612 1631 792 1698 transierat,
821 1647 856 1684 ex
884 1645 941 1701 que

110 1721 217 1777 abinde
235 1723 411 1785 recesserat,
427 1736 476 1773 res
492 1735 563 1773 suas
574 1721 659 1789 quasi
675 1721 710 1773 uh
735 1720 869 1773 acumine
891 1719 942 1773 ob-

113 1815 198 1864 tusas
228 1813 255 1863 et
284 1809 381 1862 minus
408 1808 557 1862 ordinatas
587 1808 751 1873 inveniens,
766 1811 825 1862 tota
847 1807 942 1861 hieme

112 1897 236 1952 consilio
251 1896 414 1965 prudentiae
426 1912 489 1949 suae
505 1895 661 1949 refortiens
671 1895 739 1965 (66),
752 1896 787 1948 ad
796 1897 943 1967 integrum

111 1984 274 2056 repararit,
287 1984 524 2054 Apulicnsesque
540 1985 687 2054 principes
704 1985 739 2038 dc
751 1986 865 2037 noviler
875 1985 943 2038 ade·

112 2076 161 2143 pto
176 2072 282 2127 ducatu
298 2073 356 2127 sihi
372 2074 591 2144 congaudentes
609 2072 744 2142 pluribus
761 2074 891 2143 donans,
908 2073 943 2128 de

113 2161 943 2231 expeditioncversusSiciliaminproximaluturaaestate

118 2256 251 2311 facienda
262 2257 437 2326 permonuit.

432 2346 557 2400 CAPUT
573 2347 621 2400 lll.

112 2434 260 2490 Becunrcn
280 2435 466 2489 Almiraldus
485 2435 600 2489 Sicilire
620 2452 635 2489 a
659 2437 722 2489 suis
747 2435 886 2506 expulsus
907 2436 945 2490 ad

299 2506 442 2576 Rhegium
454 2507 589 2560 conulem
600 2508 748 2561 convenit.

152 2595 302 2664 {legerius
326 2610 395 2648 rere
411 2610 531 2663 comcs,
548 2595 622 2648 «trice
645 2598 746 2649 relicto
771 2597 799 2650 in
821 2597 944 2666 Apulia,

114 2682 262 2753 Rhegium
279 2683 408 2752 inprime
425 2685 586 2753 septimana
603 2688 668 2738 ante
680 2685 943 2756 Quaclragesimam

115 2770 266 2824 remearit:
280 2770 313 2823 ad
323 2786 409 2841 quem
417 2772 562 2825 llerumcn
575 2773 629 2839 ι’6()
638 2772 824 2827 ΑιΙιιιίιιΙάιιι
835 2774 945 2829 Siciliae

47 2924 50 2930 Ι
113 2858 383 2927 ιΒιΙοιιιιιιιίο(68)
400 2860 526 2930 quodam
541 2862 673 2930 principe
693 2862 796 2930 praelio
812 2861 943 2933 legatus,

113 2948 236 3018 eoquod
247 2948 503 3003 marilumsororis
517 2964 590 3016 sure,
599 2950 756 3005 honestum
772 2966 835 3005 sna>
847 2951 945 3023 gentis

111 3035 264 3108 juvenem,
288 3038 432 3092 vocabulo
462 3038 676 3093 Benneclcrum
700 3040 756 3109 (69)
786 3040 943 3111 occiderat,

113 3126 190 3195 apud
208 3127 354 3198 Ithegium
375 3127 521 3198 profugus
543 3128 639 3196 venit,
660 3131 796 3183 comitam
818 3146 944 3198 versus,

113 3214 364 3286 impugnationem
378 3216 486 3271 Sicilire
505 3218 604 3270 multis
621 3217 878 3273 exhortationibus
899 3219 945 3272 in-
962 3219 985 3279 C

113 3303 216 3359 citans.

433 3394 558 3448 (larun
576 3395 623 3447 lV.

116 3480 246 3536 Consilio
261 3481 432 3536 Becurninis
442 3498 539 3604 pomos
555 3483 700 3607 lpppcrius
715 3484 822 3537 iterum
831 3484 862 3536 in
873 3484 946 3543 Sici·

455 3554 511 3604 iarn
532 3570 564 3607 ra
587 3554 621 3606 it.

151 3640 192 3693 De
209 3638 296 3710 cujus
312 3640 438 3695 adventu
454 3658 554 3696 comes
569 3658 627 3696 nen
649 3642 800 3697 minimum
821 3643 945 3714 gavisus

114 3743 181 3783 eum
198 3728 358 3784 honorilice
375 3730 517 3800 suscepit,
533 3730 658 3800 ejusque
667 3731 803 3801 consilio,
819 3731 946 3786 necdum

115 3816 210 3872 hieme
225 3821 382 3888 transacta,
394 3819 577 3874 hebdomada
592 3821 728 3874 videlicet
741 3821 945 3890 proximaante

113 3906 384 3979 Quadragesimam,
402 3924 468 3961 cum
485 3912 600 3963 eentum
625 3910 781 3981 sexaginta
802 3909 945 3965 militibus

25 4038 28 4043 ι
111 3991 210 4066 ipsum
226 3995 374 4050 Becumon
390 4012 492 4051 secum
504 3998 616 4051 ducens
630 3998 816 4068 Pharumqne
831 3998 867 4052 ad
884 3998 945 4051 Cli-

111 4084 186 4138 bann
204 4084 259 4153 (70)
286 4086 452 4157 tegularum
480 4087 639 4149 transiens,
666 4087 796 4141 Siciliam
822 4087 942 4141 invadit.

114 4172 257 4244 Dumque,
273 4175 439 4229 Beeurncne
451 4177 500 4246 qui
511 4176 586 4230 adse
598 4176 799 4246 transfugerat
811 4178 943 4244 duetore,

113 4277 221 4317 versus
250 4262 404 4317 Melacium
433 4264 531 4317 iturus
551 4265 587 4318 de
617 4270 712 4331 nocte,
730 4265 806 4318 haud
823 4266 946 4335 lengea

114 4352 230 4406 civitate
246 4351 384 4406 Messana
395 4351 542 4420 transiret,
551 4351 668 4406 obvium
684 4353 944 4423 habuitqnemdam

113 4439 324 4507 Sarracenum,
345 4439 447 4492 militia
476 4440 552 4493 inter
572 4455 645 4493 sues
667 4440 944 4511 nominatissimum,

114 4527 235 4580 fratrem
261 4527 375 4581 scilicet
399 4528 551 4582 Beneeleri
572 4527 639 4597 (ll),
669 4544 721 4598 pro
748 4529 835 4600 eujus
859 4545 946 4584 occa-

114 4617 198 4671 sione
214 4617 361 4671 Beeumen
378 4616 500 4671 aSieilia
512 4616 627 4687 ejectus
643 4617 747 4671 suerat.
766 4618 821 4672 Hic
841 4635 946 4690 nempe

114 4720 180 4759 eum
196 4706 226 4758 in
241 4705 420 4775 praecedenti
443 4720 569 4776 vespere
584 4706 787 4775 persensisset
811 4709 947 4761 comitem

116 4798 227 4849 armata
250 4810 337 4849 manu
352 4794 484 4848 Siciliam
501 4795 639 4863 intrasse,
666 4796 766 4849 militia
786 4811 849 4863 sua,
880 4798 947 4866 plus

116 4883 288 4939 necessarie
306 4898 502 4952 praesumens,
519 4900 534 4936 a
551 4883 688 4938 Messana
700 4900 883 4956 progressus
898 4901 948 4940 no·

116 4974 238 5025 cturnus
253 4970 350 5023 hostis
369 4975 399 5023 ut
423 4969 482 5024 sibi
498 4969 616 5040 aliquod
632 4971 756 5025 militare
784 4987 900 5037 nomen,
919 4972 945 5025 in

115 5058 220 5115 damno
245 5060 375 5114 hostium
402 5059 569 5129 equiraret,
595 5061 733 5114 tentatum
756 5059 825 5114 ibat.
841 5058 948 5117 Comes

151 5200 207 5270 (66)
223 5201 254 5256 G.
271 5201 303 5254 P.
321 5202 502 5258 resarciens.

153 5270 208 5336 (6()
223 5271 377 5325 Betunren.

153 5338 208 5408 (68)
223 5339 271 5392 Ab
286 5341 473 5398 Elearmcde.

117 5407 145 5459 t?
154 5407 209 5474 (69)
225 5410 337 5464 Benaci
337 5426 428 5467 erum

117 5466 211 5549 litto)
226 5478 290 5530 ulte
294 5496 376 5532 unren
396 5499 504 5552 secum,
526 5502 560 5542 eo
586 5487 660 5559 qnod
671 5487 800 5558 patriam
822 5487 947 5557 sciebat,

123 5551 250 5606 ducens
270 5547 400 5604 Pharum
423 5571 457 5608 ue
472 5558 510 5612 ad
526 5558 571 5613 Ch
568 5558 690 5615 ’.(ιιιιιιιιι

154 5622 211 5697 (tl)
226 5564 465 5681 Βθιιθιιιθιισῗοι(

1001 598 1058 654 quo
1087 583 1238 637 accinctus
1266 588 1338 652 erat,
1355 585 1487 657 armiger
1514 601 1642 656 namque
1660 600 1730 640 eum
1750 585 1835 641 armis

1002 673 1250 743 subsequebatur,
1267 673 1369 727 socios
1378 673 1564 744 praecedebat
1574 674 1682 729 oculos
1706 674 1835 729 intentis·

1002 763 1076 816 sime
1091 762 1320 833 circumquaque
1336 762 1459 818 ducens.
1478 763 1612 835 Dumque
1627 763 1716 817 illum
1731 763 1832 818 adren-

1001 855 1108 907 tantem
1124 850 1180 921 ((6)
1196 853 1252 907 sub
1272 853 1381 922 pallore
1396 853 1474 906 lunae
1489 851 1753 922 deprehendisset,
1770 868 1866 943 per¹

1001 941 1122 1013 longum
1151 941 1264 995 ducens
1292 940 1328 993 ab
1358 942 1505 1012 armigero
1525 957 1607 995 arma
1631 941 1831 1011 reciperem

1002 1029 1088 1097 torte,
1118 1030 1143 1082 si
1171 1028 1258 1083 etiam
1287 1028 1335 1083 dle
1351 1029 1408 1083 sub
1423 1029 1527 1083 umbra
1541 1030 1657 1085 viseret
1668 1029 1823 1101 aufugerat,

1002 1120 1111 1189 impetu
1125 1116 1201 1172 tacto
1217 1119 1281 1173 selo
1295 1134 1368 1173 ense
1382 1134 1474 1187 snper
1488 1134 1555 1172 eum
1571 1119 1707 1186 irruens,
1721 1134 1825 1190 unoqm

1002 1208 1062 1262 ictu
1090 1208 1218 1262 medium
1247 1207 1411 1277 corripiens
1428 1208 1557 1275 secavit;
1574 1208 1610 1262 de
1626 1222 1752 1279 corpora
1765 1208 1824 1262 dna·

1002 1297 1059 1350 hus
1078 1297 1213 1365 partibus
1235 1296 1331 1360 tactis,
1353 1312 1520 1367 equumque
1548 1299 1578 1351 et
1600 1296 1698 1366 spolia
1726 1297 1823 1351 cnidon

1003 1401 1125 1439 suorum
1153 1384 1243 1439 dedit.
1259 1386 1328 1439 Inde
1345 1385 1508 1451 Melacium,
1532 1389 1561 1440 et
1577 1386 1730 1440 humatam
1745 1400 1821 1456 usqne

1003 1474 1217 1544 pertransiens,
1246 1474 1403 1543 plurimum
1431 1474 1541 1543 praedae
1571 1476 1705 1544 accepto,
1728 1474 1820 1531 adtras

1007 1562 1094 1617 batus
1120 1562 1187 1632 ((3),
1199 1562 1285 1633 juxta
1300 1563 1441 1631 Pharum,
1458 1564 1508 1633 qni
1522 1563 1642 1617 Praroli
1656 1563 1758 1617 dicitnr
1768 1563 1818 1633 (ll),

1004 1652 1208 1721 hospitaturus
1220 1652 1306 1706 rediit
1314 1653 1343 1705 in
1351 1653 1496 1706 rastinum
1507 1651 1542 1705 ad
1555 1650 1677 1706 ultimas
1687 1652 1817 1722 aquastldl

1007 1756 1102 1810 usque
1117 1741 1267 1810 prodiens,
1283 1740 1393 1809 praeda,
1410 1756 1497 1812 quam
1512 1744 1681 1811 acceperat,
1698 1740 1817 1811 llbegiun

1004 1829 1162 1884 deserenda
1178 1829 1305 1883 navibus
1320 1828 1386 1899 ((6).

1335 1935 1461 1990 CAPUT
1482 1935 1507 1987 V

1024 2044 1128 2099 Cernes
1142 2043 1291 2117 Iloparius
1308 2060 1371 2098 enm
1395 2042 1646 2098 Messanensibus
1657 2042 1803 2115 praeliatur.

1040 2135 1133 2188 Porro
1148 2133 1363 2187 Massaaenses
1376 2130 1591 2203 putantesjam,
1603 2131 1773 2204 quibusdam
1782 2146 1817 2184 ιι·

1006 2238 1058 2277 ves
1087 2223 1246 2294 ingressis,
1269 2237 1301 2275 se
1321 2221 1399 2289 illos,
1417 2221 1503 2292 quasi
1518 2221 1730 2289 semipartitos,
1749 2233 1819 2289 passa

1007 2312 1123 2367 lucilius
1139 2325 1296 2379 occupare,
1313 2311 1443 2380 equitatu
1457 2313 1485 2363 et
1501 2308 1634 2378 peditatu
1649 2323 1748 2363 omnes
1762 2306 1819 2361 urbe

1007 2401 1135 2473 egressi,
1151 2400 1290 2453 invadere
1310 2398 1428 2452 radunt.
1445 2397 1554 2452 Verum
1569 2398 1640 2469 quia
1656 2400 1757 2451 uentus
1769 2411 1820 2449 con·

1006 2490 1115 2544 trarius
1144 2492 1216 2556 erat,
1245 2487 1345 2541 nullus
1359 2489 1539 2541 armatorum
1556 2500 1651 2541 nares
1667 2485 1821 2545 intras-enh

1008 2592 1109 2631 eomes
1125 2592 1195 2630 vero
1207 2590 1395 2646 cognoscens
1410 2590 1462 2628 eos
1478 2590 1598 2629 versum
1625 2590 1659 2628 se
1675 2574 1822 2640 adventare,

1007 2665 1158 2723 Sartonam
1173 2667 1307 2733 nepotem
1322 2679 1419 2732 suum,
1437 2662 1574 2717 videlicet
1593 2662 1728 2717 Serlonis
1743 2660 1822 2714 fratris

1009 2754 1055 2807 sui
1071 2753 1172 2820 tilium,
1197 2751 1285 2822 cujus
1300 2752 1439 2822 superius
1455 2752 1485 2804 in
1501 2751 1559 2806 tine
1573 2751 1663 2821 primi
1679 2751 1744 2805 libri
1758 2764 1822 2803 men·

1007 2843 1116 2896 tionem
1132 2840 1267 2910 fecimus,
1285 2856 1322 2893 ne
1338 2841 1365 2895 si
1379 2839 1496 2912 fugere,
1506 2840 1584 2894 sient
1594 2843 1624 2894 et
1634 2839 1765 2894 iecerunt
1780 2836 1824 2891 rel

1008 2932 1078 2999 lent,
1094 2931 1356 3000 liberiuspossent,
1369 2931 1413 2983 sic
1425 2928 1625 2999 praemissum,
1638 2927 1823 2999 ipserclociaa

1009 3021 1200 3087 subsecutus,
1218 3019 1286 3073 dum
1301 3018 1406 3091 lugere
1421 3019 1561 3087 nituntur,
1578 3017 1618 3072 ita
1642 3016 1790 3086 intercepit
1803 3014 1825 3067 al

1008 3109 1059 3163 vix
1069 3124 1106 3163 ex
1122 3112 1199 3162 tanta
1215 3106 1398 3165 multitudine
1413 3108 1551 3161 eraserit.

1329 3213 1454 3269 CAPUT
1471 3214 1518 3266 vl.

1009 3323 1096 3378 Mare
1110 3320 1258 3376 turbatum
1275 3318 1379 3374 sedari
1394 3334 1490 3400 copres
1514 3318 1665 3390 Rogcrins
1689 3323 1752 3372 roto
1764 3314 1824 3370 obli·

1389 3396 1462 3444 nuit.

1046 3481 1293 3538 Messanensibus
1309 3478 1824 3548 suornmvulneral'l'r)tlentibns,ee·

1010 3586 1074 3626 mes
1089 3586 1181 3641 penes
1193 3570 1340 3624 civitatem
1355 3567 1514 3636 transiens,
1530 3567 1560 3620 in
1573 3567 1672 3621 insula
1680 3566 1711 3621 S.
1722 3566 1825 3634 lliacpr

1009 3660 1061 3729 thi,
1078 3659 1155 3714 haud
1171 3660 1259 3730 longe
1273 3657 1310 3712 ab
1326 3658 1411 3723 urbe,
1429 3656 1609 3728 hospitatum
1625 3655 1822 3724 radit,snnnao

1010 3763 1067 3819 que
1088 3746 1217 3801 diluenlo
1233 3745 1411 3813 Messanam,
1429 3745 1516 3815 quasi
1530 3743 1647 3798 viribus
1662 3742 1826 3803 exhaustam,

1010 3851 1182 3907 oppugnare
1198 3835 1285 3889 vadit.
1302 3830 1828 3902 SedMessanensibns,quamvisper·

1010 3926 1065 3994 eis,
1096 3925 1145 3995 qui
1174 3923 1269 3977 adhuc
1290 3923 1475 3992 supererant,
1500 3936 1565 3975 cum
1581 3920 1658 3990 ipsis
1673 3917 1829 3975 mulieribus

1009 4013 1140 4081 armatis,
1158 4018 1258 4067 turres
1278 4014 1306 4067 et
1320 4010 1552 4082 propugnacula,
1570 4024 1700 4080 seseque
1715 4006 1829 4063 certatim

1011 4108 1041 4157 ut
1068 4118 1122 4172 pro
1152 4102 1220 4169 vita,
1242 4099 1479 4166 defendentibus,
1496 4113 1608 4165 eomes,
1625 4113 1664 4152 ne
1683 4092 1831 4151 Siciliateli

1010 4193 1087 4245 tacte
1116 4189 1240 4244 excitata
1270 4204 1360 4258 super
1385 4203 1451 4242 anm
1475 4188 1577 4256 irruat,
1602 4186 1639 4240 ad
1655 4185 1778 4240 tentoria
1790 4196 1832 4237 sua
1864 4254 1866 4267 Ι

1010 4280 1141 4347 rediens,
1154 4279 1190 4333 de
1204 4277 1446 4332 transituversus
1458 4270 1866 4348 Rhegiumtractareccapit.
1864 4270 1866 4279 '

1010 4370 1090 4423 Mare
1120 4383 1192 4422 vero
1219 4367 1367 4421 turbatum
1391 4381 1457 4419 eum
1473 4364 1678 4429 periculosum
1693 4364 1832 4418 transitum
1864 4350 1866 4451 l

1010 4460 1181 4526 ostentarat,
1198 4471 1298 4511 eomes
1315 4453 1659 4524 sapientinsusconsilio
1662 4455 1866 4525 ,totampre
1863 4456 1866 4503 t

1009 4547 1075 4600 dam
1092 4562 1178 4617 qnam
1205 4547 1333 4615 ceperat,
1351 4544 1381 4599 S.
1399 4543 1552 4597 Anrtronie
1567 4540 1626 4610 ((8)
1641 4541 1678 4596 ad
1693 4538 1866 4596 ecclesian

1009 4651 1094 4689 snam
1108 4634 1344 4690 reaedificandam
1356 4631 1440 4703 juxta
1447 4630 1595 4702 Rhegium
1604 4630 1731 4685 dandam
1740 4640 1829 4699 propr

1010 4727 1119 4778 suerat.
1137 4724 1293 4777 llestrneln
1308 4721 1416 4792 qnippe
1432 4722 1495 4774 erat
1515 4718 1642 4773 noviter.
1664 4719 1768 4789 Sicqne
1780 4728 1825 4768 na·

1009 4815 1074 4868 ritis
1103 4813 1239 4882 ejusdem
1264 4812 1369 4879 saneti,
1387 4813 1418 4865 ul
1437 4808 1595 4871 credimus,
1617 4823 1689 4862 aura
1705 4812 1823 4877 prospera

1009 4904 1096 4957 nanto
1112 4917 1192 4955 mare
1209 4900 1353 4966 sedatum,
1370 4913 1439 4955 sese
1458 4895 1670 4953 transmeabile
1697 4893 1818 4964 prebeas,

1009 4993 1128 5062 impune
1142 4989 1268 5044 transire
1283 4990 1428 5061 permisit.

1046 5203 1102 5274 ((6)
1122 5204 1195 5258 Dunr
1211 5201 1247 5256 ill
1235 5201 1292 5257 lum
1308 5201 1529 5257 advenientem.

1057 5276 1103 5343 'Ml
1122 5276 1226 5329 Lacus

1073 5348 1101 5417 t)
1123 5344 1224 5400 Caroli
1238 5343 1387 5398 dicantur.

1075 5420 1101 5487 )
1120 5417 1169 5472 td
1184 5415 1335 5486 dolcesaq
1336 5431 1397 5470 nas.

1072 5432 1335 5557 llcsc)ramlu1n
1333 5486 1460 5541 naribus
1471 5491 1594 5558 ponunt.

1045 5280 1053 5345 t

1044 5350 1053 5417 t

1043 5422 1052 5487 t

1045 5491 1054 5557 t

1045 5562 1054 5629 t

1056 5346 1071 5400 7

1056 5419 1089 5472 (6

1055 5489 1088 5543 (6

1056 5556 1337 5614 attenhonem

1046 5631 1093 5703 (76
1076 5628 1308 5685 d.SAntonio.
