3908 6112
819 106 885 141 γ’...
894 106 911 119 Ι,
919 84 969 105 ..tr

157 254 217 322 ear
604 316 607 321 ,
677 202 708 314 s}
727 246 1357 317 ausnnuiauenusrsarrscorr.
1816 255 1827 321 t

158 454 221 520 Qua
233 455 334 526 linqua
350 454 552 524 exprimentur
566 458 624 507 tuae
639 454 747 507 mentis
763 453 864 507 aare?

157 543 265 609 Quales
280 547 348 597 nato
363 546 477 596 mortuo
493 545 551 595 tuae
562 542 622 596 siut
637 542 782 596 torturae?

192 632 295 704 Oquis
310 632 401 702 novit,
419 646 482 686 mea
498 646 579 701 spes,
597 633 664 685 tuos
682 631 842 699 eruciatus,

156 720 277 786 Quando
293 721 384 775 lesus
398 735 496 775 coram
511 723 539 772 te
555 724 601 773 est
615 719 863 786 translanceatus,

156 809 277 874 Quando
289 809 333 863 sic
347 823 526 878 percussum
541 812 587 862 est
601 806 672 860 illud
685 812 820 861 sanetum
836 806 922 875 latua,

156 895 249 967 Cujus
266 897 392 967 sanguis
408 896 534 965 pretium
549 897 682 949 nostrum
698 898 743 950 est
757 895 903 949 vocatus?

191 984 255 1039 Etsi
271 1000 380 1054 eorpus
396 984 530 1037 exanime
544 983 621 1037 ictus
637 999 694 1037 non
710 984 862 1055 gravabat,

155 1071 213 1127 Sed
228 1075 309 1128 tuum
325 1072 442 1127 beatum
459 1087 510 1126 cor
525 1071 587 1126 dire
603 1071 783 1142 perforabat,

154 1159 269 1215 Lancea
286 1161 361 1216 latus
377 1160 487 1215 Christi
501 1176 606 1215 eruore
623 1160 806 1228 rubricabat,

153 1248 211 1303 Sed
227 1250 316 1304 totius
332 1249 463 1304 vulneris
479 1249 602 1304 dolorte
620 1249 782 1304 cruciabat.

188 1338 276 1392 Juxta
291 1353 411 1393 erucem
426 1337 492 1391 Filii
508 1338 600 1392 llater
615 1338 786 1407 assistebat,

152 1425 235 1481 Fletu
250 1426 437 1481 amarissimo
450 1425 564 1498 jugiter
579 1427 708 1498 lugebat,

152 1512 226 1567 Nam
242 1531 334 1569 sensu
351 1518 484 1569 emortuo
500 1517 564 1585 ipsa
580 1515 629 1567 vix
643 1513 771 1583 vivebat,

151 1602 231 1657 Voce
247 1606 334 1674 atque
350 1602 475 1672 viribus,
489 1602 564 1673 prob
580 1602 689 1658 dolor?
704 1603 832 1657 carebat.

186 1690 246 1745 lma
262 1691 371 1745 cadens
387 1692 473 1744 anxia
489 1694 635 1760 prostrata
650 1689 787 1760 pallebat,

149 1778 260 1833 Vivens
276 1779 330 1833 luit
347 1781 471 1846 mortua,
486 1779 617 1832 moriens
633 1777 770 1846 vivebat;

151 1864 232 1921 chl
249 1867 333 1935 plena
348 1867 497 1937 angustiis
513 1866 608 1920 anima
624 1867 779 1936 pendebat,

150 1954 260 2010 Vivens
277 1958 373 2009 tumen
389 1955 595 2010 mortuomari
612 1970 671 2009 non
687 1954 812 2010 dolebat.

185 2044 376 2114 Rursumque
390 2059 423 2098 se
437 2045 558 2116 erigens
573 2043 715 2099 indolere
730 2045 835 2099 stabat.

148 2131 184 2186 Et
198 2132 372 2202 pendentem
391 2133 547 2187 Dominum
562 2132 637 2187 llens
653 2132 870 2201 considerabat,

147 2219 222 2274 Mori
238 2221 394 2291 plusquam
410 2221 510 2275 vivere
526 2224 605 2274 certe
620 2221 784 2290 adoptabat,

147 2307 221 2364 Dum
236 2308 344 2379 deponi
361 2308 466 2363 Filium
482 2325 568 2362 suum
584 2310 786 2379 exspectabat.

182 2396 264 2452 Tunc
279 2397 395 2452 dicebat
411 2398 526 2468 ejulans
543 2398 602 2452 illis
619 2399 805 2467 depravati&

144 2485 234 2555 Ecce,
250 2486 409 2540 desideriis
425 2488 535 2540 vestris
549 2488 770 2553 corisummatis,

144 2573 217 2628 Mihi
232 2574 317 2627 Matri
332 2575 451 2628 miserae
467 2590 576 2643 eorpus
591 2576 755 2644 deponatis,

144 2660 211 2732 Vol,
227 2662 253 2715 si
269 2662 350 2732 libet,
368 2662 407 2716 illi
424 2678 469 2716 me
483 2664 614 2717 nccarulo
626 2663 772 2734 jungatis.

179 2750 272 2805 Suum
286 2755 385 2805 natum
400 2756 521 2822 tangere
537 2752 629 2805 llater
645 2753 790 2822 eupiclurt,

144 2837 241 2909 Seque
252 2844 391 2909 (quantum
408 2844 521 2909 poterat
536 2856 657 2894 sursum
674 2842 816 2912 erigebat,

143 2927 202 2983 Sed
217 2943 283 2981 oum
299 2944 367 2983 eum
383 2932 504 3001 tangere
519 2944 706 2999 nequaquam
718 2930 843 2995 valebat,

143 3015 218 3086 Heu,
236 3017 272 3069 ad
288 3020 394 3072 terram
412 3016 519 3072 debilis
535 3019 667 3088 graviter
680 3019 812 3088 cudebat,

177 3104 285 3160 lterum
301 3106 410 3161 amoris
423 3106 451 3158 vi
469 3121 590 3160 sursum
606 3105 766 3175 terebatur,

140 3191 176 3246 Et
189 3194 289 3248 erucis
308 3193 469 3264 patibulum
485 3208 553 3248 mox
567 3193 798 3264 amplexabatur,

139 3279 303 3353 Filiumque
314 3286 437 3354 tangere
451 3281 575 3338 multum
589 3282 746 3353 nitebatur,

139 3367 197 3426 Sed
213 3370 249 3424 ad
263 3373 373 3424 terram
388 3369 502 3438 durius,
520 3368 594 3425 heut
613 3369 814 3428 collidebatur.

173 3457 217 3512 lbi
227 3456 335 3527 jacens
350 3456 436 3511 auxia
452 3455 526 3511 male
542 3456 745 3527 torquebatur,

139 3543 296 3599 immensis
315 3543 479 3613 doloribus,
496 3541 573 3599 beat
594 3545 827 3615 opprimebatur,

137 3631 187 3688 Sio
200 3632 351 3686 cadentem
368 3632 544 3702 sauguinem
559 3632 797 3704 deosculabatur,

136 3717 218 3783 Quod
234 3734 342 3773 cruore
360 3718 451 3773 iacies
463 3718 552 3772 rubra
567 3718 754 3790 reddebatur,

173 3806 251 3862 lnter
270 3806 335 3862 haec
357 3807 493 3878 discipuli
509 3808 582 3862 lesu
598 3807 655 3863 duo
671 3808 758 3880 grati,

139 3895 332 3967 Nicodemus,
348 3902 376 3951 et
389 3896 502 3966 ioseph
519 3896 574 3957 tsic
589 3898 659 3952 suut
672 3897 830 3968 appellati),

133 3983 247 4055 Adepta
261 3983 379 4039 licentia
393 3984 532 4054 praesidis
547 3983 642 4054 Pilati,

134 4072 173 4128 Ut
188 4072 291 4128 lesum
307 4074 497 4145 deponerent,
514 4077 657 4129 venerunt
672 4078 774 4145 parati.

168 4162 250 4217 Tunc
267 4177 375 4233 corpus
392 4168 420 4217 et
434 4163 556 4218 brachia
572 4164 664 4219 ltlater
678 4167 859 4237 assumebat,

129 4248 167 4305 Et
181 4251 217 4305 ad
233 4267 266 4306 se
282 4253 505 4308 moestissimam
520 4254 636 4308 concito
653 4254 794 4324 trahebat,

129 4337 228 4413 Super
238 4340 301 4413 jam
316 4342 483 4412 depositum
498 4342 601 4399 osculo
616 4343 729 4398 ruebat.

130 4426 236 4483 Saliari
252 4430 370 4484 minime
386 4431 422 4484 de
437 4433 504 4485 nato
519 4432 643 4486 valebat.

165 4516 247 4572 Tunc
262 4517 297 4571 ad
315 4524 401 4587 eaput
416 4518 480 4573 Filii
499 4520 545 4574 sui
562 4519 654 4574 llater
670 4522 775 4587 stabat,

129 4605 308 4676 Beatamquc
323 4605 429 4661 faeiem
444 4607 582 4677 lacrymis
598 4609 723 4681 rigabat,

127 4691 213 4764 Saepe
228 4694 460 4765 profundissime
476 4710 599 4767 gemens
616 4698 794 4767 suspirabat,

127 4780 226 4853 Seque
242 4783 335 4852 ipsam
351 4784 462 4839 feriens
477 4783 550 4839 tales
566 4799 656 4840 voces
672 4785 777 4841 dabat:

161 4869 254 4925 OFili
269 4873 456 4928 charissime.
474 4873 543 4944 quid
558 4873 629 4928 mihi
645 4874 766 4929 iecisti?

126 4957 185 5012 Cur
199 4958 294 5015 ludaei
311 4963 396 5016 morti
412 4965 439 5016 te
454 4961 637 5017 tradiderunt
652 4964 725 5018 istit

124 5044 220 5111 Quare
234 5065 281 5102 rna
297 5050 463 5121 relinquere
476 5053 544 5121 post
558 5054 585 5106 to
603 5051 743 5106 voluisti?

124 5133 272 5189 Succurro
287 5139 404 5205 spiritui
419 5154 484 5194 meo
504 5141 592 5194 nimis
608 5140 694 5195 tristi.

109 5256 134 5294 0
159 5222 183 5277 t)
199 5224 236 5276 mi
253 5241 334 5280 amor
349 5229 444 5296 unice,
462 5232 549 5298 atque
564 5228 703 5298 salutare,

122 5311 279 5381 Gaudium,
296 5314 432 5368 solatium
448 5331 545 5370 arreum
561 5318 723 5389 singulare,

124 5398 189 5453 Vita
204 5415 277 5455 meae
292 5401 408 5469 animae,
425 5401 529 5457 ol'ilil
547 5404 593 5458 die
608 5421 700 5476 quare

121 5488 271 5544 Permittis
287 5488 386 5544 dolere
402 5505 447 5544 me
463 5507 515 5560 pro
531 5496 559 5547 te
575 5498 632 5547 tam
648 5496 770 5550 amare?

158 5576 213 5633 Ubi
229 5583 274 5634 est
290 5578 369 5651 quod
384 5578 472 5635 habui
487 5582 627 5652 gaudium
637 5586 696 5638 tam
712 5583 811 5655 latum,

1003 440 1119 505 ADum
1133 451 1221 523 virgo
1237 452 1359 521 concepi
1374 458 1411 517 te,
1428 452 1588 523 peperique
1603 452 1725 507 natum?

1042 538 1074 594 ln
1091 554 1226 611 magnam
1242 540 1422 609 moestitiam,
1437 538 1495 594 beu
1509 539 1516 594 l
1532 555 1609 595 nune
1625 544 1671 595 est
1686 542 1827 597 mutuum

1043 627 1118 683 Dum
1133 632 1159 683 te
1176 643 1273 683 meum
1289 629 1429 699 gaudium
1444 629 1530 684 video
1543 633 1691 685 necatum.

1078 715 1136 771 Sed
1153 716 1282 773 dolendo
1297 717 1420 772 Domina
1434 721 1562 773 mentem
1577 719 1787 787 conservabat,

1045 801 1147 860 Fidem
1161 804 1275 860 firmem
1291 806 1422 861 retinens
1438 806 1510 861 nibil
1527 806 1714 878 desperabat,

1043 891 1104 948 lmo
1115 893 1198 965 iuste
1213 894 1315 965 doluit,
1331 900 1359 951 et
1374 896 1454 950 reete
1469 893 1614 965 plorabat,

1042 979 1117 1035 Dum
1132 980 1244 1052 injuste
1259 982 1415 1037 Dominum
1426 982 1533 1053 perimi
1548 981 1709 1053 spectabat,

1076 1068 1158 1124 Tune
1173 1071 1308 1126 volentes
1322 1071 1478 1125 Dominum
1494 1073 1631 1142 sepulcro
1649 1071 1759 1141 locare,

1037 1157 1153 1213 Natam
1169 1159 1225 1223 cito
1242 1158 1383 1227 iacerent,
1400 1160 1488 1230 eoepit
1502 1160 1567 1215 haec
1582 1175 1702 1232 rogare.

1038 1244 1076 1299 Hi
1091 1246 1230 1301 volebant
1243 1251 1390 1302 mortuum
1404 1247 1565 1318 sepulture
1579 1248 1659 1317 dare,

1038 1331 1105 1403 lpsa
1120 1334 1156 1390 ad
1172 1350 1205 1389 se
1221 1338 1286 1390 visa
1300 1338 1347 1391 est
1361 1351 1471 1406 corpus
1486 1340 1658 1392 retractare.

1073 1421 1151 1477 Inter
1165 1438 1217 1478 eos
1234 1424 1329 1479 taliter
1343 1425 1390 1494 pia
1406 1423 1443 1478 lis
1460 1424 1557 1494 tiebat,

1037 1508 1189 1565 Eleorum
1205 1511 1304 1566 acrius
1320 1512 1442 1583 quilibet
1458 1512 1584 1583 dolebat,

1036 1596 1071 1652 Et
1087 1614 1141 1669 pro
1156 1598 1250 1655 llatre
1264 1599 1388 1672 Virgine
1404 1601 1530 1656 maxime
1546 1601 1715 1674 plangebat,

1034 1684 1117 1750 Quod
1134 1689 1198 1757 ipsa
1214 1692 1273 1742 tam
1288 1689 1374 1743 anxie
1388 1686 1501 1761 jugiter
1516 1688 1646 1761 lugebat.

1070 1774 1152 1829 Tunc
1168 1775 1204 1830 ad
1220 1777 1350 1831 tumbam
1366 1777 1481 1832 Domini
1497 1778 1595 1850 angeli
1612 1783 1768 1850 venerunt,

1035 1859 1070 1916 Et
1085 1863 1200 1932 sepulto
1216 1863 1340 1919 Domino
1355 1863 1459 1919 laudes
1475 1864 1694 1936 persolverunt,

1033 1948 1091 2005 Sed
1106 1950 1207 2007 Mariae
1223 1952 1301 2007 oculi
1316 1950 1463 2025 lacrymas
1480 1952 1629 2024 fuderunt,

1033 2037 1188 2110 Singultus
1204 2044 1232 2094 et
1246 2042 1376 2112 gemitus
1390 2041 1485 2111 ipsam
1503 2048 1695 2098 vexaverunt.

1068 2127 1177 2182 Taliter
1192 2129 1222 2182 iu
1238 2128 1349 2183 tumulo
1365 2128 1482 2185 Christo
1498 2129 1651 2200 collocato,

1031 2214 1165 2270 Genitrix
1178 2218 1352 2271 tristissima
1367 2217 1518 2272 benedixit
1534 2223 1612 2288 nato,

1031 2302 1262 2375 Commendavit,
1280 2307 1404 2374 aestimo,
1422 2321 1489 2361 eum
1504 2307 1583 2362 Patri
1599 2316 1694 2379 grato,

1030 2391 1167 2461 (lerneus,
1185 2393 1259 2447 tiens
1270 2399 1298 2447 et
1313 2394 1430 2465 ejulans
1445 2411 1498 2464 pro
1514 2396 1700 2452 mortificato.

1067 2481 1109 2534 En
1125 2483 1174 2553 qui
1191 2498 1339 2553 nunquam
1356 2483 1490 2552 moritur,
1509 2483 1652 2539 Dominus
1668 2486 1808 2557 deorum,

1029 2569 1186 2640 Sepcllitur
1200 2575 1335 2626 mortuus
1350 2572 1485 2627 manibus
1501 2587 1634 2643 suorum,

1029 2657 1121 2722 Quem
1135 2674 1189 2714 nec
1205 2661 1282 2713 terra
1298 2662 1435 2728 continet,
1453 2675 1508 2715 nec
1524 2661 1590 2716 eceli
1607 2661 1762 2733 coelorum,

1029 2746 1156 2802 (lausus
1171 2750 1217 2801 est
1232 2749 1288 2803 sub
1305 2748 1401 2819 lapide
1417 2764 1500 2804 more
1516 2755 1710 2807 mortuorum.

1063 2836 1145 2889 Tune
1161 2836 1220 2905 liic,
1235 2838 1283 2890 cui
1298 2836 1442 2893 Dominus
1458 2837 1579 2892 llatrem
1596 2843 1824 2913 commendavit,

1028 2924 1159 2980 loannes
1174 2925 1322 2995 videlicet,
1342 2926 1492 2998 lugentem
1507 2925 1626 2997 levavit,

1029 3011 1197 3083 Urbemque
1212 3012 1378 3069 ierusalem
1394 3031 1461 3070 oum
1475 3031 1509 3071 ea
1523 3016 1653 3083 intravit,

1026 3099 1061 3155 m
1072 3101 1109 3171 ei,
1127 3105 1158 3157 ut
1172 3101 1276 3171 Filius,
1292 3102 1369 3158 benc
1384 3103 1571 3158 ministravit.

983 3170 1006 3230 C
1062 3189 1144 3246 Tunc
1157 3190 1273 3246 devotae
1289 3190 1416 3261 iemiuae,
1433 3208 1499 3265 quae
1515 3194 1571 3247 ista
1585 3193 1733 3250 viderunt.

1025 3277 1097 3344 Quae
1111 3279 1261 3335 viventem
1276 3279 1432 3335 Dominum
1446 3285 1559 3337 secutae
1575 3281 1705 3354 luerunt,

1026 3367 1143 3424 blortuo
1158 3367 1334 3439 obsequium
1349 3373 1432 3441 grate
1448 3370 1649 3440 praebuerunt,

1026 3456 1166 3513 Ementes
1181 3459 1310 3513 aromata
1325 3456 1353 3512 ei
1366 3462 1605 3528 parentaverunt.

1059 3545 1138 3602 lnter
1152 3561 1227 3616 quas
1243 3543 1413 3617 Mrgdalena
1424 3545 1492 3601 talis
1507 3547 1672 3619 videbatur,

1022 3634 1105 3701 Quod
1121 3648 1213 3689 sexus
1229 3632 1346 3688 feminei
1361 3633 1603 3706 obliviscebatur,

1023 3723 1097 3779 Nam
1108 3738 1238 3795 pergens
1250 3722 1278 3776 in
1295 3722 1419 3778 tenibris
1433 3723 1505 3778 nibil
1521 3724 1690 3783 verebatur.

1022 3811 1057 3867 Et
1072 3812 1230 3885 quaesitum
1244 3811 1366 3884 invenit,
1382 3827 1399 3866 a
1414 3828 1471 3884 qua
1486 3812 1662 3885 ungebatur.

1055 3900 1114 3956 Sed
1129 3901 1220 3972 Virgo
1237 3914 1382 3971 puerpera
1397 3899 1515 3956 tletibus
1531 3902 1664 3972 vacabat,

1019 3990 1200 4062 languendo
1214 3994 1280 4059 post
1295 3987 1402 4045 Filium
1412 3988 1525 4062 jugiter
1539 3990 1684 4063 plorabat,

1018 4077 1130 4142 Quanto
1144 4079 1208 4148 ipse
1223 4093 1333 4148 passus
1348 4078 1397 4148 sit,
1412 4078 1449 4132 ad
1464 4084 1592 4134 mentem
1608 4082 1779 4153 revocabat,

1018 4167 1053 4221 Et
1067 4167 1098 4223 io
1112 4166 1201 4221 eorde
1217 4166 1357 4238 languido
1373 4165 1469 4221 llendo
1484 4167 1659 4224 ruminabat.

1053 4257 1106 4311 Die
1122 4259 1218 4311 autem
1233 4255 1319 4310 tertio
1334 4255 1452 4311 Christo
1466 4262 1653 4329 resurgente,

1017 4344 1155 4416 Captivos
1171 4345 1207 4397 ab
1222 4343 1328 4398 inieris
1344 4357 1446 4398 secum
1460 4345 1614 4415 educente,

1016 4432 1220 4488 Descendebat
1235 4432 1360 4504 angelus
1376 4432 1412 4486 de
1428 4432 1501 4487 eaelo
1517 4435 1648 4502 repente,

971 4523 992 4581 b
1014 4523 1196 4578 Terraemotu
1212 4521 1322 4592 pariter
1337 4519 1413 4576 iacto
1429 4520 1612 4575 vehemente.

1049 4611 1115 4666 lam
1129 4625 1215 4665 mane
1233 4608 1405 4681 blagdalena
1421 4608 1457 4662 ad
1472 4608 1602 4663 tumbam
1616 4611 1774 4682 pergebat,

1013 4699 1048 4752 Et
1064 4714 1167 4754 secum
1183 4702 1312 4753 aromata
1328 4701 1426 4766 parata
1442 4696 1565 4765 terebat,

1014 4788 1075 4841 Nec
1090 4802 1181 4855 arma,
1199 4801 1252 4840 nec
1268 4784 1403 4839 homines
1418 4783 1500 4839 ieros
1516 4784 1672 4854 metuebat,

1015 4876 1073 4931 Sed
1087 4874 1237 4931 ferventer
1252 4874 1379 4945 diligens
1395 4873 1551 4929 Dominum
1571 4873 1735 4945 quaerebat.

1050 4965 1109 5036 lpsi
1126 4963 1182 5019 soli
1197 4962 1339 5017 Dominus
1354 4960 1449 5032 primo
1465 4961 1633 5031 apparebat,

1011 5052 1189 5110 Conturbata
1199 5050 1325 5120 amplius
1342 5048 1490 5104 sublatum
1505 5048 1656 5120 credebat,

1010 5143 1205 5198 Consolantes
1221 5138 1345 5210 angelos
1360 5136 1463 5192 audire
1476 5137 1604 5209 nolebat,

1009 5231 1089 5285 Nihil
1104 5229 1170 5284 sine
1186 5228 1308 5282 Domino
1324 5225 1441 5296 placere
1457 5225 1584 5280 valebat.

1043 5317 1080 5373 Et
1093 5317 1161 5388 quia
1178 5315 1340 5371 ferventius
1357 5313 1474 5369 caeteris
1488 5314 1649 5384 quaerebat,

1008 5406 1069 5476 lpsi
1085 5405 1142 5460 soli
1158 5403 1303 5458 Dominus
1319 5401 1414 5472 primo
1429 5401 1598 5472 apparebat,

1006 5494 1078 5550 Haec
1094 5509 1130 5550 ne
1146 5508 1213 5548 aum
1230 5492 1364 5563 tangeret
1380 5492 1478 5545 statim
1493 5490 1671 5561 prohibebat

1008 5581 1066 5639 Sed
1086 5586 1117 5638 ut
1131 5583 1233 5638 vivum
1244 5580 1356 5637 diceret
1371 5578 1514 5636 iratribus
1529 5580 1677 5638 monebat.
