3908 6112
125 108 185 175 ω
772 99 1000 173 beuscuuu
1021 105 1179 175 SPUBIA
1382 162 1390 177 .
1784 116 1846 184 626

126 308 283 393 consolari
297 306 454 382 lugubrem
468 307 554 364 risus
568 309 615 362 est
629 307 801 374 clementer,

157 394 224 453 oui
236 396 336 453 scires
348 396 476 469 qualiter
489 395 561 452 mibi
577 394 769 452 condolebati

969 309 999 374 ι
1048 307 1132 365 Heni
1149 310 1332 380 contemplor
1345 317 1426 367 tuum
1441 330 1494 369 cor
1506 330 1588 385 saepe
1604 317 1795 391 perforatum,

1012 395 1048 453 Et
1063 413 1130 453 cum
1145 399 1287 455 membris
1299 400 1429 474 singuiis
1444 401 1511 458 Filii
1528 406 1739 478 conclavatum,

126 486 239 557 Nempe
251 501 306 558 pro
320 498 368 541 me
382 484 474 540 multo
488 484 556 557 plus
572 500 660 558 quam
674 500 727 555 pro
742 499 775 540 se
786 484 954 556 languebat,
1012 484 1089 542 Ecce
1105 487 1187 559 geris
1200 488 1276 544 intra
1286 494 1313 544 te
1329 490 1504 546 crucifixum
1520 497 1628 563 natum,

126 575 160 631 Et
173 574 243 647 ejus
256 572 413 647 poenalitas
429 573 552 629 multum
566 588 612 629 me
631 573 792 644 premebat,

126 667 167 720 Ae
179 670 324 736 utrosque
339 662 442 735 passio
457 663 593 718 vicissim
608 661 745 733 angebat.

156 753 180 809 0
195 753 340 809 immensa
359 751 492 826 gravitas
509 756 537 807 et
551 746 730 806 anxietudo!

127 842 216 898 Poena
232 840 400 908 ineffabilis,
415 843 444 896 et
453 838 615 897 amaritudo
630 836 636 892 i

126 929 269 996 Quantum
284 931 397 1002 pressit
411 929 515 986 ambos
531 943 587 984 nos
603 928 659 981 ista
673 925 824 994 habitudo,

127 1017 207 1084 Quos
222 1016 439 1075 inaestimabilis
456 1017 575 1072 strinxit
590 1015 739 1089 gratitudo
754 1014 760 1069 i
791 1050 800 1065 .

233 1107 374 1163 Christus
389 1106 518 1162 ritatrem
534 1104 716 1161 commendat
731 1103 847 1160 ioanni.

159 1196 236 1253 Nam
251 1196 336 1252 morti
352 1195 548 1268 approprians
564 1193 682 1250 flentem
695 1208 741 1248 me
756 1192 883 1259 vocavit,

128 1287 273 1342 ioannem
288 1286 318 1338 in
332 1283 425 1339 tilium
440 1283 511 1337 mihi
526 1281 683 1353 ordinavit,

127 1374 172 1429 ite
188 1374 219 1428 iu
234 1378 358 1428 matrem
373 1371 484 1444 pariter
496 1371 537 1425 iiii
552 1369 777 1436 commendavit,

123 1463 160 1518 Et
174 1463 289 1518 doloris
304 1460 421 1534 gladius
437 1463 507 1516 tunc
523 1474 569 1514 me
583 1457 755 1529 perforavit.

160 1550 343 1608 Semivivum
357 1548 524 1615 Dominum,
541 1544 618 1603 heui
635 1546 828 1602 audiebamus
841 1564 847 1611 ;

125 1640 224 1712 Loqui
239 1654 302 1711 prae
317 1637 458 1693 moestitia
472 1636 543 1692 nihil
560 1635 743 1704 valebamus,

115 1730 231 1786 desum
245 1742 319 1799 pene
335 1731 481 1783 mortuum
498 1725 554 1780 leri
567 1723 752 1792 videbamus,

119 1816 320 1888 Respondeas
334 1814 455 1888 aliquid,
468 1814 536 1883 heu,
554 1828 612 1869 non
624 1816 805 1882 poteramus.

159 1906 225 1979 Ego
242 1904 341 1960 cordis
353 1903 482 1976 iubilum
498 1901 556 1957 mei
570 1901 747 1967 amittebam,

112 1995 158 2051 Et
173 1997 205 2049 ia
220 1994 327 2049 multas
342 1991 488 2064 lacrymas
503 1995 563 2045 tota
578 1989 730 2058 deilebam,

112 2085 219 2139 Vitam
232 2097 306 2138 meae
321 2081 427 2136 animas
444 2078 526 2135 obire¹
540 2078 687 2145 ridebam,

109 2176 162 2229 Ae
179 2172 278 2244 poenia
293 2168 464 2243 ingentibus
476 2162 539 2241 juli
556 2166 753 2240 liquefiebam.

341 2256 452 2331 thuid
466 2254 657 2330 dereliquisti
674 2256 744 2312 me?

153 2350 234 2404 Nem
249 2349 336 2404 etsie
352 2346 520 2403 humanitas
536 2344 806 2417 derelinquebatur,

114 2440 186 2495 Nec
198 2442 269 2494 tunc
284 2437 311 2492 ei
325 2435 419 2491 deitas
430 2433 636 2506 opitulabatur,

110 2526 218 2594 Unde,
235 2529 264 2582 et
276 2523 432 2597 passibilis
443 2522 528 2578 vaide
544 2521 734 2589 reddebatur,

113 2617 161 2674 Et
178 2632 236 2672 eur
250 2612 402 2688 reliquisti
416 2626 472 2680 me,
488 2610 593 2667 Deus?
603 2611 787 2684 loquebatur.

151 2707 273 2773 Anima,
288 2705 314 2759 si
329 2701 463 2759 ruminas
477 2700 605 2772 primum
620 2700 699 2754 hune
715 2699 857 2769 dolorem,

111 2794 301 2851 Possidebis
315 2790 441 2848 forsitan
456 2789 654 2861 lacrymarum
669 2802 777 2856 rorem,

115 2883 154 2939 Et
169 2883 200 2938 si
213 2886 247 2938 tu
262 2881 368 2937 devota
382 2897 416 2938 es
429 2896 464 2936 ac
479 2878 564 2950 cupis
580 2878 732 2943 bonorem,

113 2972 267 3028 Meditare
279 2971 391 3042 sepius
406 2969 485 3025 huuc
500 2982 597 3024 meum
612 2978 779 3022 moerorem.

152 3061 179 3116 0
196 3056 403 3115 misericordia
417 3058 561 3113 immensa
576 3053 696 3127 repieta,

113 3150 206 3206 Laus
219 3148 276 3205 tibi
290 3151 319 3203 et
332 3147 430 3204 honor
442 3147 493 3218 eit,
508 3144 613 3214 ldater,
629 3144 695 3200 eine
711 3145 797 3198 meta.

111 3238 228 3295 Omnia
243 3251 310 3309 quae
324 3235 401 3291 tacta
416 3225 494 3302 sunt,
511 3232 580 3289 nota
595 3235 624 3289 et
639 3235 765 3297 secreta,

112 3328 189 3384 Tibi
206 3325 326 3381 solvant
340 3323 464 3399 gratias,
481 3320 584 3396 Virgo,
600 3320 698 3377 Verbo
713 3319 784 3376 teta.

152 3417 225 3473 lam
241 3414 355 3471 obortis
370 3412 510 3484 lacrymis
527 3426 579 3483 per
592 3410 840 3480 compassionem,

111 3506 225 3581 Cogor
240 3505 455 3573 interrumpere
470 3504 551 3555 tuum
564 3499 644 3554 bunc
658 3511 836 3565 sermonem,

109 3594 293 3652 Gratiarum
307 3591 431 3647 reddere
445 3588 498 3644 tibi
512 3588 665 3657 actionem,

109 3683 154 3741 Et
169 3689 256 3739 tuam
271 3680 413 3737 extollere
428 3677 657 3733 miserationem.

151 3774 179 3828 Ο
198 3786 264 3826 mea
280 3765 407 3825 tiducial
424 3767 517 3823 blater
532 3765 585 3822 Dei
600 3765 674 3833 veri,

110 3860 179 3918 Per
195 3865 225 3915 te
241 3873 294 3914 oro
307 3857 422 3931 jugiter
433 3856 470 3911 ad
484 3854 561 3911 bona
575 3854 688 3927 urgeri,

109 3947 156 4006 Et
172 3967 193 4004 a
207 3946 295 4002 malis
311 3944 450 4002 omnibus
461 3959 514 4015 per
526 3946 555 3999 te
571 3942 712 4008 coerceri,

106 4036 261 4111 Tuisque
275 4034 429 4092 doloribus
444 4047 563 4103 semper
576 4029 738 4101 adimpleri.

156 4127 283 4184 Utinam
297 4139 364 4180 cum
374 4121 514 4194 lacrymis
528 4135 649 4192 possem
663 4133 742 4175 nunc
755 4119 855 4190 rugire

109 4213 158 4273 Et
176 4230 236 4288 pro
251 4217 290 4285 te,
307 4210 473 4279 oDomina,
491 4208 616 4265 dolendo
631 4205 733 4264 obirel

109 4302 236 4363 Poenas
252 4316 371 4373 semper
385 4315 432 4354 me
446 4301 513 4353 tuas
527 4311 635 4368 precor
651 4295 696 4352 tac
711 4297 832 4365 sentiro,

109 4390 226 4451 Meum
242 4406 296 4447 cor
306 4388 501 4444 durissimum
516 4386 648 4457 digneris
663 4384 789 4440 mollire.

159 4483 240 4548 lieu,
257 4493 348 4551 quare
366 4479 434 4548 post
447 4474 564 4543 Filium,
579 4474 713 4544 Domina,
730 4472 853 4527 abiisti?

114 4568 193 4626 Heu
207 4568 213 4625 l
231 4584 286 4623 cur
299 4567 336 4622 ad
348 4565 493 4620 Calvariae
508 4564 606 4618 locum
621 4562 761 4617 exivisti?

114 4655 212 4725 Heni
229 4672 284 4711 eur
298 4653 430 4711 solitaria
445 4651 524 4707 domi
541 4666 598 4706 non
614 4650 705 4715 fuisti,

117 4745 171 4804 Ne
187 4748 220 4801 in
231 4747 326 4800 morte
342 4741 467 4798 forsitan
481 4740 638 4811 perimaris
648 4738 784 4793 Chrisli‘?

157 4835 269 4891 Nonne
284 4832 344 4888 nati
359 4829 461 4903 passio
478 4828 565 4884 nobis
582 4830 664 4884 esset
679 4828 763 4895 satis,

122 4920 196 4979 Nisi
207 4920 400 4993 crueiiigerat
414 4923 443 4974 te
453 4918 539 4988 plebs
555 4917 704 4973 feritatis?

123 5008 186 5068 (tur
199 5009 308 5078 iecisti,
325 5008 448 5064 Domina
463 5008 547 5062 mirae
563 5005 736 5072 sanctitatis,

127 5096 167 5156 'le
182 5115 240 5154 vas
255 5096 459 5153 amaritudinis
474 5095 503 5150 et
517 5093 717 5166 poenalitatis?

131 5186 204 5258 lieu,
220 5203 280 5243 non
295 5185 392 5242 solum
407 5198 497 5240 cerno
512 5184 540 5237 te
551 5181 635 5254 juxta
651 5195 770 5236 crucem
786 5180 913 5250 ilentem,

134 5275 184 5332 Sec
200 5276 291 5330 simul
306 5290 373 5332 eum
387 5270 462 5330 Filio
477 5272 507 5326 in
521 5284 610 5326 cruce
627 5272 802 5339 manentem,

135 5361 282 5420 Christum
296 5362 488 5435 corporaliter
501 5361 531 5416 in
544 5360 627 5432 ligno
636 5360 821 5431 pendentem,

135 5452 222 5510 Tuam
235 5467 309 5507 vero
325 5453 448 5507 animam
467 5463 645 5521 suspensam
661 5450 689 5503 et
702 5447 857 5503 dolentem.

1013 572 1142 648 Flagris,
1160 577 1265 648 spinis,
1279 578 1397 646 ictibuS,
1415 580 1508 635 clavis
1521 581 1690 637 laceratum.

1048 665 1140 720 Oeor
1154 665 1336 735 delectabile,
1353 666 1449 735 dulce,
1467 669 1632 729 delicatum.

1014 752 1080 808 Heu
1092 753 1098 808 l
1115 769 1192 810 nuuc
1208 756 1237 810 in
1251 756 1398 828 angustiis
1412 757 1497 812 ratde
1511 758 1703 829 immutatum,

1014 841 1148 909 Probris,
1161 849 1190 898 et
1203 844 1399 914 blasphemiis
1414 845 1503 900 nimis
1518 848 1714 917 molestatum,

1012 929 1125 1002 Sputis,
1143 931 1221 999 telle,
1238 932 1357 987 fletibus
1373 936 1419 988 est
1432 935 1634 991 amaricatum.

1046 1019 1069 1074 Ο
1084 1019 1330 1075 amabilissimum
1341 1036 1404 1090 cor,
1421 1021 1539 1092 plenum
1550 1023 1681 1080 dulcoris
1694 1024 1700 1080 Ι

1011 1108 1162 1173 Quomodo
1178 1109 1222 1163 sie
1238 1124 1416 1164 conversum
1431 1125 1464 1164 es
1480 1108 1548 1165 telle
1563 1113 1723 1168 moeroris?

1011 1196 1127 1251 Partem
1142 1196 1223 1266 mihi,
1241 1196 1351 1268 tlagito,
1366 1199 1402 1251 da
1413 1199 1454 1252 tui
1468 1198 1592 1268 doloris,

1012 1285 1232 1356 liacrymrrum,
1248 1285 1414 1355 vulnerum,
1429 1286 1599 1359 Christique
1613 1287 1777 1362 languoris.

1046 1373 1128 1428 Tunc
1143 1373 1233 1428 charo
1248 1373 1394 1445 discipulo
1411 1375 1504 1430 Mater
1517 1376 1728 1448 commendata,

1015 1461 1053 1518 Ui
1067 1477 1154 1517 sacre
1167 1462 1307 1534 paginula
1322 1468 1403 1518 esset
1415 1468 1627 1531 consummata,

1009 1551 1114 1606 Proles
1129 1551 1200 1606 Dei:
1217 1551 1303 1620 Sitio,
1322 1551 1394 1606 dixit
1409 1551 1548 1624 fatigata;

1010 1638 1078 1708 Sed,
1094 1639 1162 1708 beu,
1179 1639 1275 1710 qualis
1288 1641 1314 1695 ei
1331 1641 1409 1710 potio
1426 1645 1472 1695 est
1486 1656 1585 1696 artiora
1600 1642 1690 1699 data‘?

1045 1727 1205 1782 Oliessiai
1220 1728 1355 1798 supplico
1370 1732 1449 1783 tuam
1464 1728 1610 1800 pietatem,

1010 1816 1090 1871 Pelle
1105 1833 1121 1870 a
1135 1832 1181 1872 me
1193 1816 1342 1887 crapulam
1354 1821 1382 1871 ei
1397 1817 1577 1887 ebrietatem,

1012 1904 1044 1960 ln
1057 1905 1133 1960 cibis
1149 1906 1178 1959 et
1192 1905 1310 1974 potibus
1326 1905 1361 1959 da
1377 1906 1577 1973 sobrietatem,

1012 1993 1056 2048 Ne
1072 1994 1153 2047 sinas
1169 2008 1215 2046 mc
1229 1992 1334 2047 cadere
1350 2008 1403 2063 per
1417 1994 1598 2049 edacitatem.

1048 2082 1113 2137 Heu
1125 2080 1131 2135 l
1149 2096 1240 2152 quare
1253 2080 1339 2151 cupio
1349 2081 1457 2136 lautius
1471 2083 1572 2152 cibari,

1013 2170 1081 2225 Sive
1097 2169 1231 2225 delicatis
1243 2168 1318 2223 cibis
1331 2185 1480 2241 nunquam
1497 2170 1620 2225 satiari?

1012 2259 1035 2313 O
1051 2259 1123 2313 iesu
1136 2256 1142 2311 i
1157 2273 1194 2313 ne
1211 2258 1293 2313 sinas
1308 2272 1362 2311 rios
1378 2258 1416 2312 iia
1429 2257 1580 2325 delectari,

1012 2346 1067 2411 Qui
1082 2346 1149 2402 telle
1160 2346 1299 2418 dignatus
1316 2360 1349 2400 es
1364 2347 1515 2416 pronubis
1531 2348 1635 2417 potari.

1049 2436 1141 2505 Tunc,
1159 2435 1238 2490 sicut
1252 2434 1407 2507 apostolus
1419 2436 1550 2491 ioannes
1565 2434 1696 2506 dictavit,

1013 2525 1123 2581 iesus:
1143 2524 1377 2580 Consummatum
1394 2529 1448 2591 est,
1462 2525 1560 2580 statim
1576 2523 1760 2593 exclamavit,

1012 2614 1120 2686 Sioque
1139 2629 1225 2669 suurn
1242 2613 1377 2684 spiritum
1393 2613 1472 2668 Patri
1488 2613 1704 2670 commendavit

1012 2703 1085 2760 Cum
1098 2703 1226 2758 clamore
1241 2702 1348 2765 valido,
1365 2704 1393 2757 et
1408 2703 1452 2756 sic
1467 2702 1621 2773 expiravit.

1050 2791 1192 2846 iterienie
1204 2791 1328 2847 Domino
1339 2794 1416 2846 terra
1432 2793 1642 2860 contremebat,

1013 2878 1232 2936 Scindebantur
1243 2877 1368 2950 lapides,
1386 2879 1431 2934 soi
1444 2877 1542 2952 lumen
1559 2878 1724 2948 claudebat,

1016 2968 1226 3041 Resurgebant
1241 2968 1358 3037 mortui,
1372 2966 1500 3038 populus
1511 2967 1664 3037 moerebat,

972 3029 1233 3127 ⁰i'e1umternpll
1249 3055 1380 3110 scissum
1396 3058 1451 3124 est,
1469 3055 1562 3110 aether
1577 3070 1636 3110 non
1652 3054 1778 3110 lucebat.

1048 3145 1079 3201 Si
1088 3148 1159 3200 tunc
1172 3142 1357 3199 insensibilia
1372 3143 1633 3216 compatiebantur,

1014 3235 1049 3289 Et
1061 3237 1090 3289 in
1106 3238 1199 3289 morte
1218 3232 1334 3288 Domini
1347 3232 1461 3303 lapides
1477 3231 1700 3302 scindebantur,

1014 3323 1198 3378 Erubesceni
1215 3321 1361 3389 homines,
1377 3322 1428 3393 qui
1445 3337 1502 3376 non
1519 3321 1739 3389 contristantur,

1014 3413 1089 3467 Dum
1101 3412 1213 3469 obiisse
1225 3410 1380 3465 Dominum
1395 3410 1497 3465 destun
1513 3410 1701 3465 meditantur.

1050 3502 1094 3556 Tu
1109 3500 1220 3568 divisti,
1237 3499 1371 3566 Domine,
1387 3514 1440 3570 per
1454 3499 1629 3571 prophetam
1645 3513 1726 3568 vere,

1014 3590 1097 3657 Quod
1113 3593 1246 3645 nostrum
1263 3588 1409 3659 lapideum
1424 3588 1517 3644 velles
1534 3605 1586 3643 (mr
1601 3587 1711 3658 delere,

1015 3679 1050 3732 Et
1064 3694 1116 3734 cor
1129 3683 1179 3732 tuo
1194 3678 1301 3749 populo
1322 3692 1462 3732 carneum
1481 3677 1615 3748 prmircre
1629 3675 1752 3747 (Erech.
1770 3690 1801 3730 ru
1815 3678 1844 3730 et

1086 3768 1200 3834 xxxvi),

1016 3856 1086 3923 Sod,
1104 3853 1178 3910 beui
1192 3854 1240 3908 vix
1256 3854 1318 3908 vult
1333 3869 1474 3908 carneum
1488 3855 1600 3909 dolere.

1051 3945 1074 3998 Ο
1089 3945 1157 4015 pius
1172 3957 1259 4015 quam
1275 3942 1393 4013 lapidei,
1409 3943 1526 4015 ingrati,
1545 3943 1674 4014 indignit

1016 4034 1039 4089 Ο
1055 4032 1147 4087 nostri
1162 4031 1268 4085 duritia
1283 4030 1383 4086 conatis
1396 4030 1568 4101 imbenigni,

1017 4122 1121 4178 Nonne
1137 4118 1312 4175 contumelia
1326 4119 1416 4173 mulla
1433 4133 1537 4173 sumus
1552 4118 1643 4190 digni,

1015 4211 1098 4277 Quod
1113 4223 1216 4281 parum
1232 4207 1427 4277 compatimur
1442 4205 1575 4278 regitam
1590 4204 1723 4278 insignit

1050 4299 1074 4354 Ο
1089 4315 1141 4354 cor
1156 4297 1330 4368 pessimum.
1347 4295 1452 4350 durum
1468 4298 1554 4366 atquc
1566 4309 1683 4363 vanum,

977 4379 1128 4445 DDurius
1144 4384 1302 4456 lapidibus,
1317 4384 1403 4455 quasi
1420 4384 1620 4438 inhumanum.

1016 4477 1125 4531 Saltem
1140 4491 1218 4530 nunc
1233 4477 1412 4543 compatere,
1429 4472 1486 4527 nisi
1497 4473 1541 4526 sis
1560 4487 1711 4537 cosanum,

1019 4564 1092 4620 Dum
1107 4565 1151 4619 sic
1169 4562 1252 4643 uides
1268 4563 1327 4633 pati
1338 4561 1416 4633 quod
1432 4576 1491 4616 non
1506 4564 1551 4615 est
1565 4561 1734 4616 humanum.

1052 4653 1075 4708 0
1091 4653 1174 4715 iesu,
1191 4653 1241 4722 qui
1258 4652 1361 4724 gratiae
1375 4649 1428 4704 das
1446 4650 1634 4715 donationes,

1017 4743 1126 4796 Omnes
1142 4747 1208 4795 tuas
1225 4738 1359 4810 supplico
1375 4739 1593 4804 miserationes

1019 4829 1124 4886 Cor-dis
1140 4830 1197 4884 mei
1213 4829 1291 4882 dilue
1308 4827 1528 4895 obdurationes,

1021 4918 1056 4973 Ei
1072 4919 1106 4972 da
1122 4917 1193 4971 mihi
1208 4917 1354 4987 lacrymas
1371 4921 1399 4971 et
1410 4915 1647 4985 compassiones.

1057 5005 1269 5074 Contemplarc,
1287 5003 1392 5071 anima,
1410 5018 1477 5057 cnm
1490 5017 1597 5074 magno
1610 5000 1740 5072 fervere,

1021 5095 1124 5149 lesum
1135 5092 1286 5147 Christum
1301 5090 1448 5146 medicum
1460 5107 1527 5146 cum
1542 5107 1597 5146 suo
1610 5107 1726 5162 cruore,
1832 5124 1856 5163 0

1023 5181 1124 5235 Virum
1140 5180 1205 5234 sine
1220 5178 1322 5250 specie
1337 5182 1364 5234 et
1380 5181 1445 5234 sine
1460 5180 1579 5247 decore,

1022 5269 1202 5325 Percussum
1220 5273 1248 5323 et
1263 5270 1412 5322 mortuum
1428 5283 1482 5337 pro
1498 5272 1547 5323 tuo
1563 5283 1674 5324 amore.

1056 5359 1079 5413 Ο
1094 5363 1221 5431 quantae,
1239 5356 1365 5427 Deiiera,
1380 5361 1437 5412 tuae
1454 5360 1524 5414 sunt
1538 5373 1703 5430 pressurae,

1023 5449 1096 5504 Dum
1112 5449 1157 5505 sic
1172 5446 1365 5503 insensibiles
1381 5446 1481 5504 dotent
1497 5446 1659 5506 oreaturaei
