3900 6112
65 350 127 418 1oe
765 349 893 414 LIBER
921 349 1097 415 PRIMUS.
1736 359 1795 423 110

65 559 127 609 tum
145 557 241 623 esset,
261 554 425 608 monachos
450 554 544 607 sancti
567 553 689 608 vedasti
711 569 769 607 non
794 552 904 607 debere
920 533 1042 606 Avieni
1067 555 1107 598 ¹78
1121 556 1195 608 malo
1211 556 1354 624 tradebat,
1372 558 1421 628 qui
1447 562 1548 613 contra
1574 563 1745 632 evangelica
1765 568 1794 619 et

67 646 180 698 habere
195 641 237 686 ¹⁷⁸
247 645 417 713 respectum
431 644 467 698 nd
478 643 796 712 pontificemacclesiae
807 641 906 696 Come·
964 642 1126 711 apostolica
1141 645 1257 699 decreta
1275 647 1414 717 episcopo
1427 648 1582 720 subjugari
1599 652 1790 708 detrectabat.

66 734 254 801 renensium
271 749 309 786 ex
331 732 387 786 hoc
403 748 475 786 sane
491 732 597 786 falsam
620 732 906 803 argumentationem
965 731 1073 786 Postea
1081 736 1177 787 tamen
1187 735 1456 790 multaauctoritate
1468 736 1624 808 subjectus
1640 755 1708 794 esse
1723 758 1792 796 con-

66 823 201 888 trahens,
238 822 317 894 qued
346 822 450 875 beatus
479 821 666 875 Vinditianus
695 837 750 875 suo
773 824 905 891 tempere
963 820 1098 886 vincitur,
1124 824 1301 895 tandemque
1329 825 1512 895 resipiscens
1529 828 1792 901 nddcditionisju-

66 926 171 966 omnes
185 911 409 982 inquietudines
424 926 440 964 a
462 910 645 964 monasterie
663 911 759 964 saneti
783 910 905 965 Vedasti
962 925 1043 980 gum,
1060 913 1197 981 quamvis
1209 914 1329 983 invitae,
1348 915 1517 980 1·ellectitur;
1530 918 1598 987 quin
1613 919 1793 990 quicumque

67 1002 335 1072 seriptoprecepto
360 999 497 1063 exclusit,
523 1006 553 1053 ut
570 999 667 1068 quiete
695 1002 723 1054 et
739 1000 904 1053 secundum
960 998 1066 1070 jugum
1082 1001 1214 1073 episcopi
1230 1003 1378 1057 declinare
1404 1007 1562 1071 contendit,
1580 1007 1666 1061 otiam
1682 1008 1794 1064 Christi

67 1089 203 1162 regulam
231 1089 326 1143 sancti
352 1088 502 1143 Benedicti
517 1086 654 1143 monachi
678 1089 813 1143 viventes
842 1088 903 1143 lleo
963 1090 1791 1169 refugereconvincrtur.Nemeenimnbsqucepiscopa-

67 1180 236 1247 servirent3
253 1194 312 1232 nen
327 1182 357 1232 ut
369 1176 531 1231 inordinate
541 1173 580 1218 17⁷
596 1178 624 1230 et
639 1177 765 1246 turpiter
781 1191 904 1230 conver·
962 1178 999 1232 lis
1015 1180 1170 1235 ministerii
1186 1182 1698 1243 cerrditioneadunitatemaecclesiae
1708 1189 1793 1244 celli-

65 1271 178 1335 santes,
203 1266 295 1321 veluti
317 1267 373 1321 iste
397 1282 463 1321 cum
479 1266 554 1334 suis,
572 1281 588 1319 a
606 1267 759 1336 proposito
771 1265 904 1319 deciscc·
963 1267 1053 1338 gitur)
1073 1271 1313 1339 praesertimcum
1325 1272 1389 1342 ipse
1406 1273 1559 1344 legislator
1574 1275 1794 1333 Dominuseum

65 1356 255 1410 renl.Por1e
280 1357 349 1424 iste,
367 1356 417 1426 qui
443 1355 637 1409 contendebat
665 1354 851 1425 disciplinam
877 1356 905 1408 et
963 1357 1027 1410 suis
1053 1357 1207 1427 discipulis
1228 1359 1383 1430 subjectus
1411 1361 1506 1417 luisse
1537 1364 1743 1421 sacerdotibus
1763 1367 1794 1422 in

65 1446 300 1516 increpationem
316 1443 448 1513 episcopi
460 1443 620 1511 declinare,
637 1446 666 1497 et
685 1447 788 1498 contra
812 1459 903 1497 evan·
963 1447 1120 1517 evangelio
1135 1448 1478 1519 multitariereporintur,
1489 1450 1726 1524 ipsonttcstante,
1743 1456 1793 1526 qui

63 1535 164 1606 geticae
190 1538 221 1587 et
246 1533 419 1602 apostolicae
441 1531 635 1586 institutionis
655 1532 860 1586 auctoritatem
885 1546 902 1585 a
963 1534 1056 1588 citt«
1087 1536 1152 1590 Non
1182 1537 1248 1590 veni
1267 1539 1362 1608 legem
1391 1539 1519 1605 solvere,
1551 1541 1604 1594 sed
1629 1542 1791 1613 adimplere

60 1623 129 1696 jugo
141 1623 282 1695 episcopi
294 1622 442 1677 cervicem
462 1621 620 1676 deditionis
645 1625 794 1689 excutere,
825 1621 902 1676 male
963 1624 1081 1692 (Mattlr.
1098 1642 1126 1693 v,
1144 1625 1199 1693 Π).
1228 1649 1238 1673 ιι
1257 1626 1302 1679 Ad
1330 1627 1493 1697 discipulos
1525 1632 1620 1682 autem
1636 1630 1793 1700 subjectos

63 1713 249 1785 intelligebat
271 1713 449 1767 sententiam
464 1711 559 1765 sancti
575 1710 732 1776 benedicti,
763 1709 823 1778 nbi,
839 1711 901 1763 tra·
962 1714 1274 1783 pravissaeerdotibus
1282 1715 1366 1769 dicit:
1378 1738 1389 1761 α
1398 1715 1598 1787 Quoddiount‚
1609 1718 1793 1791 lacite‚qued

65 1807 146 1857 ctaus
175 1801 215 1855 dc
248 1800 415 1855 ordinando
445 1801 560 1868 abbate,
591 1799 667 1854 inter
690 1803 788 1853 cetera
812 1775 1705 1876 dicit:BautemfaciuntnelitclncerctMattlr.xxvrn,3).a

66 1915 73 1937 ι·
88 1891 277 1962 Episcopus,
286 1891 323 1944 ad
331 1889 421 1962 cuius
430 1889 573 1943 diocesim
584 1888 902 1958 ipsummonasterium
998 1889 1058 1944 108.
1067 1891 1152 1960 don(
1160 1890 1795 1965 lrmnunitulessnpcrrebusSnnctacMnrrae

63 1981 201 2052 pertinet.
224 2003 235 2027 ιν
252 1978 335 2044 Quod
348 1978 418 2049 quid
435 1978 482 2045 sit,
499 1978 526 2030 si
541 1978 587 2032 eui
603 1978 700 2031 ocium
716 1977 901 2048 estdiligen-
965 1980 1156 2035 corroborari
1164 1982 1259 2053 repiis
1264 1983 1418 2054 preceptis
1426 1983 1562 2037 obtinuit.
1575 1985 1713 2039 l’redium
1724 2002 1795 2041 vero

62 2074 102 2123 ter
126 2069 253 2135 intueri,
279 2067 415 2139 ejusdem
431 2066 590 2122 voluminis
615 2066 727 2136 scripta
751 2065 900 2119 discutiat.
965 2071 1041 2140 quod
1058 2069 1571 2142 dicuntFontenas(⁶218)‚nccprocul
1586 2074 1795 2144 abest,aeoele·

63 2158 165 2211 lnielix
180 2157 303 2228 quidem
319 2157 394 2210 mele
408 2171 539 2210 ememor
554 2155 650 2209 lucius
662 2157 769 2226 quantu
785 2154 903 2208 humili·
964 2161 1016 2214 siae
1032 2164 1143 2213 sanctae
1155 2161 1205 2214 [lei
1215 2161 1316 2214 matris
1332 2161 1502 2231 adquisivit,
1521 2178 1635 2216 necnon
1652 2167 1679 2216 et
1695 2163 1797 2221 immu-

63 2251 116 2301 tate
134 2246 462 2317 etquantarevernntia
477 2245 523 2299 sui
534 2243 902 2314 antecessoresquondam
961 2249 1067 2304 nitates
1083 2249 1228 2303 aecclesie
1247 2249 1283 2303 ab
1296 2251 1538 2304 antecedentibus
1564 2253 1792 2320 imperatoribus

63 2337 216 2390 deminum
236 2334 451 2390 Theodericum
474 2334 704 2403 ejusdemsedis
726 2333 901 2403 episcopum
961 2337 1128 2409 insignitas,
1147 2339 1184 2391 ab
1200 2338 1303 2392 Ottono
1319 2339 1405 2392 etiam
1434 2339 1520 2393 tertie
1537 2341 1793 2410 cer-reberariper

63 2425 209 2493 adierunt,
227 2423 562 2493 eovidelicettempore
586 2423 802 2493 quoDaniper
825 2422 900 2476 vici·
960 2428 1166 2479 testamentum
1200 2427 1371 2497 hujusmodi
1399 2429 1539 2497 paginae:
1571 2449 1582 2476 r
1608 2429 1639 2481 ln
1674 2431 1791 2484 nomine

64 2515 140 2568 niam
179 2513 275 2584 hujus
314 2514 471 2568 dioceseos
506 2511 716 2566 miserabiliter
745 2512 901 2566 seviebant
962 2517 1073 2567 sanctae
1101 2515 1260 2569 individuae
1281 2515 1440 2569 Trinitatis.
1464 2517 1644 2569 tlttodivina
1673 2517 1791 2572 lavante

64 2603 144 2671 (ride
162 2620 190 2656 c.
206 2603 265 2671 tuti
278 2602 460 2673 inplorantes
477 2616 549 2655 sane
566 2604 607 2667 ut,
632 2602 699 2672 quia
714 2605 803 2656 tentae
829 2603 897 2657 meli
962 2603 1115 2657 clementia
1131 2603 1273 2658 reusam
1288 2605 1479 2674 petitionibus
1500 2619 1656 2660 servorum
1672 2606 1725 2660 llei
1736 2605 1790 2677 ju·

63 2693 192 2764 impares
215 2695 275 2745 tam
296 2691 419 2745 arduam
444 2707 565 2745 causam
585 2691 699 2761 absque
726 2692 915 2746 auctoritate
959 2690 1015 2744 stis
1035 2695 1064 2746 et
1085 2692 1277 2746 rationalibus
1294 2693 1386 2745 divini
1403 2694 1500 2748 cultus
1529 2708 1628 2748 amore
1652 2692 1788 2750 lavemus

64 2781 198 2853 episcopi
229 2783 401 2851 attemptare
430 2779 635 2848 formidabant,
666 2795 775 2850 corpus
805 2781 899 2834 sancti
958 2794 1086 2850 superna
1103 2780 1195 2851 gratia
1211 2797 1266 2836 nos
1281 2782 1389 2834 muniri
1410 2781 1572 2836 diffidimus
1589 2798 1785 2855 nequaquam.

61 2870 186 2925 t'edasti
201 2871 362 2941 quaesitum
377 2885 394 2924 a
408 2869 623 2938 locomoveret,
641 2872 670 2923 et
683 2869 842 2938 inpositum
853 2868 899 2922 lo·
958 2868 1085 2923 Proinde
1100 2869 1216 2924 ueevrit
1229 2870 1374 2924 industria
1385 2872 1515 2924 omnium
1531 2872 1660 2926 fidelium
1676 2875 1792 2927 nostro·

65 2964 214 3030 retropre
232 2962 313 3012 metu
329 2958 476 3012 Danorum
492 2958 528 3012 ad
540 2957 733 3012 deserendum
756 2957 899 3012 aliorsum
957 2973 1022 3011 rum
1037 2964 1095 3011 tam
1110 2959 1292 3028 presentium
1308 2974 1396 3028 quam
1412 2961 1439 3013 et
1453 2959 1630 3029 futurorum,
1648 2961 1716 3029 quia
1743 2961 1791 3015 vir

60 3051 190 3121 pararet.
207 3047 264 3112 Qui
281 3062 404 3103 suerum
419 3050 486 3101 veta
505 3049 708 3118 competenter
725 3047 897 3116 previdens
914 3023 1312 3102 cvenerabilisllothardns
1323 3046 1550 3101 Cameracensis
1567 3049 1651 3101 urbis
1665 3049 1786 3119 episce-

59 3152 190 3210 qeaeque
207 3137 352 3208 rogabant
373 3135 556 3190 familiariter
571 3135 712 3206 implevit,
743 3134 899 3205 studioque
954 3154 1010 3208 pus
1020 3135 1708 3191 obtulitobtutibusnostrisimmunitatesbeatar
1722 3153 1786 3191 me-

59 3244 121 3282 snae
148 3224 337 3280 auctoritatis
365 3224 415 3278 ille
442 3225 667 3294 preciosissimo
697 3224 838 3279 thesauro
863 3223 900 3278 ad
953 3227 1055 3282 moriae
1068 3225 1114 3278 avi
1126 3225 1220 3279 nostri
1236 3224 1350 3278 tlttenis
1361 3227 1389 3277 et
1400 3224 1466 3295 ejus
1480 3225 1627 3295 aequivoci
1640 3225 1786 3296 genitoris

58 3315 231 3370 ecclesiam
255 3313 481 3367 Belvncensium
502 3313 683 3367 circumfusa
714 3313 899 3368 multitudine
954 3313 1782 3384 nostriimperatnrumaugustorum3inquibuscontine-

59 3404 157 3474 plebis
172 3403 328 3471 translato,
340 3404 376 3456 ab
391 3402 504 3457 eisdem
520 3402 661 3457 fratribus
677 3401 780 3456 laudes
793 3405 821 3456 et
830 3419 900 3474 gra·
952 3401 1781 3474 batiminsertumqualitcrpredictiimperatoresaugusti

59 3494 168 3547 tiorum
182 3491 320 3546 actiones
330 3491 474 3545 maximas
490 3491 740 3563 competentijure
755 3492 898 3561 suscepit.
952 3494 1127 3548 nominatam
1150 3491 1261 3560 sedem,
1287 3507 1353 3561 quoe
1369 3494 1415 3545 est
1430 3491 1459 3543 in
1474 3491 1587 3546 lronere
1604 3494 1713 3546 sanctae
1729 3491 1783 3546 Dci

59 3578 530 3650 Postdissitudinem(dlvvere
555 3579 723 3652 longissimi
742 3580 896 3650 temporis,
951 3581 1076 3654 genitris
1091 3580 1191 3634 Marias
1207 3595 1384 3650 semperque
1413 3580 1551 3651 virginis,
1588 3581 1625 3634 ob
1649 3595 1781 3635 amorem

61 3670 147 3725 terris
158 3669 282 3741 quidem
298 3669 448 3724 Danorum
463 3668 594 3725 abcessu
610 3669 730 3740 quietis,
748 3670 899 3724 cumidem
951 3671 1003 3725 Ilei
1015 3670 1292 3741 ettrenquillitatem
1303 3669 1424 3723 fratrum
1436 3669 1780 3725 ibidemconsistentium
1848 3685 1854 3696 ·

61 3758 197 3813 monachi
213 3760 351 3813 sanctum
374 3773 485 3827 corpus
501 3758 538 3813 nd
560 3758 715 3828 pristinam
731 3759 833 3813 sedem
849 3774 899 3813 re·
950 3775 1070 3829 semper
1085 3760 1141 3814 sub
1156 3759 1328 3828 plenissima
1339 3759 1462 3813 tuitione
1486 3759 1714 3813 etimmunitatis
1730 3758 1781 3813 de·

61 3846 136 3903 terre
146 3847 355 3918 disponerent,
371 3847 457 3902 beate
469 3847 608 3916 pontifice
628 3847 813 3903 Theoderico
836 3847 898 3919 jam
950 3847 1084 3904 tensione
1095 3847 1589 3903 habuissent.Prefirmitatetamen
1597 3848 1640 3902 rei
1650 3848 1778 3918 postula·

59 3937 168 3992 dndum
196 3935 352 4005 defuncte,
388 3936 563 3992 Dodilonem
597 3952 809 3992 successorem
829 3936 898 4009 ejus
948 3937 990 3991 vit
1004 3952 1059 3992 nos
1070 3923 1231 4007 praedictus
1246 3937 1406 4007 episeopus
1419 3936 1589 3991 llotlrardus
1607 3936 1782 4008 utejusdem

61 4023 241 4096 quartumad
250 4023 346 4094 hujus
356 4025 397 4079 rei
407 4025 559 4097 negotium
569 4025 693 4079 invitare
709 4025 896 4095 estimarunt;
949 4027 1031 4099 rogis
1047 4026 1260 4094 auctoritatem,
1282 4040 1382 4080 amore
1399 4025 1718 4081 etrevcrcntiasanctae
1728 4026 1780 4080 Dei

59 4115 240 4186 direobsque
251 4113 362 4167 adeum
373 4113 524 4183 precibus,
538 4117 741 4170 auctoritatem
751 4131 815 4170 suae
823 4131 897 4186 prae·
950 4115 1102 4187 genitricis
1113 4114 1223 4183 Mariae,
1236 4114 1515 4169 nostraauctoritate
1523 4113 1778 4168 confirmaremus.

61 4204 162 4259 sentiae
176 4202 380 4274 postularunt.
396 4202 462 4271 Hie,
478 4220 602 4258 suerum
613 4204 763 4260 desiderio
779 4204 870 4259 satist
885 4235 895 4245 ·
948 4203 1031 4269 Quod
1039 4204 1076 4256 ita
1084 4218 1136 4273 per
1147 4202 1344 4257 interventum
1356 4202 1488 4272 episcopi
1504 4200 1584 4254 illius
1595 4200 1780 4271 aliorumque

60 4293 149 4358 ciens,
165 4292 206 4346 ad
222 4292 382 4346 ecclesiam
403 4297 648 4363 prememoratam
665 4293 893 4349 Belvncensium
907 4278 934 4339 D
950 4292 1078 4347 fidelium
1094 4295 1272 4358 nostrorum,
1289 4289 1455 4345 Hildcbaldi
1467 4287 1705 4342 Wormaciensis
1719 4304 1780 4342 aec-

10 4438 12 4449 ,
57 4382 204 4451 perrexit?
215 4384 380 4451 sanctoque
395 4381 536 4437 thesauro
552 4398 748 4437 summanum
765 4399 892 4438 venera·
949 4380 1234 4437 clesiaevcnerabilis
1244 4378 1571 4450 cpiscepi‚etNethgeri
1584 4377 1779 4433 lteodioencis

10 4460 12 4467 ’
58 4471 132 4526 tione
148 4472 186 4526 ad
205 4486 294 4524 suum
313 4471 415 4538 locum
430 4470 531 4540 relato,
548 4470 672 4525 verbum
687 4472 754 4527 inde
780 4473 893 4527 iaciens
949 4471 1094 4526 aecclesiae
1103 4469 1268 4525 honorandi
1284 4469 1435 4539 praesulis,
1446 4467 1655 4539 atquievimus,
1667 4467 1777 4522 etitain

60 4559 92 4612 ad
104 4560 262 4630 populum,
274 4560 485 4614 annuamdiem
493 4558 646 4614 relationis
657 4561 894 4631 sancticerperis
948 4559 1085 4615 omnibus
1097 4559 1304 4614 concessimus
1315 4562 1401 4629 atque
1413 4574 1466 4628 per
1477 4557 1534 4612 hoc
1542 4561 1713 4627 preceptum
1724 4571 1777 4609 no·

62 4647 124 4711 idel.
143 4647 189 4717 15)
199 4653 354 4719 perpetuae
369 4649 531 4704 celebritati
543 4664 598 4704 sua
619 4651 780 4720 episcopali
796 4653 895 4705 aucto·
948 4653 1018 4705 strae
1042 4649 1223 4704 auctoritatis
1243 4647 1458 4702 roboravimus.
1486 4646 1687 4716 precipientes
1703 4658 1776 4714 ergo

61 4736 140 4790 ritate
151 4737 382 4807 commendavit,
399 4738 484 4793 Unde
500 4738 605 4793 beatus
621 4739 755 4808 pontifex
770 4739 807 4793 ab
830 4739 893 4794 eis·
944 4738 1086 4810 jubemus
1097 4735 1334 4808 utnullusjudex
1350 4736 1544 4806 publicusaut
1554 4733 1662 4804 aliquis
1674 4747 1776 4787 cemes

63 4824 665 4898 damtratribusobsequiorumexibitione
677 4829 812 4897 donatur,
829 4843 892 4882 mu·
947 4829 992 4882 vel
1018 4828 1158 4899 quislibet
1173 4844 1209 4881 ex
1220 4826 1378 4897 judiciaria
1400 4826 1555 4895 potestate,
1578 4824 1608 4876 in
1620 4822 1777 4877 aecclesias

65 4914 360 4986 nitleisquelaudibus
369 4915 531 4972 honerillce
543 4917 717 4973 cumuletur.
728 4918 893 4972 Hasautom
947 4921 996 4971 aut
1011 4917 1074 4971 loca
1083 4916 1130 4971 vel
1142 4931 1233 4988 agros
1244 4930 1298 4971 seu
1307 4915 1438 4985 reliquas
1453 4911 1668 4983 possessiones
1680 4911 1777 4980 ipsius
1886 4953 1888 4956 >

64 4998 265 5059 benivolentiae
281 5008 309 5059 et
324 5005 525 5076 subjectionis
537 5008 736 5077 reverentias,
752 5022 828 5079 quas
845 5007 892 5060 sui
948 5006 1105 5074 eecclesiae,
1115 5021 1189 5076 quas
1201 5006 1340 5060 moderno
1347 5002 1515 5072 temperein
1525 5000 1708 5072 quibuslibet
1722 5018 1778 5073 pa-

72 5093 272 5147 untecesseres
287 5093 426 5148 omnibns
449 5095 599 5165 episcopis
620 5095 711 5168 hujus
736 5097 893 5150 dioceseos
948 5097 996 5166 gis
1004 5097 1049 5150 vel
1057 5094 1213 5150 territoriis
1229 5095 1304 5148 intra
1314 5092 1455 5147 ditionem
1466 5090 1581 5161 imperii
1591 5092 1686 5145 nostri
1693 5090 1777 5161 juste

73 5178 248 5252 exhibebant,
262 5181 392 5237 istecum
403 5184 468 5238 auis
479 5185 660 5255 sequacibus
668 5185 814 5240 Fulradus
823 5184 894 5240 obli·
948 5183 1364 5256 etlegalitermemoratetenet
1374 5179 1562 5250 velpossidet
1572 5179 1720 5248 aecclesia,
1730 5178 1778 5233 vel

713 5375 861 5440 VARIAE
885 5373 1128 5438 LECTIONES.

105 5522 137 5568 ¹²⁵
148 5527 236 5586 abere
255 5530 280 5584 l.
295 5526 562 5589 tilinerdinantel.
580 5531 618 5577 ¹⁷8
633 5535 745 5592 eblieni
757 5535 781 5592 l.

849 5680 987 5744 NOTAE.

104 5805 151 5879 tn)
161 5810 348 5867 bisuntium.
949 5814 1023 5887 ute)
1038 5812 1182 5871 Fonteiae
1196 5810 1409 5871 Neine-Deme.
