3908 6112
116 316 167 380 705
405 311 754 380 CONSUETUDINES
770 306 1088 375 ctunlacnnsns
1102 341 1139 356 -
1158 305 1283 371 LIBER
1297 305 1532 371 SECUNDUS.

1755 307 1813 374 706

115 520 147 574 de
157 517 348 573 instituendis
364 516 495 586 novitiis,
521 516 662 586 quantum
684 512 748 567 ilari
762 512 869 581 potest,
891 489 985 579 perss
1001 513 1031 569 Si
1043 515 1308 585 psalmosaoverit,
1321 519 1349 571 ct
1360 510 1386 570 si
1403 513 1432 566 in
1451 517 1548 588 aliquo
1570 531 1662 573 versu
1673 519 1828 589 erraverit,

115 608 245 662 ordinem
257 607 373 662 dicatur
389 606 425 660 dc
435 622 469 661 ea
479 605 635 674 disciplina
646 617 703 673 qna
716 601 830 673 jugiter
841 599 889 653 ille
901 602 945 653 te-

115 699 195 751 netur
206 696 257 768 qui
269 696 426 751 nobiscum
436 693 562 749 voluerit
571 690 752 747 conversari.

440 798 567 855 CAPUT
584 798 618 852 l'.

215 890 362 956 Quomodo
372 905 405 946 so
423 892 519 945 tiator
529 887 609 942 levat
620 886 658 941 ad
673 890 842 939 nocturnos.

144 997 389 1070 Primoigiturnd
400 998 573 1064 nocturnos,
587 993 684 1047 audito
701 992 798 1064 signo,
819 988 896 1043 illico
912 1002 945 1042 sc

116 1088 208 1141 levare
218 1087 347 1156 festinat,
358 1089 386 1140 et
395 1086 568 1156 priusquam
581 1080 795 1151 coopertorium
815 1077 944 1149 dejiciat,

115 1175 203 1228 induit
212 1191 246 1229 se
258 1174 385 1244 cuculla,
396 1189 541 1244 cruraque
550 1171 623 1243 tegit
634 1185 699 1224 cnm
711 1168 770 1237 illa,
785 1171 946 1238 antequam

111 1263 195 1330 levet,
206 1263 408 1332 anlolectum;
426 1264 581 1333 ipsumque
593 1261 700 1315 lectum
716 1272 774 1312 non
788 1257 827 1310 ita
849 1253 946 1326 negli-

113 1355 213 1423 genter
230 1352 356 1422 dimittit,
381 1351 434 1407 sed
459 1350 583 1405 honeste
616 1346 834 1419 coopertorium
854 1344 945 1398 dosu-

115 1456 164 1510 per
178 1441 374 1510 extendendo,
390 1440 547 1510 componit.
566 1437 761 1493 Necessarias
773 1450 831 1490 non
846 1434 944 1502 intrat,

115 1530 170 1583 nisi
179 1531 273 1600 capite
282 1530 396 1600 capello
407 1531 556 1599 cooperto.
570 1528 644 1582 Ante
656 1541 766 1597 pueros
776 1524 850 1578 solet
865 1521 946 1576 voni-

113 1634 146 1672 ro
159 1618 185 1672 in
199 1616 368 1687 ecclesiam,
385 1621 414 1673 et
429 1618 576 1673 sollicitus
591 1618 638 1672 est
652 1615 712 1669 illis
727 1613 823 1669 tribus
840 1611 945 1668 oratio·

112 1707 196 1762 nibus
211 1708 368 1775 interesse,
385 1724 451 1779 quaa
469 1708 556 1779 signo
573 1706 653 1760 linito
665 1704 746 1759 liunt.

431 1813 557 1868 CAPUT
572 1812 620 1866 Vl.

209 1903 255 1959 De
269 1903 446 1959 excessibus
459 1918 515 1974 pro
524 1902 629 1975 quibus
639 1901 754 1956 venium
764 1899 850 1971 polit.

153 2011 221 2065 Nam
232 2011 328 2066 sinon
342 2009 518 2079 interfuerit,
530 2009 559 2062 in
576 2008 702 2078 capitulo
718 2006 833 2060 veniam
859 2003 946 2074 patet,

116 2101 189 2154 sicut
213 2100 301 2154 etiam
324 2115 378 2170 pro
407 2114 453 2168 eo,
483 2098 510 2153 si
537 2113 624 2170 qnam
648 2096 816 2168 regularem
844 2094 947 2148 horam

118 2187 267 2256 dimiserit,
284 2189 313 2242 ni
329 2188 404 2243 forte
419 2188 458 2243 sit
469 2187 622 2255 sacerdos,
641 2189 673 2240 ut
693 2185 809 2239 interim
823 2181 947 2243 missam

120 2280 222 2343 cantet;
234 2276 318 2332 velsi
336 2276 482 2332 dimiserit
500 2275 695 2345 collationem,
720 2274 767 2329 vel
787 2270 946 2342 capitulum

119 2365 317 2434 sinelioantia,
335 2366 382 2420 vel
396 2365 566 2439 generalem
578 2365 785 2419 reiectionem:
806 2374 946 2432 procum-

122 2453 237 2509 bonoad
249 2455 422 2523 orationem,
435 2453 652 2525 snperanbitos
664 2456 691 2508 et
703 2466 798 2523 genua
815 2449 946 2504 froccum

110 2546 274 2598 retrorsum
287 2544 413 2612 attrahit,
431 2559 468 2598 ne
484 2545 521 2598 ita
536 2543 661 2615 pendeat
681 2556 772 2611 supor
794 2539 886 2610 pedes
909 2537 946 2592 ad

107 2630 320 2698 terramQuod
332 2633 357 2687 si
368 2632 555 2704 aliquomodo
568 2631 725 2703 contigerit
735 2631 765 2684 ut
777 2645 835 2683 non
844 2644 946 2683 occur·
1019 2676 1025 2688 ,

109 2725 156 2775 rat
171 2725 238 2776 ante
253 2721 355 2777 Gloria
375 2721 482 2793 psalmi
508 2720 693 2794 nonagesimi
720 2717 816 2791 quarti
841 2715 889 2770 vel
910 2715 947 2769 ad

109 2809 273 2880 quamlibet
288 2810 390 2865 horam
405 2814 471 2864 ante
483 2808 584 2864 Gloria
595 2809 681 2878 primi
695 2807 811 2878 psalmi,
831 2806 946 2859 intrans

111 2898 238 2954 chorum
255 2903 283 2953 et
310 2899 435 2954 veniens
463 2899 499 2953 ad
529 2898 652 2970 gradum
680 2897 792 2964 altaris,
823 2894 946 2949 honeste

110 2987 287 3059 tractimque
304 2988 373 3057 petit
388 2988 504 3042 veniam
532 3002 624 3058 super
650 3001 756 3041 manus
786 2987 815 3040 et
836 2998 944 3057 genna,

110 3076 322 3148 paululumque
340 3076 485 3147 protendit
501 3075 699 3131 summitatem
710 3074 803 3129 irooci
815 3077 845 3128 ut
855 3088 947 3143 super

112 3178 176 3219 eam
189 3167 290 3220 teneat
304 3181 424 3231 manus;
442 3169 470 3221 et
487 3181 618 3238 surgens
632 3167 734 3220 contra
752 3162 843 3218 altare
859 3160 947 3216 altius

112 3253 245 3324 inclinat3
261 3253 330 3308 inde
346 3270 406 3310 non
421 3270 454 3309 so
469 3255 600 3310 movebit
614 3269 711 3326 usque
726 3253 795 3307 dum
810 3252 884 3306 hora
907 3250 946 3304 eit

113 3341 202 3410 linita,
231 3343 300 3398 aliis
329 3342 551 3413 inclinantibus
578 3345 643 3415 ipse
682 3360 740 3398 non
775 3341 835 3396 nisi
872 3354 945 3395 oon-

117 3434 155 3485 tra
168 3431 258 3486 altare
279 3432 409 3489 inclinat.
423 3433 481 3488 Sed
497 3434 522 3487 si
539 3434 636 3488 visum
655 3433 743 3487 inerit
755 3432 862 3486 domno
891 3429 945 3483 ab·

121 3521 181 3585 lati,
196 3521 319 3576 fratrom
334 3522 461 3592 aliquem
477 3522 513 3576 ad
529 3538 595 3577 oum
607 3522 708 3593 dirigit
718 3523 749 3576 ut
760 3520 888 3584 recedat;
899 3526 946 3579 cni

126 3625 180 3665 cnm
193 3626 281 3665 manu
295 3611 426 3664 innuenti
442 3611 592 3680 paululum
608 3610 737 3679 inclinat,
752 3612 780 3665 et
793 3609 869 3663 iacto
880 3611 946 3662 ante

126 3699 394 3754 dretrorccedilad
410 3700 671 3768 stationemsuam3
694 3698 743 3752 uhi
765 3713 871 3753 rursus
893 3712 946 3767 pc·

128 3787 179 3842 tons
191 3788 307 3842 veniam
322 3792 352 3842 nt
373 3789 468 3858 prius,
494 3789 615 3843 inclinat
639 3792 740 3844 contra
758 3789 944 3848 conventum,

130 3880 319 3932 deoneratus
336 3880 437 3931 contra
452 3893 530 3933 oum.

425 3965 552 4022 CAPUT
569 3966 629 4020 l'll.

198 4056 344 4122 Quomodo
359 4072 393 4110 so
408 4055 515 4110 babout
534 4056 572 4110 ad
590 4056 680 4110 boras
696 4054 861 4126 regulares.

157 4143 191 4198 dd
202 4143 303 4200 Gloria
312 4145 498 4218 singulorum
514 4144 696 4215 psalmorum
707 4144 757 4216 qui
773 4146 841 4197 sunt
853 4141 882 4196 in
897 4156 945 4196 re-

135 4231 266 4300 pluribus
281 4234 377 4302 horis,
395 4250 500 4290 manus
516 4249 574 4288 non
590 4237 668 4288 tonet
689 4233 719 4286 in
739 4233 817 4302 sinu,
842 4230 895 4286 sed
917 4231 947 4285 in

135 4321 240 4377 arnicas
254 4323 351 4393 mittit,
366 4338 478 4395 easque
498 4323 687 4395 constringit,
712 4336 748 4375 ne
766 4320 842 4375 inter
865 4319 947 4375 inoli-

135 4409 237 4466 nodum
249 4412 286 4466 ad
302 4414 412 4466 terram
429 4413 606 4484 pertingant,
630 4411 697 4481 quia
724 4409 877 4465 inclinatio
900 4409 948 4464 illa

133 4486 232 4555 nultum
249 4500 336 4555 debet
352 4515 422 4556 esso
437 4501 599 4570 submissa,
621 4516 676 4554 nec
700 4500 774 4555 adeo
798 4500 834 4553 nd
862 4498 948 4555 aliam

134 4587 312 4650 psalmodiam.
324 4589 406 4655 Quod
423 4590 448 4645 si
464 4591 570 4645 sedero
586 4588 711 4643 voluerit
725 4591 800 4644 inter
814 4590 946 4660 psalmo·
962 4575 989 4641 D

134 4669 198 4746 diam,
207 4678 347 4733 observat
358 4693 394 4732 ne
403 4677 596 4749 sedeatJ‘nxta
608 4677 697 4730 alium
712 4675 874 4742 sedentem,
893 4675 946 4730 sed

135 4757 161 4815 ita
173 4768 198 4819 ut
210 4783 287 4822 unns
300 4773 368 4834 stc‘,
379 4771 407 4821 et
417 4767 519 4821 sedeat
534 4766 616 4835 aller,
629 4770 657 4821 el
667 4765 792 4819 invicem
804 4764 947 4819 exhibere

133 4846 216 4910 debent
226 4858 414 4912 occasionem
425 4855 558 4911 sedandi.
573 4855 749 4925 Ubicunque
765 4853 857 4920 sodet,
870 4869 946 4906 nnn-

133 4944 946 5017 qoamdimittitmanicasitanegligenteradterrampen·

133 5027 258 5099 derasen
282 5034 309 5088 si
326 5049 431 5089 manus
456 5037 525 5088 sunt
540 5033 615 5087 intra
631 5033 739 5101 sinum,
766 5032 889 5087 manicae
917 5031 946 5085 in

133 5118 317 5179 transvorsum
327 5125 410 5178 extra
422 5122 521 5176 sinum
537 5126 606 5176 sunt
620 5122 761 5177 collectae.
781 5120 812 5175 Si
826 5123 947 5192 propter

131 5204 221 5280 aliquid
236 5211 375 5267 dechoro
394 5211 474 5279 exiit,
495 5211 543 5265 vel
564 5211 588 5265 si
607 5214 710 5282 postea
729 5211 810 5266 vonit
828 5211 945 5282 quando

130 5290 187 5353 tora
199 5301 401 5371 estinchoata,
421 5298 573 5355 infaciem
593 5315 677 5354 suam
697 5301 825 5367 inclinat,
849 5300 945 5356 omni-

127 5380 172 5443 bus
182 5389 317 5445 simililer
326 5389 521 5444 inclinaturis.
533 5387 642 5444 Contra
653 5389 750 5461 maius
762 5389 852 5444 altare
867 5406 944 5445 nun·

127 5487 199 5544 quam
210 5477 342 5548 inclinat,
355 5478 413 5533 nisi
427 5479 564 5533 manibus
576 5478 612 5533 de
628 5480 741 5533 manica
752 5478 904 5546 extractis,
917 5482 945 5533 ot

122 5566 202 5636 capite
212 5583 287 5639 pene
299 5583 395 5640 usque
407 5566 443 5622 ad
463 5571 573 5623 terram
596 5567 737 5638 dimisso;
762 5571 864 5623 contra
886 5567 943 5623 alia

122 5650 221 5726 altaria,
233 5659 263 5712 ot
273 5661 377 5713 contra
389 5656 563 5712 crucifixum
573 5657 602 5711 in
614 5656 738 5727 capitulo
750 5656 940 5713 moderatius.

1004 607 1107 662 eodem
1117 606 1326 661 modovcniam
1336 607 1406 677 petit
1417 608 1484 661 ante
1495 621 1528 660 so
1545 623 1603 678 quo
1616 607 1754 678 superius
1773 608 1833 663 dixi

1003 697 1040 751 ad
1062 697 1186 768 gradum
1210 696 1312 751 altaris
1331 696 1565 766 essepetendam
1589 711 1642 766 pro
1658 699 1833 752 occursione

1002 785 1141 841 tardiore.
1159 785 1274 841 Lectori
1286 786 1321 839 ad
1337 786 1460 857 gradum
1473 784 1522 839 nbi
1541 784 1686 840 incitante
1701 788 1729 840 et
1743 789 1832 854 retro,

1004 879 1032 931 et
1046 876 1175 932 euntiad
1191 875 1346 930 lectionem
1372 878 1400 930 et
1427 873 1571 944 redeunti,
1593 876 1764 930 reverenter
1787 876 1834 930 in-

1004 965 1102 1022 olinat.

1312 1070 1438 1127 CAPUT
1453 1071 1527 1127 VIII.

1041 1161 1185 1228 Quomodo
1199 1161 1344 1216 laternam
1360 1161 1488 1232 ligneam
1497 1165 1621 1231 portare
1636 1159 1745 1216 debeat
1761 1161 1799 1214 ad

1337 1238 1505 1288 nocturnos.

1040 1322 1160 1388 Quodsi
1175 1321 1404 1377 interlectionos
1422 1321 1469 1375 ille
1485 1321 1535 1392 qui
1551 1322 1693 1377 laternum
1707 1320 1836 1394 lignenm

1004 1412 1173 1466 circumfert
1185 1411 1295 1466 adeum
1306 1411 1430 1478 venerit,
1443 1413 1471 1465 ot
1484 1415 1590 1481 putans
1608 1427 1675 1466 eum
1691 1409 1833 1480 dormire,

1003 1502 1100 1557 lumen
1122 1502 1222 1556 contra
1239 1500 1343 1554 taciem
1373 1500 1440 1571 ejus
1468 1500 1634 1569 intenderit,
1665 1499 1692 1555 si
1719 1498 1834 1571 vigilat,

1002 1591 1109 1645 iterum
1139 1590 1311 1645 reverenter
1337 1588 1477 1660 inclinat,
1506 1594 1534 1645 at
1562 1589 1589 1643 si
1609 1589 1786 1644 ohdormivit
1808 1591 1838 1644 ot

1001 1679 1113 1734 laterna
1128 1678 1223 1747 posita
1239 1676 1327 1732 inerit
1354 1682 1420 1734 ante
1449 1692 1527 1746 oum,
1557 1678 1701 1733 excitatus
1733 1679 1834 1750 perlu-

1002 1771 1075 1824 strat
1089 1767 1216 1837 primum
1231 1783 1298 1822 anm
1314 1781 1348 1822 oa
1364 1767 1500 1823 dextrum
1515 1768 1649 1836 chorum,
1663 1770 1691 1823 et
1706 1784 1759 1838 per
1773 1783 1834 1823 me·

961 1867 985 1932 [3
1002 1856 1080 1910 dium
1095 1855 1227 1924 rediens,
1243 1855 1367 1910 chorum
1383 1855 1573 1926 exteriorem,
1597 1855 1762 1910 novissime
1790 1855 1834 1910 si-

1001 1945 1137 2000 nistrum.
1150 1944 1181 2000 Si
1192 1959 1279 2016 quem
1290 1942 1444 1999 offenderit
1454 1944 1655 2016 obdormisse,
1671 1946 1739 2001 tunc
1762 1961 1834 2001 con-

1001 2035 1043 2088 tra
1059 2033 1126 2105 ejus
1139 2034 1242 2089 oculos
1253 2035 1352 2088 lumen
1361 2036 1406 2088 ter
1416 2034 1541 2089 intendit
1550 2049 1557 2104 3
1567 2033 1595 2089 si
1604 2034 1690 2089 tertia
1699 2034 1766 2091 vice
1776 2051 1835 2090 non

1001 2123 1196 2197 evigilaverit,
1213 2121 1294 2192 ponit
1309 2125 1376 2176 ante
1391 2136 1458 2176 eum
1478 2122 1630 2193 laternam,
1653 2125 1684 2178 ut
1706 2124 1743 2179 ab
1770 2124 1835 2194 ipso

1001 2229 1119 2286 quoque
1134 2211 1260 2267 excitato
1276 2210 1413 2266 similiter
1428 2214 1570 2281 portetur.

1320 2317 1447 2373 CAPUT
1463 2319 1513 2374 lX.

1075 2407 1135 2474 Qua
1150 2407 1309 2480 disciplina
1323 2406 1625 2479 recollocatusjaceat
1635 2409 1666 2464 in
1675 2407 1762 2465 lecto.

1038 2498 1082 2553 Ad
1096 2498 1202 2552 lectum
1214 2497 1333 2552 rediens
1343 2497 1449 2552 iterum
1461 2513 1495 2552 se
1506 2497 1630 2552 collocat
1649 2513 1716 2553 cum
1740 2498 1833 2555 disci-

1001 2587 1091 2659 plina,
1108 2602 1163 2642 ncc
1177 2586 1321 2642 cucullam
1342 2586 1426 2658 prins
1453 2587 1534 2642 exuit
1561 2602 1648 2658 qnam
1679 2589 1835 2658 cooperto-

1001 2692 1077 2730 rrum
1093 2690 1189 2746 usque
1213 2690 1306 2746 snper
1334 2675 1450 2731 cubitos
1479 2675 1591 2744 trahat,
1619 2678 1689 2731 tuno
1716 2677 1835 2747 quidem

1001 2780 1066 2820 eam
1082 2769 1198 2819 exutam
1214 2764 1373 2836 diligenter
1386 2764 1542 2837 complicat
1563 2768 1593 2820 et
1615 2764 1696 2836 ponit
1725 2765 1761 2820 nd
1784 2781 1835 2821 ca·

1001 2856 1062 2923 put.
1084 2849 1303 2918 Quantumlibet
1330 2854 1457 2908 calorem
1486 2852 1604 2922 sentiat,
1633 2857 1731 2910 tamen
1759 2869 1835 2910 nun-

1001 2957 1089 3012 quam
1104 2941 1172 3011 plus
1189 2942 1323 3012 corporis
1340 2942 1386 2996 sni
1403 2942 1514 3014 detegit
1527 2957 1616 3013 quam
1637 2942 1739 3013 pedes.
1763 2942 1834 2998 bra-

1002 3029 1067 3086 chia
1083 3032 1110 3084 et
1126 3034 1222 3100 caput.

1328 3135 1454 3192 CAPUT
1468 3138 1506 3192 X.

963 3221 990 3288 C
1057 3226 1202 3292 Quomodo
1210 3230 1314 3298 surgat
1324 3241 1419 3294 mane,
1435 3224 1561 3298 volquid
1571 3227 1671 3282 statim
1683 3226 1784 3282 iaciat.

1037 3316 1082 3371 Ad
1094 3315 1231 3383 sonitum,
1248 3314 1298 3386 qui
1313 3314 1442 3369 diluculo
1466 3313 1531 3369 fleri
1560 3315 1635 3370 solet
1661 3315 1691 3370 in
1723 3315 1834 3372 dormi·

1001 3405 1126 3461 torioad
1150 3402 1324 3459 excitandos
1353 3403 1471 3471 iratres,
1500 3402 1570 3459 iacit
1597 3403 1726 3475 idipsum
1756 3405 1835 3476 qnod

1000 3494 1172 3566 adsignnm
1201 3496 1434 3562 nocturnorum,
1464 3492 1639 3564 quantocius
1668 3493 1776 3565 surgit,
1807 3496 1836 3549 et

1002 3598 1037 3638 ea
1052 3581 1116 3637 vice
1130 3597 1189 3636 non
1202 3581 1276 3636 alios
1292 3581 1410 3636 calceos
1425 3597 1512 3652 qnam
1529 3582 1579 3652 qui
1595 3581 1632 3635 ad
1660 3581 1738 3637 diem
1766 3581 1836 3638 iacti

1002 3672 1072 3726 sunt
1087 3669 1189 3740 induit,
1205 3670 1264 3724 nisi
1280 3667 1403 3724 iortesit
1413 3669 1558 3741 sanguine
1570 3668 1712 3741 minutus,
1725 3670 1836 3726 cultelli

1003 3761 1051 3816 ani
1067 3775 1168 3815 secum
1184 3757 1317 3828 portandi
1333 3762 1417 3814 cavet
1432 3758 1580 3814 oblivisci.
1597 3759 1680 3815 Lotis
1697 3760 1835 3815 manibus

1004 3848 1088 3914 facie,
1099 3864 1165 3903 cnm
1178 3848 1231 3902 tria
1242 3835 1431 3918 manutergia
1442 3847 1590 3918 pendeant
1600 3847 1688 3903 simul
1707 3848 1737 3903 in
1753 3849 1836 3904 clan-

1003 3941 1076 4006 stro,
1086 3951 1145 3991 non
1156 3935 1244 4007 tergit
1255 3935 1290 3988 ad
1301 3934 1380 3989 aliud
1391 3951 1479 4006 quam
1500 3937 1579 4006 quod
1600 3937 1666 3991 suis
1685 3936 1835 3994 similibus

1003 4030 1048 4081 est
1061 4025 1240 4094 deputatum,
1263 4022 1331 4094 quia
1346 4039 1435 4078 unum
1448 4027 1494 4077 est
1504 4025 1616 4094 pueris,
1628 4025 1752 4080 alterum
1763 4041 1835 4081 can-

1001 4111 1258 4182 toribus,tertium
1286 4109 1396 4165 idiotis.
1427 4112 1522 4166 Pectit
1550 4115 1646 4182 caput,
1676 4113 1747 4168 tacit
1773 4117 1835 4171 tres

1003 4203 1152 4258 orationes
1183 4201 1211 4253 in
1240 4199 1350 4266 choro,
1385 4199 1516 4254 anterior
1543 4202 1572 4254 ot
1598 4202 1721 4271 propior
1750 4203 1836 4257 altari

1003 4306 1090 4363 quam
1102 4289 1247 4358 seniores,
1258 4289 1335 4343 sicut
1344 4287 1429 4343 otiam
1440 4288 1476 4342 nd
1487 4290 1660 4355 nocturnos,
1670 4289 1700 4344 in
1714 4291 1835 4362 quibus,

1002 4383 1195 4452 posteaquam
1215 4377 1414 4448 puerilogere
1443 4377 1596 4449 incipiunt,
1625 4393 1684 4435 non
1713 4381 1836 4436 multum

1003 4472 1145 4526 moratur.

1321 4572 1448 4629 CAPUT
1463 4573 1513 4629 xl.
1592 4587 1599 4601 ·

1174 4663 1319 4730 Quomodo
1333 4664 1448 4733 sedeat,
1472 4664 1520 4719 vel
1537 4663 1666 4721 incedat.

1039 4754 1153 4809 Sedens
1176 4753 1213 4808 ad
1242 4752 1397 4808 lectionem
1412 4753 1451 4808 ita
1471 4752 1554 4809 sedet
1577 4757 1610 4809 nt
1623 4754 1691 4810 ulna
1707 4753 1745 4809 sit
1760 4754 1836 4809 inter

1003 4845 1077 4897 seet
1091 4840 1277 4912 aliumjuxta
1298 4842 1462 4911 sedentem,
1493 4842 1638 4897 anteriora
1667 4840 1759 4897 itocci
1787 4843 1835 4898 sni

1005 4932 1165 5002 semperin
1177 4931 1323 5003 gremium
1338 4931 1377 4984 ita
1405 4929 1523 4985 attrahit
1544 4934 1575 4985 nt
1603 4930 1695 5000 pedes
1718 4931 1836 5000 possint

1001 5019 1078 5074 bone
1092 5019 1195 5074 rideri.
1212 5018 1339 5075 Gironos
1354 5033 1482 5090 quoque,
1498 5017 1546 5074 vel
1560 5033 1637 5090 quos
1652 5018 1772 5091 qnidam
1788 5034 1834 5074 sa·

1003 5109 1092 5182 giltas
1107 5111 1224 5178 vocant,
1237 5108 1349 5180 colligit
1359 5106 1508 5177 utrinqne,
1520 5109 1551 5161 nt
1571 5123 1629 5162 non
1644 5107 1774 5179 sparsim
1785 5107 1834 5180 ja-

1002 5200 1087 5253 ceant
1101 5198 1130 5251 in
1146 5201 1233 5253 terra.
1249 5196 1432 5267 Quocunque
1444 5195 1562 5266 incedit,
1574 5212 1692 5269 semper
1702 5197 1835 5254 demisso

1002 5288 1097 5357 capite
1123 5285 1241 5355 incedit,
1258 5289 1287 5341 et
1308 5286 1335 5339 si
1350 5284 1508 5355 aliquando
1523 5284 1609 5369 risus
1624 5285 1713 5342 inerit
1734 5289 1833 5343 erecta

1002 5375 1130 5444 cervice,
1145 5390 1204 5430 non
1217 5374 1380 5448 negligitur
1395 5373 1557 5429 innotatus.

1309 5480 1435 5536 CAPUT
1451 5480 1516 5536 Xll.

1144 5569 1288 5635 Quomodo
1306 5569 1405 5624 veniat
1416 5568 1690 5627 adconiossionom.

1035 5659 1065 5715 Si
1080 5673 1156 5730 opus
1171 5657 1260 5714 habet
1277 5658 1313 5714 ad
1329 5658 1550 5718 contessionem
1578 5662 1631 5731 pro
1655 5660 1754 5732 aliquo
1783 5672 1834 5720 oxa
