3900 6112
113 297 192 361 1429
266 293 321 354 DE
344 288 550 355 CORPORIS
574 287 626 349 ET
648 285 769 348 SANG.
795 275 949 342 DOMINI
969 274 1182 340 VERITATE
1205 273 1317 336 LIBRI
1338 273 1455 335 TRES.
1480 308 1515 317 -
1540 271 1613 334 tte.
1639 272 1663 334 1.
1744 269 1819 335 1430

105 495 321 563 hominibus,et
332 491 359 546 si
369 489 549 555 inulte,lieet
560 501 678 556 semper
686 499 809 554 peccare
821 469 940 551 cupien-
955 463 971 519 d
994 478 1144 548 paululum
1161 476 1297 531 adolevit.
1316 475 1385 530 lltox
1401 491 1472 546 ergo
1498 474 1707 544 incipientibus
1723 473 1771 527 his
1782 489 1831 542 pa·

105 586 197 652 tibus,
209 584 348 654 placeret,
360 579 490 649 aperuit:
504 577 634 648 legitima
643 574 779 627 videlieet
790 570 939 641 conjugia,
997 567 1053 620 lam
1063 566 1167 634 audiri,
1187 565 1323 620 catholici
1335 565 1390 617 viri
1399 565 1682 635 gravitereommoti,
1695 562 1832 633 atqucin·

106 677 248 746 quantum
275 671 304 723 iu
327 670 392 739 ipso
419 671 482 722 erat
503 666 676 732 destruens,
696 667 724 716 et
751 659 939 731 {varvulorum
999 656 1193 710 tolerabiliter
1210 655 1349 722 ferentes,
1366 653 1543 723 praesidente
1558 669 1611 722 per
1640 652 1834 721 semetipsum

106 763 256 832 baptisma
272 761 421 821 evertens;
437 756 475 810 ita
491 758 521 809 ul
532 756 561 807 in
576 754 667 806 allero
683 750 823 820 pessimis
846 747 942 801 homi-
999 744 1182 798 beatissimae
1200 743 1349 798 memorias
1365 743 1483 796 domino
1500 758 1572 811 papa
1589 742 1697 808 Leone,
1712 740 1833 794 Vercel-

107 852 198 905 nibus
221 847 356 902 diabolus
373 861 426 916 per
440 860 474 898 os
490 843 556 912 ejus
578 842 657 895 licite
673 839 809 894 omnibus
825 834 943 891 leminis

109 936 290 994 abutendum
306 949 395 1003 esse,
411 934 440 987 in
456 932 558 1001 altere,
574 934 692 984 cassato
707 927 881 997 baptismate
897 925 942 976 in-

107 1027 209 1082 tantiae
220 1026 249 1078 in
260 1022 437 1093 protundum
449 1019 577 1075 omnium
589 1017 741 1082 malorum,
751 1016 848 1083 utpote
859 1015 943 1082 post·

111 1115 231 1170 modum
244 1110 438 1182 baptizandis,
465 1110 582 1177 impune
599 1121 684 1160 ruere
700 1104 846 1158 suaderet.
864 1103 944 1172 Lege

110 1204 268 1274 epistolam
286 1198 463 1254 Leodiensis
479 1194 610 1266 episcopi
621 1197 722 1248 eontra
733 1191 945 1262 Berengarium

113 1294 147 1348 ad
166 1292 329 1345 Henricum
345 1304 447 1358 regem
471 1286 670 1352 Francorum,
687 1287 715 1336 et
739 1282 850 1335 eisdem
872 1296 946 1349 pene

112 1382 217 1437 uerbis
226 1380 328 1434 cadem
339 1378 404 1448 ipsa
420 1376 460 1430 ihi
472 1375 581 1443 scripta
592 1369 946 1442 reperieslllissancdie-

112 1473 217 1526 buset
240 1469 315 1522 hane
344 1480 462 1537 quoquc
486 1466 599 1532 (contra
619 1477 706 1532 quam
736 1460 795 1514 Deo
824 1457 949 1528 propitio

113 1560 209 1615 acturi
235 1558 413 1621 sumus),esl
436 1567 529 1605 ausus
552 1549 774 1604 dementissime
794 1549 950 1617 propinare

114 1647 344 1719 blasphemiam,
363 1643 399 1697 ad
411 1642 562 1696 boeotiam
576 1639 624 1692 liic
639 1638 756 1692 diabolo
771 1638 910 1704 militans,
922 1639 952 1688 at

1001 833 1037 905 lis
1050 833 1206 886 concilium
1217 834 1338 902 ponunt.
1357 831 1387 885 ln
1403 832 1561 901 quostiam
1584 847 1636 900 per
1651 846 1705 883 nos
1735 829 1832 899 aliqua

1003 921 1061 976 diei
1076 921 1241 992 cnpis;jaui
1257 938 1334 975 nunc
1351 937 1416 991 quae
1431 921 1484 975 tibi
1498 920 1689 991 proponenda
1699 919 1836 973 videntur

1003 1025 1053 1081 0ss
1064 1028 1125 1064 ettc.

1341 1133 1498 1171 nocemus

1041 1224 1241 1296 Berengarius
1262 1225 1354 1294 etqui
1371 1241 1437 1277 enm
1462 1227 1637 1294 sequuntur,
1662 1228 1836 1278 asseverant

1006 1313 1222 1369 Eucharistiam
1240 1312 1353 1366 Domini
1365 1328 1499 1367 nonesse
1511 1328 1580 1366 vere
1590 1313 1837 1368 substantialiter-

1005 1419 1062 1474 que
1072 1418 1182 1472 corpus
1199 1406 1226 1455 ct
1242 1403 1417 1473 sanguinem
1431 1402 1556 1471 Domini,
1568 1402 1620 1456 scd
1636 1403 1699 1456 sola
1709 1418 1782 1456 voce
1794 1403 1839 1456 sic

1006 1492 1157 1562 appellari,
1175 1507 1229 1560 pro
1245 1506 1279 1544 eo
1296 1491 1372 1561 quod
1406 1494 1540 1561 tanquam
1570 1491 1673 1544 umbra
1696 1495 1724 1545 el
1744 1492 1839 1563 figura

1007 1579 1204 1653 significativa
1221 1581 1259 1632 sit
1275 1581 1409 1649 corporis
1425 1584 1453 1633 ct
1468 1581 1622 1652 sanguinis
1639 1581 1765 1635 Domini.
1778 1581 1839 1634 Nec

1007 1671 1106 1725 dehoc
1116 1684 1251 1723 moverer
1261 1668 1344 1737 adeo,
1354 1669 1378 1722 si
1389 1669 1543 1723 carnaliter
1555 1670 1714 1739 sapientes,
1732 1685 1841 1725 seeun-

115 1739 212 1793 ablata
224 1737 346 1790 veritate
359 1728 655 1798 DeurinicieorporiS,
669 1742 793 1797 peccare
805 1725 949 1792 volentes
1009 1760 1204 1813 dumsensus
1227 1758 1409 1825 fallerentur,
1426 1758 1484 1811 nisi
1514 1760 1589 1828 quod
1613 1759 1781 1830 nonnullas,
1811 1763 1842 1813 u,

119 1826 201 1882 nulla
218 1822 394 1889 reverentia,
410 1819 508 1874 nullus
526 1821 623 1871 mutus
638 1815 836 1885 percipiendae

118 1908 485 1978 communionisabaliquo
498 1907 611 1960 scelere
619 1903 828 1958 revocaretDe
837 1907 953 1956 caeteris

118 2019 193 2059 sano
209 1995 582 2070 impietatibus,{quassatis
598 1993 704 2047 multas
715 1993 800 2062 perid
813 1992 954 2060 temporis

120 2091 262 2157 evomuit,
289 2103 366 2142 nunc
383 2090 410 2140 lc
425 2083 570 2139 remorari
585 2081 664 2135 nolo.
689 2081 729 2134 lta
749 2081 839 2151 igitur
864 2080 955 2151 hujus

120 2181 237 2236 initium
254 2177 347 2248 pestis
364 2173 542 2243 accepimus.
563 2171 649 2224 Nune
675 2173 771 2224 autem
789 2168 914 2239 qualiter
929 2171 956 2222 et

122 2285 176 2341 per
192 2283 268 2338 quos
285 2265 428 2334 tantisper
444 2263 555 2315 relenta
570 2261 619 2327 sit,
635 2258 760 2329 qualiter
774 2259 957 2326 ctiametper

123 2373 200 2430 quos
218 2356 385 2425 expugnata
401 2354 428 2405 el
444 2351 577 2404 damnata
594 2349 649 2401 sit:
668 2351 698 2400 ut
712 2351 777 2401 ertu
793 2351 878 2416 atque
893 2362 957 2416 pro·

123 2463 228 2513 sessu,
247 2460 318 2497 casu
334 2456 451 2512 quoque
468 2438 596 2509 cognite,
614 2436 682 2506 quid
699 2436 734 2490 de
760 2435 807 2488 illa
824 2436 954 2505 sentias,

125 2535 232 2590 melius
244 2532 336 2599 noris,
352 2530 411 2584 nisi
427 2529 547 2598 longum
563 2528 659 2595 putea,
676 2525 814 2595 aperiam.

464 2630 622 2670 sonamus.

163 2715 223 2767 lmo
240 2725 310 2764 voro
326 2705 499 2764 sitibundus
518 2705 582 2758 haec
597 2703 722 2757 audiam,
741 2702 860 2759 Multum
884 2717 960 2756 emm

125 2803 164 2857 ad
182 2817 242 2856 rem
260 2797 441 2869 propositam
456 2794 593 2848 existimo
608 2791 769 2860 prolatura.

448 2897 642 2937 eurrnuunus.

165 2978 338 3048 Cumigitur
353 2973 525 3043 superiores
541 2969 753 3040 blasphemias,
766 2970 888 3039 primam
900 2969 963 3040 qui-

129 3072 198 3126 dem
215 3070 336 3138 propter
354 3061 480 3132 injurias
496 3063 630 3127 matrum,
647 3062 882 3133 caeterorumque
898 3057 965 3111 elle-

131 3165 245 3221 ctuum,
262 3147 968 3218 secundamveropropterdamnationemparvu-

133 3250 231 3303 lorum
239 3237 617 3309 suorum,neeauresetiam
626 3235 824 3305 pessimorum
836 3237 968 3290 sustine-

133 3325 660 3405 repossent‚ipseveroinSeripturis
675 3326 771 3379 saeris
785 3325 969 3379 locumtuen·

134 3426 162 3479 di
174 3439 226 3477 eas
238 3419 350 3475 nullum
366 3417 482 3486 penitus
499 3414 653 3483 inveniret,
666 3416 792 3469 maxime
803 3415 969 3483 disputante

136 3517 241 3568 eontra
257 3525 308 3563 eas
320 3505 527 3576 copiosissime
537 3504 621 3557 beato
639 3504 804 3574 Augustino
814 3504 887 3572 (Pro
901 3521 969 3575 nup·

137 3603 201 3668 tiis,
215 3603 242 3653 ct
253 3597 390 3666 DeBapt.
397 3591 611 3665 parvulorum),
627 3592 657 3643 in
670 3592 745 3646 hane
756 3609 789 3646 sc
810 3593 970 3647 defensan-

136 3692 206 3746 dam
221 3689 312 3741 tetum
326 3683 456 3746 eontulit;
468 3682 517 3735 ubi
530 3684 558 3735 et
568 3680 693 3751 quedam
711 3681 789 3735 velut
805 3682 971 3736 testimonio

137 3774 343 3835 sensuumniti
359 3772 533 3827 videbatur:
563 3784 616 3823 nec
632 3773 690 3823 tam
710 3770 918 3838 copiosissime
935 3770 971 3823 ab

139 3869 239 3938 aliquo
255 3863 513 3918 sanctissimorum
534 3860 650 3913 Petrum
670 3859 790 3929 (quippe
816 3875 875 3912 non
898 3861 971 3914 indi-

140 3962 229 4029 gente
238 3954 309 4008 adeo
320 3950 505 4020 temporibus
515 3948 630 4002 illorum
641 3946 785 4017 Ecclesia,
799 3965 864 4003 eum
875 3953 971 4004 tamen

141 4044 212 4116 qnid
229 4043 296 4096 inde
307 4037 603 4108 tenerentperspicue
619 4041 646 4091 el
661 4036 844 4093 lucidissime
859 4041 974 4108 sapien-

140 4133 251 4188 tissimi
268 4145 369 4184 eorum
392 4127 474 4181 multi
490 4127 678 4195 seripserunt
692 4130 793 4180 centra
823 4127 897 4181 bane
913 4128 977 4182 dis-

145 4222 277 4293 putatum
293 4217 448 4272 sentiebat.
472 4217 634 4284 nucupatis
658 4230 731 4286 ergo
761 4217 910 4271 nonnullis
926 4232 978 4272 ve-

146 4311 190 4365 lut
207 4306 382 4362 ratiunculis
405 4304 603 4375 (nequeenim
626 4303 685 4357 ulla
699 4320 828 4374 unquam
853 4306 980 4361 liaercsis

857 1830 951 1911 ΜΨ
968 1835 990 1896 Β
1010 1865 1101 1919 supra
1117 1847 1296 1912 memorasti,
1314 1847 1495 1901 ratiunculas
1508 1847 1677 1916 obtendere,
1695 1853 1723 1903 et
1738 1863 1789 1902 eas
1805 1863 1843 1902 ex

1010 1935 1271 2009 quibusdamlreati
1285 1935 1444 2006 Augustini
1456 1936 1610 1989 sententiis
1623 1935 1844 1991 munirevidcn-

1010 2027 1177 2096 turdliqua
1194 2025 1281 2078 ctiam
1293 2024 1384 2077 rerba
1403 2024 1518 2078 Domini
1528 2024 1688 2079 Salvatoris
1698 2025 1843 2096 jactitant,

1012 2132 1049 2170 ex
1072 2116 1180 2186 quibus
1197 2114 1305 2167 infirmi
1322 2113 1505 2167 scandilizari
1518 2115 1642 2168 forsitan
1658 2115 1784 2185 possint.
1803 2116 1845 2168 de

1014 2205 1139 2274 primum
1182 2203 1263 2271 ipsas
1292 2201 1495 2267 ratiunculas,
1523 2203 1627 2256 deinde
1656 2204 1845 2257 auctoritates

1014 2309 1131 2364 ponam.
1162 2291 1283 2358 Natura,
1301 2290 1445 2361 inquiunt,
1467 2290 1541 2345 hanc
1570 2291 1758 2345 mutationem
1787 2307 1847 2346 nou

1015 2385 1132 2457 patitur.
1150 2381 1281 2449 [tumque
1297 2377 1418 2432 affertur
1434 2379 1477 2432 eis
1494 2380 1647 2450 seriptum,
1665 2380 1732 2451 quia
1752 2380 1849 2435 emnia

1018 2484 1193 2544 quoecunquc
1214 2468 1302 2521 voluit
1331 2467 1472 2522 Dominus
1487 2468 1559 2523 lecit
1588 2467 1850 2541 (Ps.cxn1u),sed

1018 2561 1103 2628 hanc,
1120 2558 1264 2628 inquiunt,
1294 2558 1481 2611 dictationem
1494 2558 1596 2612 noluit.
1612 2558 1698 2614 Absit
1714 2574 1791 2614 emm
1819 2559 1852 2611 ut

924 2701 929 2711 ,
1017 2650 1063 2704 las
1080 2649 1118 2702 sil
1126 2647 1276 2733 Christum
1292 2646 1429 2700 dentibus
1446 2648 1542 2716 atteri,
1559 2649 1751 2726 autpertibus
1762 2648 1852 2703 dissi·

1001 2738 1096 2808 pari,
1119 2737 1196 2790 sieut
1217 2736 1272 2789 ista
1296 2735 1433 2789 dentibus
1452 2738 1617 2791 atteruntur
1640 2740 1668 2792 et
1695 2739 1726 2792 in
1753 2738 1852 2808 partes

1020 2827 1212 2896 dissipantur.
1230 2825 1274 2879 Ad
1289 2825 1364 2893 haec,
1386 2826 1411 2879 si
1427 2826 1532 2894 placet,
1559 2827 1676 2882 interim
1691 2827 1851 2897 responde,

1019 2915 1207 2986 postmodum
1224 2929 1294 2967 vero
1310 2918 1415 2967 eaetera
1433 2930 1604 2984 proponant,
1617 2932 1674 2986 quo
1682 2915 1855 2988 diligentius

1021 3019 1110 3075 opere
1127 3004 1295 3072 distribute,
1309 3003 1436 3074 singulis
1447 3019 1516 3058 amc
1530 3005 1690 3076 propositis
1708 3020 1855 3076 responsa

1021 3102 1070 3150 tua
1086 3091 1294 3163 comparando,
1312 3091 1382 3145 mihi
1407 3091 1441 3145 ad
1458 3108 1586 3164 unguem
1604 3095 1639 3149 de
1655 3095 1793 3151 omnibus
1810 3096 1855 3149 in-

978 3193 1004 3258 c
1022 3186 1150 3255 telligam
1167 3180 1360 3236 satisfactum.

1341 3305 1534 3345 GUITMUNDUS.

1061 3414 1857 3487 Quozriamquidemsnpcriuspostulastiuttuisinqni·

1026 3506 1195 3572 sitienibus,
1213 3504 1238 3557 si
1255 3520 1312 3574 qua
1328 3503 1397 3556 mihi
1414 3504 1583 3557 riderentur
1597 3504 1740 3574 addenda,
1753 3520 1859 3574 super·

1027 3596 1331 3664 adderem‚eognescc
1342 3593 1465 3661 primum
1478 3593 1544 3662 qnia
1567 3609 1625 3647 non
1640 3609 1742 3648 omnes
1758 3593 1808 3664 qui
1824 3593 1861 3648 de

1029 3683 1094 3736 istis
1104 3681 1300 3735 sacramentis
1309 3684 1417 3748 errant,
1436 3695 1491 3733 nna
1512 3680 1651 3734 incedunt
1666 3681 1713 3734 via
1735 3681 1860 3736 erroris·

1030 3772 1105 3826 Nam
1112 3769 1322 3838 berengariani
1335 3768 1562 3837 omnesquidem
1572 3771 1600 3821 in
1617 3769 1673 3824 hoe
1684 3771 1864 3824 conveniunt

1031 3861 1098 3930 quia
1114 3858 1199 3927 panis
1210 3862 1238 3909 ot
1246 3856 1347 3908 vinum
1363 3857 1561 3910 essentialiter
1572 3873 1631 3911 nen
1641 3861 1799 3928 mutantur,
1810 3857 1864 3913 sed

1033 3950 1286 4016 utextorquerea
1310 3944 1486 4014 quibusdam
1502 3946 1593 4013 potui,
1620 3948 1742 4000 multum
1757 3948 1788 4000 in
1806 3947 1863 4001 hoe

1033 4039 1180 4101 dillcrunt,
1198 4034 1275 4105 quod
1306 4033 1353 4086 alii
1382 4033 1453 4087 nihil
1479 4036 1597 4088 omnino
1626 4036 1662 4088 de
1686 4051 1809 4104 corpore
1838 4040 1867 4091 et

1035 4127 1179 4199 sanguine
1197 4123 1311 4178 Domini
1328 4125 1523 4176 sacramentis
1539 4123 1606 4177 istis
1621 4123 1732 4193 inesse,
1741 4125 1794 4178 sed
1803 4127 1867 4178 tan·

1037 4215 1185 4274 tummodo
1200 4213 1322 4268 umbras
1338 4212 1403 4267 haee
1419 4218 1446 4266 et
1461 4213 1574 4284 figuras
1604 4228 1673 4267 esse
1688 4213 1797 4268 dicunt.
1813 4211 1871 4267 Alii

1038 4307 1215 4374 vero,reetis
1228 4303 1370 4358 Ecclesiae
1383 4302 1544 4356 rationibus
1555 4302 1763 4371 cedentes,nec
1773 4305 1870 4358 tamen

147 4402 214 4454 sine
230 4398 327 4466 aliqua
343 4392 587 4449 versimilitudine
600 4393 722 4447 rationis
738 4394 920 4450 invalescere
932 4413 983 4466 po·
1039 4391 1613 4462 astultitiarecedentes,utquasialiquo
1624 4392 1875 4447 modonobiseum

152 4489 232 4556 tuit),
250 4484 391 4538 adhibitis
412 4498 529 4552 queque
539 4482 642 4550 paucis
659 4482 733 4536 male
749 4482 904 4538 intellectis
919 4501 935 4538 a
950 4499 984 4540 se
1041 4502 1109 4541 esse
1127 4484 1290 4550 rideantur,
1305 4482 1405 4534 dieunt
1421 4481 1461 4534 ibi
1477 4486 1621 4550 corpuset
1634 4482 1809 4552 sanguinem
1819 4482 1876 4535 Do·

153 4575 290 4645 capitulis
314 4572 591 4642 scripturaesacrac,
622 4587 687 4641 quae
703 4573 802 4626 mullis
818 4555 1021 4629 errantibusD
1042 4574 1112 4631 mini
1126 4588 1240 4640 revera,
1258 4571 1311 4624 sed
1326 4570 1449 4624 latenter
1464 4570 1617 4640 contineri,
1634 4570 1791 4625 etutsumi
1807 4584 1880 4639 pos-

150 4667 278 4735 laqueus
294 4666 339 4716 est
356 4661 470 4727 mortis
487 4676 539 4729 per
555 4676 667 4731 egenos
689 4658 903 4732 scholasticos,
923 4663 986 4734 jam
1044 4668 1103 4719 sint
1118 4659 1343 4734 quodammode,
1360 4660 1436 4713 atita
1448 4659 1744 4729 dixerim,impanari.
1761 4658 1880 4714 Etbanc

151 4771 205 4825 per
224 4751 463 4820 alimoniamque
481 4749 674 4803 sustendabat
703 4755 811 4820 eos,ct
839 4767 892 4821 per
915 4768 988 4808 suos
1045 4756 1140 4825 ipsius
1178 4751 1348 4821 Dei-engenii
1390 4749 1575 4804 subtiliorem
1603 4764 1673 4803 esse
1705 4749 1882 4803 sententiam

152 4843 257 4897 dulces
273 4855 427 4895 sermones
445 4843 612 4907 corruptos,
629 4854 870 4909 quaquaversum
885 4844 988 4912 potnit,
1047 4845 1137 4896 aiunt.
1155 4840 1211 4893 alii
1229 4854 1298 4892 vere
1314 4855 1371 4892 non
1387 4838 1505 4908 quidem
1519 4837 1580 4908 jam
1592 4836 1816 4908 Berengariani,
1830 4834 1885 4891 sed

154 4931 289 4987 clanculo
306 4929 397 4999 liujus
415 4928 486 4981 tanti
503 4928 569 4980 mali
585 4928 830 4983 nefandissimum
845 4931 929 4984 virus
945 4931 990 4985 el-

157 5021 244 5075 ludit.
267 5019 298 5073 Si
324 5019 373 5088 qui
397 5021 493 5071 autem
517 5021 659 5085 praeterea
684 5016 884 5087 aliquomodo
909 5035 991 5075 reee-

158 5111 255 5181 perint
271 5124 348 5177 eum,
366 5107 471 5161 bisunt
487 5106 537 5175 qui
552 5106 757 5176 exapestoliea
775 5109 919 5162 sententia
936 5113 992 5164 ter·

156 5200 205 5254 riti
222 5214 278 5268 qun
294 5197 400 5251 dicitur
419 5194 492 5260 :Qui
506 5196 661 5249 ninndneat
677 5201 706 5248 ct
722 5195 800 5250 bibit
815 5197 995 5271 indipncju-

160 5289 271 5343 dicium
284 5285 346 5339 sibi
360 5285 515 5339 inanducat
532 5291 560 5339 ct
575 5284 654 5338 bibit
674 5284 698 5352 (Ι
717 5283 783 5339 Cer.
801 5289 851 5355 xi),
869 5303 997 5345 commu·

161 5379 279 5433 aionem
296 5390 421 5444 sacram,
439 5390 525 5444 quam
544 5389 595 5442 pro
619 5373 823 5429 ecclesiastice
839 5392 920 5431 more
945 5393 998 5433 su-

163 5481 245 5522 mere
261 5467 418 5536 eoguntur,
436 5463 554 5516 mallent
566 5465 613 5515 aut
627 5462 738 5517 nullam
754 5467 803 5518 aut
818 5480 875 5519 non
890 5470 1000 5523 tantam

166 5571 246 5623 csse,
268 5569 356 5625 quam
386 5552 453 5625 ejus
479 5553 637 5606 metusea
667 5552 787 5624 flagitiis
816 5554 1003 5626 aliquatenus

166 5652 346 5719 temperare.
362 5642 403 5697 Ita
418 5641 509 5716 igitur
523 5643 552 5696 el
564 5656 617 5715 per
629 5640 703 5699 tales
712 5643 897 5700 exsecranda
909 5646 1005 5719 pestis

1050 4931 1192 4985 acerrime
1209 4927 1391 4998 Borengario
1408 4929 1621 4997 repugnantes,
1637 4925 1821 4997 argumentis
1841 4928 1886 4979 ta·

1051 5037 1117 5073 men
1126 5019 1204 5089 ejuS,
1217 5021 1245 5071 et
1254 5017 1431 5088 quibusdam
1443 5015 1544 5069 verbis
1554 5015 1669 5068 Domini
1681 5015 1834 5085 paulisper
1843 5012 1886 5070 of·

1053 5107 1227 5178 sensitquod
1239 5122 1293 5162 suo
1304 5106 1370 5160 leco
1379 5105 1512 5159 dicemus
1522 5104 1656 5174 uberius)
1669 5104 1804 5159 solebant
1813 5104 1886 5160 olim

1055 5196 1242 5268 pularequod
1252 5195 1337 5266 panis
1348 5197 1377 5249 et
1387 5193 1533 5248 vinumex
1555 5195 1793 5263 partemutentur
1808 5196 1837 5248 et
1854 5209 1891 5248 ex

1057 5293 1138 5357 parte
1156 5286 1335 5340 remaneant.
1344 5283 1497 5337 dliisvero
1517 5282 1747 5337 irrationabilem
1766 5283 1892 5338 istorum

1059 5392 1182 5431 sensum
1194 5369 1892 5445 lengehor1¹entibuS,eademve1·baDomini,qui-

1062 5468 1118 5522 bus
1130 5465 1180 5520 isti
1191 5466 1356 5532 moventur,
1369 5478 1427 5517 nen
1438 5463 1512 5517 satis
1521 5466 1586 5531 apte
1594 5462 1840 5535 intelligentibus,
1850 5458 1895 5513 vi·

1061 5557 1298 5624 debaturpanem
1309 5554 1338 5606 et
1352 5552 1453 5607 vinum
1463 5556 1567 5607 extotc
1583 5552 1702 5625 quidem
1709 5549 1825 5619 mutari,
1841 5545 1897 5605 sed

1060 5665 1126 5705 eum
1150 5642 1264 5719 indigni
1281 5642 1425 5704 accedunt
1439 5642 1474 5698 ad
1486 5641 1762 5700 communicandum
1780 5651 1901 5699 earnem
