3900 6112
104 287 167 374 iss

315 308 508 371 aaronis
527 306 927 372 noarrruauaoauu
950 306 1064 371 mom
1088 308 1254 373 oero-
1278 296 1624 378 urbanooravus

1769 312 1835 381 '8⁹0

106 510 176 562 vata
190 507 406 579 quampublica
417 507 604 578 disponebat,
616 522 704 579 quam
721 506 786 577 ipso
800 506 910 561 laceret
921 507 948 560 si
963 492 986 553 Α
1004 522 1077 578 ram,
1089 524 1174 579 quam
1186 509 1313 565 babebat
1331 510 1359 565 in
1369 511 1581 566 Nortlrmannia
1593 513 1714 581 babuit3
1731 516 1760 568 ot
1775 514 1836 569 llo-

106 594 946 666 adessetvixitauteminNorlbmanniaparvotemporc,

106 684 222 740 invidia
233 688 260 740 et
272 684 398 753 lectione
411 685 606 756 quarumdam
617 685 758 738 nobilium
771 684 946 738 feminarum

106 772 244 844 decepta.
261 774 426 829 Praedictus
441 789 514 829 vero
537 773 708 828 Willolmns
729 773 808 827 filius
825 772 945 827 lloberti

106 860 197 917 ducis
212 862 382 932 procedenti
398 865 529 932 tompore
546 877 647 917 comes
667 862 721 914 luit
742 860 944 914 Flandrensis.

107 950 196 1017 Quod
215 950 361 1022 quomodo
378 951 529 1019 acciderit,
551 951 654 1021 paucis
675 951 853 1020 aperiamus.
875 950 946 1002 Cum

105 1038 203 1111 igitur
219 1039 268 1094 ille
284 1038 345 1110 jam
357 1039 480 1109 juvenis
494 1039 591 1094 multae
606 1039 761 1109 probitatis
776 1039 806 1092 in
821 1037 946 1091 Francia

108 1128 294 1196 exularetur,
308 1130 389 1198 palre
404 1143 471 1198 suo,
487 1130 519 1182 ut
531 1126 592 1198 jam
608 1128 747 1193 diximus,
765 1128 792 1179 iu
818 1126 946 1179 vinculis

107 1214 236 1270 Raurici
251 1216 333 1287 rogis
354 1217 462 1286 posito,
479 1216 585 1270 accidit
600 1218 630 1270 ul
650 1216 786 1270 tlarolum
811 1215 947 1269 comitem

107 1304 325 1360 Flandrensem
334 1305 454 1376 quidam
464 1305 621 1359 traditores
632 1305 659 1358 in
669 1305 806 1371 ecclesia,
820 1304 888 1357 dum
899 1319 945 1356 sa-

107 1394 172 1449 eris
194 1393 345 1464 mysteriis
360 1395 529 1462 interesset,
549 1393 727 1448 occiderent.
751 1394 814 1457 (luo
835 1393 945 1460 audito,

110 1482 218 1555 regina
226 1482 406 1536 Francorum
416 1482 639 1537 uxorLudovici
653 1482 821 1553 rceisdedit
832 1481 943 1551 praedi-

110 1570 319 1626 cloWillelmo
335 1586 469 1626 sororem
485 1586 569 1624 suam
590 1585 729 1633 uxorem;
747 1570 881 1623 alliciens
896 1584 950 1639 per

111 1662 253 1716 maritum
273 1675 361 1715 suum
376 1664 409 1714 ut
425 1660 501 1714 idem
516 1673 617 1713 comos
634 1658 859 1712 Fiaudrensium
876 1674 948 1712 con-

110 1750 286 1805 silucrolur.
308 1749 484 1803 Decesserat
506 1748 583 1803 enim
599 1746 724 1802 Carolus
744 1747 857 1817 absque
878 1745 947 1800 silio.

1005 598 1131 668 gerium,
1152 599 1200 652 eiii
1211 600 1366 653 comitatus
1380 600 1537 655 llorelordi
1555 601 1685 657 iunieulo
1697 602 1840 657 distribu-

1005 685 1094 740 tionis
1117 686 1224 739 eveuit.
1240 686 1348 740 Habuit
1363 688 1449 740 eliam
1462 688 1536 742 duas
1549 689 1624 743 lilius
1640 706 1766 760 quarum
1780 706 1838 745 arna

1006 775 1124 827 nornine
1135 773 1345 843 Enrnrajuneta
1362 779 1409 829 est
1422 776 1548 831 ltodallo
1557 778 1593 831 de
1606 778 1710 846 Waiet,
1728 794 1837 850 genere

1007 862 1129 930 licitoui,
1144 862 1193 932 qui
1207 863 1259 915 luit
1271 879 1370 917 comcs
1380 864 1597 931 Neruiconsis3
1607 866 1660 920 sed
1671 867 1722 936 qui
1738 869 1839 921 eontra

1007 951 1176 1005 fidelitatem
1205 951 1344 1006 Willelmi
1384 955 1467 1023 regis
1495 955 1623 1009 senioris
1647 955 1839 1010 munitionem

1007 1039 1147 1094 Norwich
1166 1040 1323 1111 aliquando
1346 1046 1448 1096 tenore
1469 1043 1629 1110 attentavit,
1646 1043 1792 1115 expulsus
1811 1047 1840 1098 et

1007 1128 1841 1201 extorrisderegnoAngliaucumuxorasuallierusalem

1006 1216 1147 1286 perrexit,
1156 1218 1329 1287 relinquens
1339 1234 1426 1272 uuam
1436 1219 1522 1273 filiam
1538 1220 1656 1274 nomine
1666 1220 1760 1287 ittam,
1773 1236 1840 1291 quaa

1007 1305 1180 1374 procedenti
1197 1310 1327 1373 tempore
1343 1308 1443 1376 nupsit
1461 1308 1590 1362 lloberto
1607 1308 1707 1363 comiti
1722 1309 1838 1379 hogre-

1008 1392 1204 1461 costrice,filio
1217 1394 1338 1448 llobarti
1348 1396 1466 1449 coniitia
1478 1396 1616 1450 blellenti.
1634 1396 1719 1451 Unde
1728 1396 1837 1451 iactum

1006 1485 1052 1536 est
1068 1485 1099 1536 ut
1120 1482 1199 1549 Lirc,
1216 1482 1291 1548 (llot,
1318 1483 1480 1551 Hritolium,
1502 1489 1530 1538 et
1549 1485 1705 1554 plurimam
1724 1490 1836 1556 partem

1005 1574 1092 1625 lorrae
1103 1586 1190 1640 quam
1207 1570 1375 1627 Willelmus
1391 1571 1470 1626 tilius
1485 1572 1613 1627 Osberni
1632 1589 1708 1629 avus
1732 1576 1837 1630 uxoris

1007 1674 1071 1713 suae
1087 1658 1231 1713 habuerat
1242 1660 1271 1712 in
1283 1660 1504 1731 Nortbmaunia,
1519 1662 1833 1732 postmortomWillel·

1005 1748 1045 1803 mi
1060 1747 1096 1802 de
1111 1748 1231 1802 Britolio
1243 1749 1378 1802 avunculi
1392 1750 1494 1804 uxoris
1504 1766 1567 1804 suae
1577 1750 1653 1805 idem
1664 1765 1765 1805 eomes
1781 1750 1835 1805 ba-

111 1836 540 1892 NeetamenidemWillelmus
550 1836 638 1907 longe
657 1835 758 1890 aberat
771 1853 786 1890 a
801 1836 950 1906 cogitatio·
967 1862 992 1925 B
1008 1835 1590 1893 beretGenuitautemoxcaunumfilium
1602 1839 1834 1909 etpluresiilias.

111 1941 149 1981 ne
164 1925 305 1981 comitum
314 1925 550 1979 Flandriae.Nam
563 1925 712 1978 blathildis
724 1925 828 1996 regina
839 1923 949 1994 buglo-
1041 1924 1149 1980 Occiso
1166 1927 1275 1995 itaque,
1291 1930 1323 1981 ut
1338 1926 1476 1995 diximuS,
1487 1926 1634 1982 Willelmo
1650 1927 1710 1982 illio
1720 1927 1833 1983 Oebar-

111 2030 178 2069 rum
195 2015 260 2067 avia
276 2014 371 2084 ipsius
381 2013 435 2067 init
450 2013 509 2067 tilia
524 2013 733 2068 ltalduinicum
746 2013 840 2067 [lauba
854 2013 948 2067 eomi-
1006 2015 1045 2084 ni,
1061 2013 1226 2068 Willolmus
1240 2014 1277 2068 de
1293 2014 1414 2069 llrilolio
1428 2015 1507 2070 lilius
1517 2030 1604 2085 suus,
1617 2016 1667 2087 qui
1679 2017 1706 2070 oi
1717 2031 1838 2072 sueces-

107 2102 149 2159 tis
159 2101 396 2158 Flandrensium.
408 2103 462 2156 Hie
473 2118 544 2157 vero
552 2103 713 2157 Balduinus
725 2101 799 2155 duos
808 2101 885 2155 tilios
898 2101 948 2154 lra—
1006 2106 1094 2170 serat,
1107 2102 1194 2172 coepit
1205 2102 1376 2157 calumniari
1387 2104 1525 2173 oppidum
1536 2104 1640 2173 lureii,
1661 2104 1731 2176 quia
1742 2105 1838 2171 iuerat

112 2192 189 2261 buit,
211 2191 406 2245 Balduindum
422 2196 449 2246 ot
473 2191 647 2246 Robertum.
674 2190 804 2255 Quorum
827 2192 950 2260 uterque
1006 2191 1124 2246 llodulfi
1141 2191 1267 2259 comitia,
1286 2192 1377 2260 patris
1390 2192 1608 2247 videlicetaviee
1620 2208 1694 2248 suaa.
1706 2193 1840 2248 Habebat

111 2294 237 2335 uxorem
251 2280 373 2350 accepit,
392 2280 509 2335 vivente
520 2283 601 2349 patre
619 2295 730 2334 eorum.
743 2279 817 2331 Nam
835 2277 951 2332 llaldui-
1006 2283 1103 2334 autem
1125 2283 1194 2334 tuuc
1208 2280 1351 2349 temporis
1371 2280 1447 2334 idem
1464 2283 1594 2335 castrum
1608 2281 1756 2335 llobertus
1780 2282 1840 2335 dux

112 2384 170 2425 uus
194 2368 410 2440 primogenitus
439 2368 541 2423 babuit
566 2368 594 2421 in
617 2383 742 2422 uxorem
768 2367 951 2421 comitissam
1006 2368 1228 2423 Norlbmanniae
1243 2368 1752 2438 insuodominio,siculpalersuus
1769 2368 1840 2422 Wil-

113 2456 365 2527 Hainaucensem,
377 2472 413 2511 ex
426 2456 679 2528 quagenuitduos
690 2456 778 2522 filios,
796 2455 949 2509 lirnultum
1008 2455 1115 2511 lelmus
1131 2472 1183 2511 rex
1195 2471 1249 2525 per
1272 2471 1359 2510 omne
1374 2460 1490 2526 tempus
1510 2457 1579 2511 vitae
1596 2473 1661 2512 suae
1683 2457 1837 2513 habuerat.

115 2544 338 2601 etBalduinum.
351 2546 500 2601 liobertus
510 2549 606 2599 autem
615 2546 726 2615 accepit
734 2544 893 2616 conjugem
903 2559 951 2598 rc·
1006 2545 1259 2615 Comitissapnim
1277 2545 1424 2600 Alboreda
1442 2561 1518 2600 uxor
1536 2546 1652 2601 comitis
1669 2546 1792 2601 Roberti
1809 2546 1840 2603 in

113 2634 213 2690 lielam
242 2633 384 2690 Florentii
412 2634 528 2689 comitis
554 2634 670 2702 Frisiae,
693 2650 760 2705 qnae
780 2634 896 2687 unicam
915 2649 951 2686 ex
1007 2634 1166 2705 supercilio
1188 2634 1295 2689 montis
1309 2634 1405 2689 eidem
1420 2637 1519 2689 castro
1535 2635 1715 2690 imminentis
1736 2635 1841 2690 turrim

113 2723 258 2793 praedicto
274 2722 422 2778 Florentio
439 2722 566 2778 babebat
586 2723 685 2777 liliam,
705 2722 776 2787 Quae
801 2722 951 2777 liebertus
999 2723 1246 2792 munitissimam,
1263 2738 1330 2793 quae
1341 2728 1679 2794 usquecuncsuperest,
1692 2723 1839 2779 oedillcare

114 2810 205 2883 longe
236 2812 333 2866 lacere
355 2813 459 2866 rolens
479 2828 495 2865 a
517 2815 639 2881 paterna
662 2812 845 2881 haereditate,
872 2811 952 2865 dedit
1006 2816 1145 2882 coeperat.
1174 2812 1322 2867 liebertus
1350 2826 1451 2867 comes
1479 2812 1609 2867 Malleoli
1632 2813 1737 2867 turrim
1760 2812 1840 2867 illam

115 2914 178 2954 eam
200 2899 335 2970 Philippo
360 2900 422 2971 regi
452 2899 642 2954 Francorum.
674 2899 709 2953 Et
730 2900 768 2953 ita
793 2899 949 2954 comitatus
1007 2901 1189 2970 custodiens,
1207 2901 1393 2956 vicecomitis
1407 2900 1506 2956 cilicio
1522 2902 1551 2955 in
1573 2901 1713 2972 proedicto
1729 2902 1838 2973 oppido

116 2986 223 3042 Frisiae
238 2988 380 3042 remansit
391 2989 416 3043 oi
430 3004 496 3043 cum
505 2992 597 3044 matre
608 2988 757 3058 praedictae
770 2987 884 3058 puellae,
898 3004 951 3042 un·
1006 2988 1194 3061 fungebatur.
1213 2989 1280 3061 Egit
1297 2990 1394 3060 itaque
1410 2991 1565 3046 ealliditate
1585 2992 1672 3045 solita
1689 3032 1696 3059 ,
1717 2995 1748 3044 ut
1762 2990 1840 3044 idem

117 3076 151 3132 de
171 3078 401 3148 cognominatus
417 3081 464 3133 cst
479 3078 587 3132 Frisio.
611 3078 747 3132 Decessit
762 3082 859 3133 autem
884 3082 951 3132 autc
1006 3078 1160 3133 castellum
1180 3077 1327 3131 Willelmo
1343 3078 1379 3132 de
1394 3078 1515 3132 Britolio
1530 3079 1712 3147 redderetur,
1729 3077 1785 3132 hac
1798 3081 1838 3133 ta·

117 3168 241 3222 mortem
256 3166 349 3237 patris
369 3166 416 3220 sui
433 3166 568 3220 Balduini
579 3167 741 3221 llalduinus
762 3182 863 3222 eomes
880 3167 951 3221 Hai—
969 3182 1072 3279 crnen
1088 3166 1265 3234 conditione,
1282 3170 1426 3237 quatenus
1438 3167 1502 3237 ipse
1518 3183 1572 3237 pro
1583 3184 1618 3222 co
1635 3167 1713 3238 quod
1727 3165 1758 3221 iu
1772 3167 1839 3237 ipso

116 3255 278 3310 naueensis
288 3258 316 3310 et
326 3254 625 3309 successitErnolius
635 3255 714 3309 iilius
723 3254 790 3326 ejus
799 3255 951 3327 primoge-
1007 3256 1114 3326 oppido
1126 3272 1203 3309 nrrnc
1215 3254 1350 3324 babebat,
1361 3255 1524 3309 Britoninm
1536 3271 1601 3310 sum
1615 3255 1840 3310 lerroevicinum

116 3344 205 3399 nitus.
223 3344 354 3398 'l'andem
366 3344 492 3398 obeunte
509 3343 651 3397 Balcluino
669 3344 774 3399 comite
794 3344 950 3414 Flandriae,
1007 3344 1165 3416 largitione
1175 3343 1260 3398 ducis
1275 3344 1395 3399 lloberti
1410 3348 1552 3414 perpetuo
1571 3344 1749 3414 possideret.
1769 3342 1841 3398 Erat

118 3448 184 3488 cum
196 3431 340 3487 Ernull'us
357 3448 457 3486 comes
473 3432 690 3486 Hainaucensis
706 3433 826 3487 deberat
840 3434 866 3487 ei
885 3448 952 3486 suc-
1008 3434 1085 3487 enim
1100 3434 1136 3488 ab
1157 3433 1287 3504 antiquis
1298 3433 1480 3501 temporibus
1492 3433 1567 3486 idem
1581 3432 1773 3501 municipium
1780 3448 1839 3487 una

119 3521 234 3590 cedere,
251 3523 349 3590 utpote
364 3536 458 3590 nepos
472 3536 508 3574 ex
521 3520 715 3591 primogenito
732 3521 791 3575 filio
804 3520 870 3592 ejus
881 3522 952 3575 etad
1009 3538 1045 3577 ex
1060 3522 1189 3593 propriis
1213 3521 1337 3576 sedibus
1361 3522 1470 3576 ducum
1491 3521 1725 3575 Nortbmaeniao.
1750 3520 1836 3576 Unde

119 3608 175 3666 boe
192 3608 280 3663 ctiam
295 3609 447 3677 niteretur,
464 3609 619 3679 Philippus
633 3625 686 3663 rex
702 3607 883 3675 Francorum
900 3626 951 3664 ro-

120 3698 205 3753 uiens
225 3698 255 3752 in
272 3698 411 3752 auxilium
423 3698 501 3769 ojus,
519 3701 547 3753 et
562 3698 823 3770 blatbildisregina
839 3698 953 3770 Anglo-

120 3802 184 3841 mm
204 3787 292 3840 amita
306 3785 374 3857 ojus
384 3787 503 3841 mittens
512 3788 538 3841 ei
549 3785 728 3842 Willelmum
739 3786 830 3841 tilium
841 3787 954 3842 Osber-

120 3875 232 3930 uicum
248 3878 358 3929 armata
375 3875 497 3930 militum
510 3891 608 3946 manu,
624 3876 772 3930 liebertus
786 3875 883 3929 Frisio
900 3892 953 3946 pa·

120 3966 205 4018 truus
216 3963 441 4034 ejus‚ad,iuncto
453 3964 583 4019 exercitu
602 3964 722 4018 Hernici
737 3964 954 4018 Nortbmanno·

121 4068 186 4107 rum
207 4054 235 4107 et
250 4051 478 4107 Alamannorum
501 4053 687 4122 imperatoris
706 4053 809 4107 carneis
823 4054 900 4124 suis,
918 4071 953 4107 cx

120 4139 281 4211 improviso
298 4156 389 4211 super
404 4157 456 4196 eos
471 4140 600 4210 irruens,
613 4142 659 4196 die
669 4142 816 4196 dominica
827 4142 954 4212 Septua-

120 4230 361 4303 gesimae,iugato
373 4229 506 4300 Philippo
516 4230 788 4302 regeFraucorum,
800 4230 954 4285 Ernullum

120 4318 953 4388 nepotemsuumelWillelmumliliuruOsberuicomitem

122 4406 280 4463 Herelordi
288 4408 420 4477 peremit,
431 4411 460 4463 et
468 4407 566 4462 haedo
577 4424 668 4462 caasa
680 4408 848 4463 Flandriam
859 4424 953 4480 usque

121 4497 252 4551 adsuum
263 4496 374 4551 obitum
385 4497 528 4566 possedit.

438 4585 564 4640 CAPUT
578 4585 640 4640 XV.

124 4673 168 4729 De
190 4673 338 4729 Willelmo
352 4673 457 4728 cernite
471 4674 636 4731 Heret'ordi
651 4680 681 4729 ct
691 4675 880 4730 successione
891 4675 957 4747 ejus

159 4764 328 4818 l'raedictus
339 4765 436 4817 autom
448 4763 614 4818 Willelmus
623 4780 724 4819 comes
738 4764 892 4819 Hereiordi
902 4763 956 4818 luit

123 4851 171 4905 sir
198 4853 345 4907 honestus
374 4855 401 4906 ct
422 4854 545 4923 probus,
568 4857 596 4908 et
619 4853 824 4924 cognationem
847 4853 955 4907 dueum

123 4940 346 4997 Northmanniae
368 4957 425 4996 non
448 4942 543 4996 solum
568 4959 602 4997 ex
618 4945 700 5013 parte
725 4944 827 5012 patrie,
853 4957 955 4996 verum

122 5030 208 5086 etiam
225 5046 261 5084 ex
276 5033 358 5100 purte
371 5031 471 5084 matris
487 5031 645 5101 attingens.
659 5032 814 5085 Osbernus
830 5046 955 5101 namque

122 5122 204 5190 paler
214 5119 283 5190 ejus
294 5120 349 5173 luit
358 5119 436 5173 lilius
448 5119 577 5173 Herlusti
590 5120 690 5174 fratris
701 5119 850 5175 Gunnoris
862 5121 955 5174 comi-

121 5207 207 5262 tissae
230 5207 317 5278 primi
345 5207 483 5262 llichurdi
501 5207 586 5261 ducis
604 5208 825 5261 Norlhmanniae
842 5208 953 5262 uxoris.

123 5294 296 5350 blatervero
305 5294 360 5350 tuit
375 5294 433 5348 filia
442 5295 557 5350 llodullr
568 5295 683 5349 comitis
693 5295 888 5351 lamicensis
900 5295 956 5360 Qui

122 5382 274 5440 Rodulius
290 5382 383 5439 irater
396 5383 451 5437 tuit
463 5385 598 5438 uterinus
621 5383 761 5438 llichardi
772 5386 857 5439 ducis
870 5402 957 5455 supo-

121 5472 958 5529 riussemianimumautemidemwillelmusailelimm

120 5561 214 5619 liliam
224 5561 348 5635 Rogerii
362 5561 399 5617 de
410 5562 545 5632 Toeunio,
557 5576 592 5616 ox
604 5578 661 5634 qua
672 5563 857 5635 genuitduos
868 5563 956 5635 filice,

122 5648 304 5708 willelmum
320 5650 357 5707 de
371 5649 493 5706 Britolio
504 5649 556 5725 qui
567 5652 635 5724 post
645 5650 805 5707 decessum
818 5649 885 5727 ejus
897 5656 958 5711 tar-

1010 3626 1128 3681 semper
1148 3610 1261 3664 illudio
1278 3626 1332 3665 suo
1351 3609 1479 3664 dominio
1502 3611 1646 3665 hacteuus
1662 3610 1838 3677 habuerunt,

1010 3702 1132 3769 excepto
1155 3700 1231 3769 quod
1264 3698 1397 3753 seundus
1422 3698 1590 3754 ltichardus
1622 3700 1719 3769 ipsum
1743 3698 1843 3753 comiti

1009 3788 1169 3843 Godetrido
1186 3788 1270 3842 tratri
1279 3804 1334 3842 suo
1349 3787 1474 3842 naturali
1486 3787 1617 3857 dederat,
1627 3790 1657 3842 et
1670 3802 1771 3842 eomes
1780 3787 1845 3843 Gis·

1010 3875 1143 3932 lebertus
1159 3877 1237 3930 tilius
1253 3876 1321 3947 ejas
1335 3880 1404 3946 post
1418 3878 1515 3946 ipsum
1531 3876 1607 3931 idem
1619 3876 1772 3945 babuerat,
1788 3875 1842 3931 sed

1011 3966 1114 4020 eodem
1136 3965 1251 4034 occiso,
1268 3965 1304 4018 ad
1321 3964 1482 4019 dominium
1497 3965 1605 4019 ducum
1620 3965 1842 4020 Nortbmauniae

1011 4054 1195 4109 radicasti]
1214 4054 1351 4124 quonium
1364 4054 1513 4125 llogerius
1526 4054 1605 4109 illius
1615 4053 1756 4108 llicbardi
1765 4053 1842 4108 idem

1011 4141 1842 4212 castrumrepelobat,quiaavussuuscomesGislebertus

1011 4232 1147 4302 idipsam,
1158 4233 1236 4285 sieut
1245 4231 1271 4284 di
1279 4233 1357 4284 etum
1367 4234 1423 4298 est,
1434 4232 1516 4284 aulea
1527 4229 1712 4299 possederat,
1727 4229 1843 4285 ilobcr-

1011 4323 1059 4375 tus
1076 4335 1177 4375 comes
1196 4319 1325 4373 blelleuti
1347 4319 1425 4373 omni
1440 4318 1642 4389 inquietudine
1658 4332 1759 4372 carere
1774 4332 1844 4388 ges·

1010 4408 1098 4476 tiens,
1117 4408 1177 4478 egit
1188 4407 1263 4476 apud
1280 4407 1384 4461 ducem
1396 4406 1567 4475 llobertnm,
1579 4408 1611 4460 ut
1626 4405 1773 4477 quoddam
1780 4419 1843 4459 mu·

1012 4496 1151 4567 nicipium
1166 4500 1364 4565 nuncupatum
1373 4495 1627 4550 Humctumsitum
1639 4494 1668 4549 in
1677 4493 1843 4549 Constanti·

971 4565 1109 4640 Dniensi
1119 4585 1268 4653 comitatu,
1280 4585 1400 4639 daretur
1410 4585 1539 4656 Rogario
1550 4582 1611 4639 filio
1623 4582 1774 4652 Richardi,
1783 4597 1842 4637 non

1013 4675 1109 4729 solum
1121 4689 1175 4744 pro
1191 4674 1238 4727 illo
1248 4673 1392 4727 calumnia
1404 4672 1557 4743 sopienda,
1567 4688 1670 4728 verum
1689 4670 1775 4727 eliam
1790 4684 1843 4741 pro

1014 4764 1131 4818 minima
1141 4762 1275 4833 pecunias
1286 4778 1401 4817 summu
1411 4778 1500 4833 quam
1510 4761 1658 4833 liogarius
1668 4760 1724 4814 bac
1734 4759 1843 4815 decau-

1015 4852 1133 4906 seduci
1154 4853 1327 4906 contulerat.
1347 4852 1421 4905 Sunt
1446 4850 1631 4921 antiquorum
1654 4848 1772 4920 plurimi
1793 4848 1844 4920 qui

1015 4940 1113 4995 dicant
1128 4941 1206 5011 quod
1221 4940 1392 4995 llichardus
1407 4943 1489 5009 palor
1500 4938 1621 5011 llogerii
1633 4953 1686 5008 pro
1696 4937 1846 5009 repetitio-

1016 5044 1053 5084 ne
1066 5029 1202 5100 ejusdem
1217 5029 1307 5083 castri
1316 5028 1425 5083 dudum
1442 5028 1472 5082 in
1485 5027 1592 5099 Anglia
1602 5031 1757 5098 acceperat
1767 5028 1847 5098 oppi-

1017 5119 1085 5173 dum
1100 5117 1287 5189 Toueburge,
1297 5118 1468 5172 asserentes
1479 5116 1592 5171 leucam
1602 5116 1713 5172 lirionii
1728 5116 1846 5172 cumiu-

1017 5207 1116 5262 niculo
1131 5206 1242 5260 circum
1267 5207 1346 5260 circa
1369 5205 1465 5259 tuisse
1480 5208 1678 5261 mensuratam
1699 5205 1846 5263 eteoclem

1018 5296 1236 5367 tuncinbnglia
1245 5293 1652 5366 dolatc,leueamToneburge
1665 5294 1846 5350 tantumdem

1018 5384 1106 5454 spatii
1133 5385 1163 5437 in
1185 5383 1331 5437 metiendo
1355 5382 1680 5455 1·ocepissc,‡quantum
1702 5381 1846 5439 hactenus

1017 5473 1182 5528 Brionense
1197 5472 1354 5526 milliarum
1363 5471 1505 5540 probatur
1518 5472 1655 5529 retinere.

1052 5561 1177 5632 Accidit,
1193 5560 1614 5632 poetaliquantumtemporis,
1630 5566 1662 5617 ut
1676 5561 1800 5618 Goellus
1810 5559 1846 5614 de

1016 5649 1254 5710 arenant-ville
1268 5648 1419 5707 domiuum
1434 5666 1522 5709 suum
1538 5649 1717 5711 Willelmum
1727 5648 1766 5709 de
1780 5647 1848 5711 Bri-
