3900 6112
125 244 185 310 763
630 241 823 312 donanter
852 243 1150 320 CLUNIACENSIS
1171 257 1362 326 uronice!
1682 349 1686 353 ‚
1792 270 1836 338 itu

129 447 274 502 meu-arius
299 447 348 500 dat
361 447 487 518 adipem,
509 447 586 502 sicut
602 451 688 503 etiam
700 447 729 504 in
745 448 918 506 dormitorio
934 453 962 506 et
976 433 1006 497 Α
1019 469 1132 510 mansae
1145 471 1248 512 omnes
1262 458 1413 516 refectorii
1435 477 1471 517 ex
1486 464 1548 518 toto
1564 467 1635 519 sunt
1650 481 1719 521 eum
1734 482 1833 525 meneu-

128 534 155 588 in
172 535 258 592 domo
274 536 468 592 intirmorum.
1017 543 1098 598 tibus
1126 547 1345 616 cooperienda,
1369 551 1398 604 et
1421 549 1479 605 boc
1501 557 1548 608 est
1577 555 1699 624 quoties
1724 557 1832 614 universi

444 625 570 681 CAPUT
585 626 650 680 XX.
1018 631 1128 688 fratres
1152 634 1189 689 ad
1221 635 1365 707 majorem
1389 638 1513 695 missam
1535 640 1612 696 atbis
1635 641 1832 714 induuntur‚et

422 713 466 768 Ite
498 714 664 769 hortulano.
1016 720 1047 775 in
1072 721 1203 794 quinqua
1218 724 1381 782 Dominicis
1401 727 1546 799 (exeeptis
1566 746 1644 802 quas
1663 731 1726 803 jain
1745 733 1774 788 in
1791 736 1831 791 atio

163 800 199 855 Et
213 800 388 856 hortulanus
404 801 734 859 debeteelterarioesso
750 803 918 875 subjectus,
931 809 962 860 ut
1016 809 1082 864 loeo
1097 812 1258 882 nominavi)
1282 819 1310 869 et
1332 815 1362 869 in
1378 815 1489 886 vigiliis
1505 818 1637 891 quinque
1647 821 1830 893 principalium

126 890 237 960 siquid
254 888 387 944 fueritin
402 890 576 962 hortoquod
592 891 656 961 ipse
671 892 808 961 voluerit,
825 896 855 947 et
868 908 960 965 expe·
1015 897 1219 972 festivitatum,
1237 902 1265 956 in
1282 903 1391 974 quibus
1406 909 1435 959 et
1459 920 1578 977 semper
1597 910 1739 980 generale
1755 911 1829 969 datur.
1884 908 1886 943 ¹

127 977 192 1033 dire
204 979 321 1033 noverit
335 979 372 1033 ad
388 980 544 1034 servitium
566 980 704 1050 fratrum,
721 981 892 1036 obedienter
906 982 961 1037 ho·
1015 986 1047 1041 ln
1064 988 1212 1044 aliisvero
1227 990 1334 1045 diebus
1349 1008 1408 1047 aon
1424 993 1482 1047 nisi
1498 994 1629 1051 dimidiae
1645 1001 1756 1067 praeter
1769 1016 1829 1055 neu·

127 1067 195 1122 ineat
211 1068 247 1121 ab
263 1067 330 1136 ilio,
348 1072 376 1122 et
390 1069 455 1122 sine
479 1084 570 1123 mora.
591 1068 645 1123 Cui
670 1069 757 1123 etiarn
781 1069 858 1124 nullo
875 1071 961 1125 modo
1014 1090 1078 1129 sam
1093 1077 1287 1147 principalem
1311 1081 1530 1151 cooperiuntur,
1555 1088 1584 1140 et
1603 1086 1643 1139 ita
1658 1092 1692 1141 ut
1712 1103 1829 1144 necseu·

127 1160 175 1211 est
191 1170 368 1210 eoncessum
390 1158 538 1228 utcunque
555 1157 746 1212 meridianam
762 1173 890 1230 unquam
906 1159 961 1215 ho·
1016 1165 1093 1219 taliae
1106 1181 1161 1221 neo
1175 1165 1301 1237 justitiae
1312 1184 1403 1240 super
1413 1171 1556 1227 mensalia
1566 1178 1725 1243 ponantur.

128 1259 191 1297 ram
206 1244 373 1316 regularem
388 1245 494 1299 audeat
510 1246 718 1316 supersedere,
731 1247 789 1301 nisi
804 1248 960 1318 aliquando
1315 1292 1441 1350 CAPUT
1464 1296 1546 1351 xx„

129 1333 159 1388 in
176 1347 233 1387 uno
250 1333 297 1387 die
321 1333 348 1387 ei
368 1332 435 1389 talis
458 1333 626 1390 necessitas
649 1336 840 1401 remanendi;
861 1340 960 1391 tunca
1464 1332 1474 1351 ⁴

127 1421 226 1492 priore
241 1421 389 1476 licentiam
405 1423 520 1493 querit.
1264 1397 1308 1455 ⁰⁰
1323 1401 1445 1457 ⁰⁰⁸²⁰d⁶
1464 1403 1599 1476 ²¹⁰⁸P¹⁸²¹⁶¹3

443 1509 569 1566 CAPUT
584 1511 664 1566 xxl.
1049 1518 1192 1590 Hospites
1208 1522 1259 1592 qui
1277 1529 1347 1579 sunt
1359 1527 1518 1598 peregrini,
1531 1527 1579 1582 vol
1589 1528 1642 1600 qui
1653 1545 1713 1584 non
1725 1547 1773 1600 pro
1786 1532 1832 1586 aliu

408 1617 451 1671 De
462 1616 670 1672 refectorario,
1014 1623 1104 1663 causa
1120 1625 1207 1680 quarn
1230 1612 1392 1668 animarum
1413 1629 1533 1670 suarum
1550 1617 1721 1689 adveniunt,
1744 1624 1834 1675 eustos

159 1704 204 1760 Ad
219 1704 407 1760 refectorium
422 1710 491 1760 sunt
510 1705 576 1760 duae
592 1707 702 1776 clavas,
719 1722 843 1776 quarum
867 1723 955 1762 unam
974 1690 998 1752 13
1013 1697 1133 1768 hospitii
1150 1702 1309 1755 cumomni
1327 1703 1431 1772 recipit
1441 1702 1633 1776 benignitate.
1644 1705 1789 1780 Quidquid
1797 1710 1837 1763 eis

124 1808 245 1865 semper
259 1793 348 1847 babet
364 1793 548 1864 cellerarius,
566 1799 607 1863 ut,
626 1794 651 1847 si
665 1795 740 1849 forte
757 1796 914 1868 eontigerit
928 1797 960 1851 ut
1013 1801 1089 1856 ⁰9⁰⁸
1106 1787 1195 1842 suerii
1217 1805 1233 1843 ⁸
1259 1789 1412 1847 cflitrinio
1435 1793 1553 1864 (tuterit,
1579 1798 1608 1848 et
1630 1795 1656 1850 εἰ
1674 1796 1837 1853 cellerarius

125 1882 233 1953 aliquis
256 1881 347 1935 frater
368 1882 404 1935 nd
428 1883 621 1937 meridianam
645 1883 691 1938 vel
711 1887 778 1954 post
798 1885 958 1954 completo.
1013 1874 1839 1956 fortenontuabuerit,quaeritocamerarioutabsqueonu·

125 1970 204 2024 rium
219 1970 422 2040 superveniat,
439 1973 536 2040 possit
551 1971 795 2027 eihumauitatem
807 1974 957 2029 exhibere.
1012 1963 1238 2021 flifltssssffliiffllfl
1249 1972 1443 2038 0⁰mP³f⁰¹¹¹f=
1453 1969 1523 2040 Sed,
1534 1972 1839 2042 ”ipfimumdietmdf

126 2057 198 2113 Item
214 2062 371 2129 postquam
387 2062 469 2129 prior
484 2063 513 2114 et
526 2077 628 2116 omnes
645 2077 679 2116 sn
695 2061 913 2133 collocaverint,
931 2063 957 2117 si
1011 2053 1149 2122 personis
1161 2054 1512 2130 hujusvitaehttbiiusqtte
1523 2061 1627 2130 nostri,
1638 2061 1840 2135 Siaiiqtfistb·

124 2147 192 2218 quis
208 2163 260 2218 pro
276 2148 373 2218 aliqua
389 2164 479 2203 causa
497 2150 720 2220 completorium
738 2151 868 2205 nondum
885 2168 957 2207 ean.
1011 2141 1065 2196 bas
1081 2143 1127 2197 vet
1143 2143 1373 2214 etiamprivatus
1384 2148 1596 2203 monaehusde
1607 2149 1842 2224 longinquoioeo

104 2277 106 2280 .
122 2235 204 2305 tavit,
218 2235 365 2307 talemque
377 2237 455 2291 sitim
468 2253 631 2310 perpessus
642 2239 740 2307 fuerit,
757 2256 824 2294 eum
840 2240 957 2295 licentia
1010 2231 1172 2302 advenerit,
1185 2237 1277 2288 etnon
1288 2234 1451 2291 benenovit
1461 2236 1594 2292 ordinem
1606 2244 1755 2311 nostrum,
1768 2240 1852 2296 buna

123 2324 268 2380 cellerarii
284 2326 387 2381 bibere
402 2329 500 2396 potest
510 2342 516 2397 3
526 2331 555 2382 at
570 2329 595 2382 si
612 2332 674 2382 emt
695 2329 770 2383 infra
790 2332 873 2399 septa
892 2345 957 2385 mo.
1010 2319 1122 2375 inducit
1133 2321 1163 2375 in
1175 2321 1351 2393 claustrum,
1363 2324 1415 2379 sed
1428 2325 1511 2394 prius
1522 2327 1549 2381 ei
1558 2327 1710 2383 humiliter
1718 2331 1862 2386 ostendit·-

122 2414 256 2485 angrarii,
279 2415 315 2469 nd
330 2431 473 2485 vesperas
488 2416 579 2486 bibat,
596 2422 628 2472 ut
641 2418 750 2472 dictum
765 2421 821 2486 est,
839 2420 866 2473 si
882 2434 957 2489 opus
1010 2407 1046 2462 de
1063 2409 1276 2466 consuetudine
1288 2415 1403 2483 nostru,
1416 2414 1531 2471 scilieet
1545 2419 1586 2485 ut,
1602 2417 1628 2472 si
1644 2418 1673 2471 ei
1688 2418 1863 2487 placatiu-

122 2501 279 2572 hnhu0r1t3
295 2504 349 2558 sed
365 2508 396 2559 ut
415 2504 484 2575 quid
501 2506 636 2560 comedat
651 2511 719 2577 post
735 2508 956 2577 completorium
1009 2499 1669 2575 traturuseeclesiamadtimenveniampetat,
1681 2510 1875 2577 etproster-

123 2590 204 2644 nulla
223 2606 353 2662 unquam
375 2592 488 2648 ratione
512 2594 651 2665 cuiquam
674 2593 755 2649 fratri
779 2596 957 2666 permittitur
1009 2587 1058 2639 1¹³²
1074 2600 1108 2640 ΒΘ
1123 2587 1159 2642 &tl
1171 2589 1343 2658 ⁰¹*flii0ss0fflv
1355 2591 1438 2645 eliam
1446 2591 1479 2656 ,δί
1492 2592 1556 2648 dies
1567 2593 1883 2651 esisesius·fudhoe-

121 2678 272 2733 incolumi.
1009 2677 1053 2729 ret
1068 2675 1228 2749 eijugiter,
1245 2682 1275 2733 at
1297 2683 1440 2734 monstrat
1453 2680 1483 2734 in
1508 2682 1618 2752 quibus
1645 2683 1723 2739 locis
1739 2684 1874 2739 debeat

159 2768 382 2823 Refectorarius
393 2784 464 2824 vero
476 2769 564 2824 habet
574 2771 631 2825 sub
643 2788 676 2826 se
687 2773 953 2843 tresaliosfratres,
1009 2778 1105 2829 orer&
1118 2765 1254 2835 primoud
1265 2767 1401 2823 Sanctam
1417 2767 1552 2839 Crucem,
1562 2771 1590 2824 in
1607 2772 1743 2827 choroud
1755 2773 1874 2828 auaro

121 2855 172 2927 qui
188 2857 316 2926 primum
341 2858 419 2912 omni
436 2859 482 2913 die
497 2863 565 2929 post
579 2860 737 2930 capitulum
752 2861 849 2916 suatim
871 2877 955 2915 men.
1007 2852 1179 2923 principata,
1196 2855 1231 2910 ad
1240 2854 1376 2911 Sanctam
1387 2857 1596 2927 Mariam;aut,
1604 2860 1631 2914 si
1647 2861 1879 2917 ecclesianam

120 2945 194 3000 salin
209 2948 330 3016 ponunt,
356 2947 472 3002 Ponant
487 2948 654 3003 cochlearia
678 2953 706 3004 et
722 2964 828 3021 panes,
845 2951 910 3022 qui,
928 2951 955 3004 si
970 2958 995 3020 0
1009 2944 1055 2996 est
1068 2941 1179 3009 clausa,
1198 2948 1225 2998 et
1244 2944 1324 3000 intus
1339 2950 1409 3001 sunt
1428 2947 1517 3019 aliqui
1540 2950 1716 3019 populares,
1732 2953 1880 3006 tantun:

119 3034 180 3089 sint
193 3034 406 3106 aliquantulum
422 3037 560 3105 ambusti,
574 3038 609 3093 ad
625 3038 682 3093 hoe
693 3038 802 3093 habent
818 3039 953 3095 cultellos
1008 3031 1044 3085 ud
1061 3031 1151 3086 aliam
1166 3032 1196 3087 S·
1222 3033 1357 3103 munis,
1374 3036 1452 3105 q¹¹⁰d
1477 3041 1524 3091 esi
1544 3037 1573 3092 in
1590 3039 1725 3094 m⁰mbr0
1741 3039 1886 3095 doxtrt‘

118 3124 229 3194 quibus
243 3138 296 3179 eos
313 3125 424 3192 radant,
443 3129 472 3181 et
486 3126 521 3181 ad
537 3127 594 3182 hoc
608 3129 761 3199 mappulas
778 3144 852 3199 quas
871 3130 954 3199 priua
1008 3119 1155 3190 eeclesia,
1173 3122 1202 3175 at
1223 3122 1259 3176 ad
1276 3121 1306 3178 S.
1323 3123 1455 3180 Mariam.
1481 3126 1553 3181 Cum
1569 3129 1690 3181 ventum
1705 3127 1794 3184 fuerit
1806 3125 1876 3183 ud

117 3211 154 3266 ad
171 3212 523 3286 collumsuspendunt,ut
537 3216 666 3271 radendo
681 3218 766 3288 ipsos
782 3232 874 3287 panes
888 3233 954 3287 pos·
1007 3207 1110 3264 horam
1125 3210 1288 3281 reficiendi,
1305 3212 1489 3268 tibbttssedei
1499 3214 1535 3268 ild
1549 3230 1685 3270 mensam
1697 3219 1882 3288 principa·

117 3301 177 3356 sint
191 3302 316 3357 honeste
335 3306 436 3359 contra
451 3309 556 3374 pectus
572 3305 726 3360 reclinare.
744 3306 834 3361 Lecto
850 3307 952 3361 missae
1006 3298 1624 3375 lem,nontamenadsuiiiam,pu·oeoquod,
1636 3308 1773 3377 utsupra
1783 3322 1827 3362 me
1840 3333 1875 3345 -

116 3388 241 3460 majoris
253 3389 417 3463 Evangelio
432 3396 587 3462 apportant
601 3394 806 3463 viuumutper
816 3393 952 3464 justitias
1004 3389 1086 3458 mini,
1102 3404 1161 3444 non
1184 3392 1230 3444 est
1247 3390 1380 3445 eruditus
1401 3393 1496 3446 nostri
1511 3392 1636 3448 ordinis.
1663 3393 1695 3448 ln
1711 3396 1871 3451 eeclesia

116 3475 173 3545 (10)
195 3480 376 3548 partiantur;
409 3494 514 3533 verum
541 3480 683 3552 quidquid
712 3483 950 3554 apportaverint,
1005 3492 1075 3531 vero
1099 3477 1231 3533 defertur
1250 3479 1277 3532 ei
1294 3482 1324 3533 ut
1339 3478 1388 3533 det
1401 3479 1525 3535 lecturis
1539 3480 1791 3553 benedictionem,
1811 3485 1877 3539 et

116 3563 258 3636 quidquid
274 3567 332 3621 tale
347 3568 481 3636 fecerint,
498 3583 617 3638 semper
640 3572 736 3623 tamen
754 3570 781 3624 id
797 3575 902 3625 cavent
919 3576 949 3627 ut
1003 3571 1091 3635 ponat
1106 3568 1260 3621 incensum
1275 3567 1304 3620 in
1320 3567 1480 3623 thuribulo.
1493 3569 1561 3624 nasi
1578 3586 1612 3624 ea
1628 3570 1876 3643 supervenerit

116 3652 216 3707 nutius
232 3653 360 3711 famulus
376 3655 555 3727 proittorum
570 3658 740 3713 invitatione
751 3659 780 3712 ia
792 3660 949 3715 refectorio
1004 3654 1873 3727 horasqueservitoresjamadreficiendumconsederunt,

115 3748 293 3812 compareat.
307 3743 424 3808 Quodsi
442 3746 557 3800 duabus
567 3747 683 3802 vicibus
697 3748 870 3819 comeditur,
882 3754 949 3820 post
1003 3748 1072 3799 tunc
1088 3759 1146 3800 non
1161 3743 1245 3799 sedet
1260 3745 1296 3798 td
1312 3760 1443 3799 mensem
1460 3746 1665 3817 principalem,
1678 3754 1873 3805 becumen

114 3846 259 3901 vesperas
274 3833 326 3904 qui
341 3834 446 3889 libram
460 3850 544 3889 snam
561 3838 649 3889 totam
666 3838 852 3891 manducavit
867 3841 895 3892 et
910 3839 949 3892 vi·
1001 3834 1073 3905 petit
1088 3833 1406 3888 licentiumcomedenti
1417 3834 1454 3889 ad
1466 3835 1591 3907 gradum
1601 3836 1639 3890 ab
1651 3853 1686 3892 eo
1697 3834 1871 3910 quisede!

115 3936 185 3976 num
205 3924 393 3993 compotavit,
412 3923 522 3978 ritune
542 3926 698 3996 apponitur
716 3926 835 3980 dimidiu
851 3927 947 3998 libra,
1001 3921 1036 3977 ad
1049 3922 1175 3990 seitinm,
1189 3922 1335 3992 sieutatii,
1350 3923 1403 3978 sed
1421 3927 1532 3978 tantum
1549 3924 1619 3980 dicit
1634 3941 1759 3982 versum
1773 3930 1868 3982 auae

114 4008 168 4063 sad
184 4008 220 4063 de
231 4007 347 4081 justitia
362 4011 435 4065 nihil
451 4013 600 4082 minuitur,
616 4029 682 4085 quae
698 4015 726 4068 et
740 4029 775 4068 ea
788 4014 854 4069 viee
869 4029 946 4069 sem·
1000 4011 1129 4065 tabulam
1145 4011 1180 4065 ad
1196 4026 1283 4082 quam
1299 4014 1346 4066 est
1356 4027 1511 4068 sessurus.
1528 4013 1563 4068 Et
1579 4014 1774 4086 quinturdius
1789 4029 1865 4070 aa·

113 4112 169 4167 per
183 4100 230 4152 est
245 4098 349 4153 danda.
366 4099 449 4164 Quod
472 4101 498 4154 si
518 4100 675 4172 aliquando
690 4101 786 4157 denuo
801 4117 860 4158 non
875 4103 945 4157 reti·
1001 4099 1052 4166 nit,
1069 4101 1266 4155 servitoribus
1281 4101 1490 4156 recedentibus
1506 4103 1570 4172 ipse
1584 4108 1730 4173 remanet,
1749 4109 1777 4161 et
1791 4118 1861 4159 ae-

112 4186 202 4256 eiunt,
215 4190 311 4242 tamen
327 4188 423 4243 denuo
440 4189 541 4245 bibero
557 4206 706 4261 nunquam
723 4191 868 4246 omittunt.
882 4191 945 4246 Hoc
1001 4190 1259 4244 cundurnversum
1271 4189 1460 4245 finitibidem.
1476 4191 1507 4246 Si
1517 4191 1691 4247 societatem
1704 4197 1856 4249 nostram

111 4280 158 4331 est
172 4278 270 4331 autem
291 4278 369 4349 quod
385 4279 555 4348 specialiter
578 4280 704 4350 pertinet
722 4279 760 4334 ad
781 4280 943 4335 refectora—
958 4252 986 4313 D
1002 4278 1169 4348 quaesierit,
1189 4280 1344 4349 postquam
1361 4279 1540 4350 disputatum
1556 4280 1645 4336 fuerit
1663 4282 1691 4335 in
1708 4282 1852 4353 capituto

110 4364 188 4419 rium
204 4365 357 4437 majorem.
373 4366 494 4432 Quoties
510 4369 692 4440 pigmentum
708 4369 802 4439 datur,
813 4369 945 4441 ipsemo-
999 4367 1034 4421 de
1051 4367 1152 4421 ordine
1163 4371 1265 4422 nostro
1275 4371 1415 4438 quantum
1426 4369 1517 4437 priori
1527 4369 1848 4440 nostrovideturmit·

96 4453 199 4509 ‹diotis
215 4454 351 4524 infundit,
368 4455 432 4525 ipse
449 4455 563 4510 seillam
577 4456 685 4526 puisat,
697 4473 764 4528 quae
779 4457 814 4511 ad
831 4457 945 4512 hocso·
998 4461 1075 4511 tetur
1090 4472 1142 4527 pro
1152 4472 1197 4512 eo.
1210 4456 1346 4511 Venienti
1360 4457 1495 4529 assurgit
1505 4462 1681 4528 conventus,
1698 4461 1772 4531 petit
1786 4472 1846 4513 re·

111 4541 171 4597 tum
185 4544 215 4597 in
230 4545 414 4598 extremitate
434 4544 585 4599 refectorii
608 4546 729 4616 pendat,
745 4561 813 4617 quae
827 4547 944 4601 etiamsi
997 4545 1074 4599 niam
1087 4561 1139 4615 pro
1157 4546 1219 4615 ipsa
1231 4546 1382 4616 societate,
1395 4550 1423 4600 et
1440 4546 1545 4618 recipit
1561 4563 1629 4601 eum
1640 4547 1730 4617 fibro,
1744 4565 1841 4622 roga‘

110 4632 248 4702 pulsatur
264 4632 300 4686 ad
316 4631 550 4688 benedictionem
567 4633 747 4705 pigmentiiu
764 4634 893 4705 quotibet
903 4634 945 4689 fe·
996 4636 1046 4687 tur
1061 4637 1091 4689 ut
1111 4634 1223 4698 sedeat,
1249 4649 1303 4688 nee
1319 4633 1495 4705 permittitur
1519 4638 1549 4689 ut
1572 4635 1701 4706 amplius
1717 4639 1838 4694 veniam

110 4720 238 4775 stivitato
262 4726 290 4776 et
314 4720 344 4775 in
369 4721 501 4792 quolibet
524 4722 738 4792 anniuersario,
754 4728 823 4777 tunc
847 4727 943 4778 tumen
997 4726 1084 4792 petat.
1101 4723 1181 4778 Socii
1196 4738 1267 4778 vero
1283 4722 1350 4794 ejus
1376 4728 1476 4778 ternas
1491 4727 1593 4795 petunt
1606 4725 1726 4797 venias,
1743 4735 1835 4799 super

109 4824 167 4864 non
184 4810 329 4881 pulsatur,
346 4810 372 4865 si
390 4811 573 4890 pigmentum
588 4810 688 4880 datur,
704 4811 750 4866 vel
766 4827 819 4882 pro
835 4812 943 4868 domno
996 4827 1102 4867 manus
1118 4816 1147 4866 et
1157 4828 1253 4884 genua
1263 4815 1365 4866 uontm
1374 4813 1513 4883 priorem,
1526 4811 1562 4867 ad
1571 4812 1738 4887 dexteram,
1753 4819 1782 4871 et
1795 4809 1831 4870 ad

108 4898 214 4954 abbate
228 4899 265 4954 de
281 4899 327 4953 via
342 4899 489 4969 veniente,
505 4899 553 4955 vel
568 4899 604 4954 de
621 4899 707 4954 domo
720 4900 942 4956 infirmorumin
995 4901 1148 4955 sinistram
1163 4901 1335 4956 fratribuse
1352 4905 1453 4955 eontra
1465 4901 1687 4959 inclinantibus.
1699 4905 1739 4960 At
1753 4900 1828 4960 eiust

108 4991 286 5044 conventum
300 4989 452 5058 redeunte,
469 4990 515 5044 vot
539 5005 591 5060 pro
611 4988 737 5044 adventu
759 4989 878 5059 prioris,
895 4992 942 5046 vel
994 4990 1062 5043 tulis
1073 4989 1160 5045 homo
1171 4990 1221 5060 qui
1233 5004 1299 5044 cum
1313 4991 1508 5059 processione
1527 4990 1698 5061 recipiatur,
1716 4989 1824 5047 siresit

107 5090 161 5146 pro
177 5080 323 5132 sententia
338 5077 494 5149 cellerarii,
511 5078 558 5134 vel
574 5079 600 5132 si
616 5078 771 5150 quisalius
787 5078 941 5135 familiaris
994 5078 1392 5149 professionisnostrae,sive
1403 5078 1680 5150 deatia,postquam
1690 5086 1821 5154 reseptos

108 5165 249 5235 impendit
264 5168 308 5222 eis
331 5168 513 5224 charitatem.
540 5169 610 5223 Item
627 5169 663 5223 ud
687 5185 753 5224 aum
769 5170 895 5240 pertinet
910 5171 941 5224 ut
994 5166 1093 5236 fuerit,
1114 5166 1225 5238 legitur
1239 5170 1305 5221 ante
1320 5166 1403 5222 iilum
1417 5166 1528 5239 aliquid
1543 5168 1580 5223 de
1593 5170 1705 5243 pagina
1720 5171 1818 5226 diviua.

108 5253 187 5308 omni
204 5254 251 5309 die
267 5254 428 5328 Dominica,
445 5260 473 5313 et
488 5257 567 5313 omni
583 5275 601 5312 v
616 5257 699 5327 feria,
714 5260 805 5313 mutet
820 5258 869 5312 illu
884 5259 939 5312 tria
991 5254 1076 5321 Quod
1092 5256 1172 5310 siest
1184 5255 1300 5311 ordinis
1311 5255 1469 5326 clericalis,
1479 5259 1509 5311 et
1523 5256 1550 5311 si
1561 5257 1681 5313 videtur
1693 5262 1727 5314 ut
1737 5272 1819 5316 come

108 5342 302 5414 manutergia,
328 5359 394 5414 quiae
419 5346 448 5400 in
470 5346 599 5403 claustro
618 5345 732 5418 jugiter
754 5346 881 5417 pendent
902 5345 938 5400 ad
993 5344 1041 5398 dat
1051 5345 1080 5399 in
1090 5344 1257 5414 refectorio,
1270 5344 1401 5400 habitum
1421 5361 1539 5419 quoque
1552 5344 1816 5404 clericalemindui·

106 5429 267 5502 tergendus
284 5447 399 5486 nunnus.
420 5433 492 5489 Item
516 5439 547 5490 ut
562 5436 636 5490 sciat
651 5436 682 5490 in
698 5435 807 5507 quibus
832 5435 938 5490 diebus
991 5433 1212 5489 tunddductus
1228 5434 1264 5488 ad
1284 5434 1392 5489 ostium
1403 5433 1536 5504 claustri,
1548 5439 1715 5507 exspectat,
1733 5452 1816 5511 usque

142 5572 198 5643 (10)
209 5570 540 5654 Perjustitiasjustitia
554 5577 602 5632 hic
618 5578 937 5647 sumiturprovaseulo
993 5576 1145 5658 scriptam,
1160 5576 1229 5634 iude
1244 5576 1392 5648 ejusmodi
1417 5576 1555 5649 poculum
1569 5577 1698 5650 justitiae
1719 5596 1817 5638 nomeu

107 5644 172 5701 sive
184 5646 291 5719 poculo
307 5645 472 5702 continente
492 5663 663 5704 mensuram
683 5647 842 5722 unicuique
858 5664 935 5720 prce·
992 5651 1126 5702 sortitum
1143 5653 1200 5704 est.
