3900 6112
815 242 1014 306 VICTORIS
1035 242 1079 307 ΙΙΙ
1101 243 1240 309 PAPAE.
1725 296 1730 303 .
1828 243 1883 307 9⁴36

61 329 73 346 ,
157 251 216 318 aaa

160 459 307 514 allocutus
324 458 371 511 est
382 471 388 510 :
401 453 538 520 Efficere,
549 451 652 523 inquit,
663 466 763 521 opnor
773 467 810 506 ex
819 452 878 506 toto
896 466 992 519 meus,
1008 431 1038 492 Α
1050 451 1104 519 ris,
1121 451 1357 508 misericordiam
1372 452 1490 509 Domini
1497 453 1732 526 lacrymabiliter
1739 453 1881 523 postulan-

160 552 188 603 et
200 562 258 602 una
273 560 388 600 mecum
403 542 439 597 ad
452 541 543 611 hujus
558 541 685 611 proximi
701 540 831 594 fluminis
843 555 925 594 oram
941 556 988 594 ac·
1051 530 1107 608 tea,
1122 544 1321 610 prosternunt,
1338 541 1440 613 ibique
1451 543 1600 598 obsessus
1615 542 1881 598 vehementerlati·

161 636 249 704 cede,
266 634 366 704 ibique
382 631 446 685 auri
461 634 489 684 et
511 629 627 701 argenti
651 645 788 700 magnam
812 630 927 698 copiam
941 628 996 682 tibi
1051 634 1139 699 gatus
1155 629 1345 684 obdormivit.
1362 631 1457 702 Igitur
1472 631 1541 686 dum
1556 632 1602 687 sic
1617 631 1723 687 lessus
1738 631 1881 686 dormiens

162 723 301 791 tribuam,
314 722 414 775 utnon
426 718 584 790 liguis,sed
596 734 667 771 auro
680 720 862 789 argentoque
876 717 996 772 domum
1046 717 1171 787 jaceret,
1189 719 1299 789 aperiri
1314 718 1370 772 sibi
1388 719 1487 774 subito
1499 721 1616 775 alatere
1632 719 1732 775 visum
1744 722 1800 785 est,
1813 719 1881 774 iade-

163 809 630 877 revertarisonustusqualeans,
641 806 710 859 dum
722 806 919 875 superfueris,
930 822 994 860 om·
1049 821 1107 876 que
1122 808 1168 861 vir
1182 807 1350 863 clarissimo
1365 811 1488 878 aspectu
1505 807 1883 879 candidoqueamictusba·

164 915 219 955 aes
234 897 416 968 propinquos
431 895 606 965 vicinosque
624 897 690 948 tuos
706 894 816 948 divitiis
832 894 995 963 excellens,
1048 894 1111 949 hita
1127 896 1303 965 procedens,
1321 894 1389 967 ejus
1406 897 1516 965 alvum,
1531 900 1698 967 pectusque
1710 896 1762 951 diu
1774 898 1882 950 contre-

165 987 303 1043 nobiliter
317 984 496 1039 deliciosiori
512 984 570 1037 vita
586 983 695 1037 lruaris
711 983 740 1036 in
756 983 854 1037 terrie.
864 976 996 1038 Haecau-
1050 986 1144 1053 ctans,
1158 985 1196 1052 ci,
1212 988 1243 1038 ut
1259 988 1397 1057 surgeret
1411 1001 1446 1040 ae
1463 986 1641 1055 discederet,
1656 986 1823 1055 imperavit.
1833 985 1883 1050 Qui

164 1082 221 1133 tom
238 1076 263 1129 ei
273 1075 411 1145 antiquus
421 1072 516 1127 bostis
529 1087 586 1125 non
595 1071 660 1125 idco
669 1071 878 1141 persuadebat,
890 1076 996 1143 ulqum
1048 1087 1117 1125 mox
1132 1073 1373 1144 expergefaetus,
1387 1075 1426 1128 ita
1437 1090 1531 1128 sanus
1542 1073 1674 1128 surrexit
1684 1077 1719 1127 ut
1728 1074 1881 1128 daemoaia·

165 1164 359 1235 pollicebatur
374 1162 525 1229 tribueret,
540 1160 593 1214 sed
610 1161 721 1229 utjeum
735 1176 874 1231 mergens
890 1176 997 1216 necare
1050 1176 1113 1214 cam
1130 1161 1348 1217 infestationem
1363 1163 1393 1216 in
1409 1178 1442 1217 so
1457 1162 1582 1218 ulterius
1594 1178 1653 1216 non
1667 1164 1802 1217 sentiret.
1818 1162 1881 1217 ileo

164 1255 267 1323 posset
282 1252 311 1304 in
327 1251 457 1304 llumine.
470 1251 599 1319 Atpuer,
615 1249 755 1319 frequens
768 1248 878 1303 ChrIsti
891 1264 997 1304 nomen
1050 1250 1146 1303 omnia
1162 1266 1215 1319 per
1229 1250 1374 1317 ordinem,
1386 1265 1423 1305 ex
1435 1266 1487 1305 ore
1504 1250 1600 1320 ipsius
1610 1251 1707 1321 pueri,
1720 1251 1880 1321 qnipassus

165 1343 318 1406 invocans,
337 1339 435 1393 erucis
451 1352 484 1391 sc
500 1338 636 1392 studebat
651 1337 764 1391 munire
773 1337 997 1409 signaculo;lle·
1052 1336 1158 1406 luerat,
1176 1337 1407 1408 lacrymabiliter
1421 1338 1592 1406 referentis,
1617 1339 1730 1393 audivi.

165 1429 276 1500 bilique
291 1443 364 1482 voce
381 1426 447 1481 talia
463 1442 609 1496 responsa
625 1426 766 1480 reddebat
782 1441 788 1479 :
806 1426 893 1480 Absit
908 1443 924 1480 a
939 1442 996 1496 me,
1092 1424 1279 1497 Theophilus
1296 1426 1369 1481 Haec
1384 1442 1451 1497 quae
1466 1441 1558 1495 puero
1582 1427 1751 1499 contigisse
1774 1442 1877 1496 narras,

164 1518 251 1587 absit,
267 1520 297 1571 ut
312 1515 440 1587 aiicujus
455 1515 614 1586 aliquando
631 1515 745 1569 efficiar
758 1514 900 1584 tamuluS,
927 1515 997 1585 nisi,
1052 1514 1137 1568 valde
1154 1513 1296 1582 admiror,
1319 1516 1407 1584 atquo
1430 1514 1466 1568 ad
1482 1515 1693 1586 omnipotentis
1713 1515 1878 1586 DeiJudieie

164 1608 214 1679 qui
229 1606 408 1675 mcerearit,
425 1603 635 1673 omnipotentis
648 1603 712 1674 Dei,
733 1608 761 1657 et
777 1604 827 1673 qui
845 1619 891 1658 me
906 1618 999 1675 genc-
1051 1605 1182 1657 tremens
1211 1605 1361 1671 stupesco,
1393 1603 1781 1674 curillum,quiuaacum
1808 1607 1876 1674 patre

164 1696 250 1764 ravit,
268 1694 359 1764 patris
380 1691 525 1746 mei.Cum
541 1693 638 1761 itaque
662 1691 767 1745 iterum
787 1694 875 1761 atquo
894 1692 999 1745 iterum
1052 1691 1242 1745 testivitatem
1252 1690 1697 1759 B.Nicolaidevotccelebrans,
1709 1693 1875 1746 communio
1913 1708 1916 1715 ·

165 1784 286 1855 signum
302 1782 407 1837 salutis
423 1781 480 1834 sibi
492 1788 661 1850 apponeret,
678 1780 802 1848 (lacman,
813 1780 861 1851 qui
877 1779 999 1834 videba—
1053 1794 1120 1832 nem
1137 1779 1282 1834 Dominici
1307 1781 1443 1849 corporis
1458 1784 1487 1835 et
1501 1781 1659 1852 sanguinis
1675 1782 1815 1852 percepit,
1828 1781 1873 1835 im·

164 1877 221 1939 tur,
237 1872 267 1924 in
283 1870 378 1925 undas
394 1868 509 1922 vicinas
526 1867 657 1920 lluminis
676 1867 743 1920 inde
754 1882 788 1921 se
804 1868 997 1938 submovens,
1052 1868 1161 1922 mundo
1177 1868 1296 1938 spiritui
1312 1869 1483 1938 mancipare
1498 1869 1679 1939 permiserit.

164 1975 271 2030 magno
285 1957 528 2026 eumstrepitusa
541 1956 654 2024 mersit,
666 1955 765 2026 ibique
775 1956 997 2027 serpentumsi·
1089 1956 1276 2012 Desiderius.
1293 1956 1324 2011 Si
1338 1957 1558 2013 animadvertas
1572 1959 1673 2030 utique
1690 1964 1871 2030 quantumpa

161 2046 266 2117 hilare,
282 2047 433 2102 asinorum
450 2046 567 2113 rudere,
584 2045 698 2115 mugire
715 2049 877 2113 taurorum,
894 2044 997 2116 rugire
1053 2044 1189 2099 rentibus
1207 2060 1265 2099 non
1281 2044 1403 2100 obedire
1419 2045 1558 2100 delictum
1582 2047 1632 2109 sit,
1655 2062 1725 2101 eum
1740 2046 1871 2116 Scriptum

162 2135 280 2190 leonum
298 2150 380 2189 more
396 2135 491 2204 caepit,
509 2138 595 2204 atque
610 2136 720 2186 tantum
735 2133 869 2189 timorem
880 2133 995 2188 misello
1010 2096 1038 2162 B
1053 2132 1130 2186 dicat
1147 2149 1153 2185 :
1170 2132 1288 2188 Honora
1301 2140 1418 2204 patrem
1434 2140 1511 2187 tuum
1523 2140 1553 2188 et
1563 2140 1691 2189 matrem
1704 2141 1791 2204 tuam,
1803 2133 1871 2188 alais

162 2224 299 2294 incussit,
316 2228 347 2278 ut
368 2226 424 2277 tota
440 2223 498 2277 sibi
514 2222 589 2276 silva
606 2223 696 2275 rotari
713 2222 741 2275 in
763 2222 936 2293 vertiginem
954 2224 996 2277 vi·
1051 2221 1871 2293 lonpuvnssuperteuam(uuonan,tuguriunculo

162 2314 290 2368 deretur.
307 2313 438 2383 Cumque
454 2313 483 2365 in
498 2315 575 2365 terra
591 2311 653 2365 iere
666 2310 780 2381 jaceret
795 2312 950 2379 exanimis,
968 2315 996 2368 et
1051 2315 1099 2364 est
1114 2309 1238 2366 obedire
1255 2328 1337 2382 quam
1353 2310 1536 2380 sacriheare,
1558 2317 1588 2366 et
1604 2311 1784 2381 auscultare,
1793 2312 1870 2383 aragia

161 2401 230 2472 quid
249 2399 483 2472 ageretpenitus
511 2397 670 2470 ignoraret,
688 2413 757 2451 ccco
787 2397 885 2452 subito
902 2414 996 2452 senex
1052 2398 1548 2471 qulamollerrcadipcmarietum,
1567 2401 1703 2472 quoniam
1722 2402 1869 2473 quasipce·

162 2490 277 2543 mitrato
293 2488 398 2558 eapite,
416 2487 569 2554 candidae,
588 2486 708 2539 indutus
720 2486 805 2555 stola,
821 2487 878 2540 sibi
894 2491 996 2543 astans
1050 2495 1145 2542 catum
1161 2488 1310 2543 ariolandi
1316 2495 1372 2559 est,
1394 2505 1573 2561 repugnare,
1585 2495 1616 2543 et
1628 2489 1868 2562 quasiseelusidu·

161 2577 306 2648 apparuit,
324 2581 351 2631 et
367 2577 462 2647 inquit
476 2575 512 2628 ad
529 2590 595 2629 aum
609 2575 700 2638 :Quid
717 2575 765 2628 bic
785 2575 863 2646 agis,
885 2591 952 2628 curu
963 2591 996 2629 se
1049 2578 1190 2646 lolatrioe,
1202 2578 1279 2633 nolle
1288 2578 1516 2651 acquiesceret!
1520 2579 1594 2650 lieu.
1606 2576 1800 2650 avanulum
1808 2578 1869 2633 Salo

157 2665 220 2737 jam
235 2666 308 2719 hora
323 2663 602 2733 tardiorprotrabat,
621 2665 649 2717 et
664 2663 872 2717 recedentibus
880 2665 995 2719 cunetis
1048 2683 1139 2722 mon:
1159 2668 1249 2735 Audi,
1267 2666 1311 2721 hii
1329 2668 1370 2720 mi
1384 2667 1571 2738 disciplinam
1588 2669 1690 2739 patris
1715 2669 1766 2737 lui,
1787 2675 1814 2722 et
1826 2683 1869 2721 aar

162 2753 292 2807 solitaria
306 2753 368 2824 jam
384 2768 458 2822 pene
474 2768 543 2805 arva
558 2752 772 2805 remanserint?
792 2751 887 2823 Surge
901 2768 996 2822 quan·
1048 2756 1185 2811 dimittas
1200 2755 1296 2828 legem
1313 2757 1420 2809 matris
1430 2762 1494 2819 tuae,
1509 2763 1538 2810 ut
1550 2755 1680 2810 addatur
1689 2756 1787 2826 pratia
1797 2753 1870 2826 capiti

162 2843 268 2913 tocius,
285 2843 463 2912 domumque
479 2841 575 2895 redire
592 2840 709 2907 festina,
722 2855 758 2893 nc
774 2840 935 2910 siamplius
946 2841 994 2896 bic
1048 2850 1107 2915 tuo,
1125 2851 1154 2900 ct
1171 2850 1292 2916 torques
1307 2844 1440 2899 colloluo
1455 2844 1558 2911 (l'rer.
1576 2841 1632 2913 1,8,
1642 2843 1681 2912 9).
1694 2843 1792 2898 Etalio
1802 2843 1868 2898 luco:

160 2934 292 2986 moratus
306 2929 687 3002 lue1·is,gravcpericulum
701 2929 846 2983 incurras.
858 2928 994 3001 Sua-geas
1050 2933 1139 2999 Quam
1152 2933 1236 2988 nialla
1251 2933 1337 2988 lamae
1351 2939 1408 3003 est,
1426 2935 1474 3004 qui
1489 2931 1632 3004 relinquit
1651 2939 1779 3003 patrem,
1796 2938 1822 2987 ct
1834 2941 1868 2987 est

115 3059 117 3062 ψ
161 3020 259 3091 itaque
281 3021 317 3075 de
332 3023 420 3088 terra,
440 3035 507 3072 cum
524 3019 559 3072 ad
576 3033 610 3073 se
634 3019 787 3072 levandam
813 3018 993 3073 sarcinulam
1048 3023 1253 3078 maledictusa
1270 3022 1332 3078 Deo
1346 3023 1396 3094 qui
1407 3026 1716 3093 exasperat,1natrcm
1732 3021 1868 3090 (declini,

160 3108 345 3173 inclinasset,
355 3108 489 3178 idemqui
499 3109 583 3163 visus
592 3107 786 3162 lueratsenex
794 3106 994 3178 disparuitlit
1045 3109 1100 3180 le).
1117 3112 1202 3166 lusto
1219 3111 1270 3164 liei
1281 3109 1580 3181 judiciodaccidisse
1596 3109 1751 3180 probabis.
1773 3109 1868 3164 Permi-

158 3211 229 3252 eceo
243 3199 349 3252 iterum
364 3197 515 3269 malignus
533 3197 656 3266 spiritus
680 3199 746 3250 ante
762 3196 864 3249 oculos
882 3194 992 3266 ojusse
1044 3200 1083 3253 sit
1099 3200 1196 3270 itaque
1212 3199 1290 3257 Deus
1309 3215 1434 3269 puerum
1451 3199 1529 3253 hunc
1547 3215 1599 3268 pro
1616 3214 1672 3252 sua
1689 3197 1869 3253 inobedientis

158 3286 311 3358 ingerens,
325 3285 552 3356 eisdemquibus
567 3284 769 3354 priua,vorbis
779 3283 993 3353 allai-ipuerum
1044 3287 1210 3360 flagellari:
1224 3287 1277 3341 sed
1293 3287 1379 3342 solita
1395 3286 1501 3357 pietate
1512 3290 1625 3341 nonest
1637 3284 1869 3356 passuseumsub

158 3376 256 3447 eoepit.
268 3375 326 3430 Sed
341 3375 390 3429 illo
406 3374 597 3429 nihilomiuus
612 3389 679 3443 quac
696 3373 878 3442 hortabatur,
896 3389 929 3428 se
945 3372 991 3428 la·
1049 3376 1152 3430 eodem
1169 3376 1295 3431 verbere
1309 3376 1419 3430 diutius
1431 3376 1593 3445 immorari3
1605 3380 1682 3430 ulex
1694 3376 1750 3430 hoc
1760 3376 1869 3447 quisque

159 3469 272 3520 cturum
284 3464 403 3519 omnino
414 3463 660 3534 denegans,lleus
672 3465 699 3516 ot
712 3461 827 3533 ejulans
844 3463 993 3517 interram
1048 3464 1192 3536 intelligat
1208 3468 1350 3536 quantum
1375 3464 1571 3519 inobedientia
1595 3466 1764 3534 periculum
1783 3464 1867 3535 pariat,

162 3554 280 3622 decidit,
298 3567 332 3606 ac
347 3556 432 3622 prout
448 3554 560 3620 poterat
576 3552 604 3605 et
620 3551 743 3620 sciebat,
760 3550 922 3606 Salvatoris
935 3568 993 3606 om·

1048 3558 1136 3625 atquc
1150 3554 1187 3607 ad
1202 3553 1398 3608 obediendum
1410 3554 1583 3623 parentibus
1596 3560 1739 3624 qnantum
1749 3568 1815 3608 sese
1825 3552 1867 3606 hn-

160 3642 322 3697 niumlesu
332 3639 442 3695 Christi
460 3639 653 3707 clementiam,
671 3643 702 3693 ut
717 3639 993 3710 sibiproeberctnu·
1008 3646 1033 3709 0
1049 3641 1158 3697 militer
1174 3641 1303 3697 subdere
1319 3642 1434 3696 debeat.

160 3730 274 3798 xiiium,
285 3728 445 3800 flagitabat.
456 3726 523 3782 Mox
531 3728 578 3782 ille
591 3728 778 3783 venerandus
787 3744 890 3798 senex,
903 3729 955 3799 qni
966 3729 994 3784 ei

160 3819 270 3874 dudum
285 3819 370 3873 visus
385 3817 491 3886 lucrat,
508 3833 615 3871 rursus
636 3819 781 3887 apparuit,
801 3820 829 3873 et
851 3822 881 3872 ul
905 3817 993 3874 citius

161 3909 317 3980 surgeret,
333 3906 471 3978 lignaque
487 3904 636 3975 auterens,
660 3910 834 3976 asportaret,
858 3908 993 3962 hortatus

162 4001 217 4053 eet.
234 3996 278 4051 hd
291 3995 378 4066 cujus
391 3995 559 4063 artnentum,
570 3995 707 4050 iuimicus
723 3997 773 4066 qui
784 3995 950 4067 videbatur,
963 3998 994 4051 ut

160 4085 261 4142 tumus
274 4085 401 4139 evanuit.
413 4083 506 4149 Quem
521 4083 620 4154 utique
634 4100 746 4152 senem,
763 4085 881 4139 beatum
897 4085 993 4140 luisse

162 4172 994 4244 eredimusNiealaumcujuseelebrandaefestivitatiprae·

162 4264 260 4319 dictus
275 4262 929 4333 rusticuseodieopcramdederathtpucrad
943 4280 994 4318 se-

162 4352 372 4424 nisimperium
381 4366 532 4423 surgense
542 4350 745 4419 terrra,levata
757 4352 904 4406 sarcinula
917 4368 996 4407 sum·

160 4456 208 4495 ma
225 4456 293 4495 cum
302 4440 457 4495 velocitate
473 4439 590 4494 domum
607 4439 702 4506 rediit,
713 4444 741 4494 et
759 4441 995 4511 utipsepostmo·

163 4529 236 4584 dum
252 4527 606 4596 i=elerebat,tamlevisibi
622 4527 671 4581 illa
684 4528 833 4599 lignorum
846 4530 995 4585 sarcinula

162 4620 336 4690 lucta‚esl,ul
344 4616 416 4671 nihil
426 4616 566 4686 ponderis
578 4616 853 4671 haberevideretnr.
861 4618 934 4673 Cum
944 4635 994 4673 au-

162 4711 222 4762 tem
239 4707 358 4762 domum
373 4704 691 4777 regressuspaululum
706 4709 882 4776 remoratus,
898 4711 993 4778 esset,

161 4794 994 4867 quieiapparueratdaemonineumingrcssuscoepithor-

159 4885 285 4939 ribiliter
295 4884 428 4956 inligare.
437 4883 569 4953 Uterque
577 4882 713 4938 turbatus
721 4899 831 4953 parens
845 4883 936 4953 alluit,
947 4885 994 4939 lu-

1088 3730 1275 3802 thophllus.
1293 3730 1390 3785 Verba
1402 3730 1609 3801 responsionis
1624 3733 1683 3786 tuce
1700 3731 1867 3786 satisfecisse

1048 3818 1188 3874 videntur
1202 3819 1427 3892 interrogationi
1443 3834 1517 3874 mere

1083 3908 1270 3964 Desiderius.
1282 3909 1314 3962 ln
1324 3909 1446 3963 diaecesi
1456 3908 1567 3963 'lentini
1575 3907 1766 3979 episcopatus
1774 3911 1869 3964 estare

1047 3998 1207 4052 nestorium
1224 3997 1320 4051 nobile
1329 3997 1412 4068 juxta
1423 3997 1553 4051 radicem
1568 3996 1707 4068 btajellici
1725 3996 1837 4065 montis,
1847 3996 1867 4048 ia

1047 4086 1191 4140 honorem
1216 4086 1311 4140 sanati
1335 4086 1519 4141 Liberatoris
1543 4085 1600 4156 (tt)
1619 4084 1870 4154 constructum,et

1047 4173 1117 4228 huic
1131 4177 1234 4229 nostra
1250 4174 1407 4229 Casinensi
1422 4175 1557 4230 coenobio
1577 4175 1740 4245 subditum,
1758 4175 1805 4230 ubi
1819 4188 1868 4228 ma·
1912 4208 1916 4245 ς

1048 4276 1107 4334 gna
1122 4263 1247 4319 fratrum
1263 4263 1417 4318 mullitudo
1432 4267 1660 4332 commorantes,
1675 4262 1761 4335 juxta
1774 4260 1869 4318 almiB.
1912 4260 1916 4349 ⁴}

1048 4352 1385 4423 Benedictimandalum,
1395 4352 1513 4408 Christo
1525 4353 1649 4407 Domino
1661 4367 1734 4408 vcro
1751 4351 1820 4423 Regi
1827 4349 1868 4404 mi·
1913 4360 1916 4387 ²

1048 4441 1167 4496 litantes
1183 4441 1367 4496 deserviunt.

1084 4530 1215 4594 Quodam
1229 4531 1321 4602 igitur
1349 4535 1492 4600 tempore,
1520 4529 1590 4584 dum
1615 4530 1724 4585 fratres
1739 4530 1768 4585 ia
1783 4528 1869 4584 eodem

1048 4617 1229 4673 monasterio
1245 4619 1275 4672 in
1290 4619 1387 4673 noctis
1405 4618 1522 4673 silentio
1533 4618 1742 4689 ‚juxtamorem
1754 4619 1871 4689 quiesce·

1047 4710 1122 4776 real,
1140 4707 1258 4777 quidam
1275 4707 1682 4763 reverendusvirmoaastico
1698 4709 1814 4763 indutus
1828 4705 1869 4759 lu·

1046 4796 1109 4850 bitu
1125 4796 1259 4867 apparuit
1275 4796 1325 4850 uni
1340 4811 1453 4864 eorum,
1471 4811 1597 4867 eumque
1614 4797 1776 4851 exhortans
1789 4799 1819 4850 ut
1831 4807 1869 4847 ve·

1045 4885 1153 4940 locitcr
1167 4885 1202 4939 de
1218 4885 1327 4939 lectulo
1342 4884 1372 4938 in
1388 4899 1446 4955 quo
1460 4883 1581 4954 jacebat
1591 4891 1743 4957 surgeret.
1753 4886 1870 4954 Cumque

161 4971 1097 5068 gensetperslrepensfamiliolacunctacircnmsletitSedDille
1117 4975 1154 5028 ad
1186 4972 1253 5043 ejus
1285 4972 1440 5042 imperium
1469 4974 1698 5045 expergefactus
1728 4973 1872 5046 perniciter

162 5078 228 5116 cnm
245 5063 356 5117 nullum
373 5061 399 5115 ei
410 5061 552 5115 auxilium
566 5061 735 5130 impendere
744 5076 875 5131 possess
889 5077 993 5117 cerno-

161 5156 237 5219 rent,
255 5151 368 5205 salubri
381 5155 499 5220 reperto
510 5150 646 5219 consilio,
664 5150 719 5204 hoc
734 5150 769 5205 ad
784 5153 996 5207 monasterium

162 5240 198 5294 ad
218 5239 318 5291 limina
334 5254 400 5292 eum
422 5239 454 5292 B.
485 5239 636 5293 Benedicti
651 5239 824 5309 perducunt,
850 5244 936 5311 atque
960 5240 996 5295 ad

162 5326 231 5397 ejus
246 5326 446 5380 venerandum
463 5329 632 5397 sepulerum
648 5327 678 5382 in
692 5326 811 5382 dextera
830 5331 911 5397 parte
926 5329 995 5383 alta·

198 5464 255 5536 (u)
268 5467 308 5521 Dc
321 5468 500 5522 monasterio
512 5468 609 5523 Sancti
619 5469 803 5524 liberatoris
822 5470 853 5524 in
871 5469 995 5526 dianeos.

163 5535 287 5606 Teatin,
304 5537 371 5591 ride
383 5536 445 5591 Ost.
461 5539 491 5593 ia
506 5539 617 5594 Chroa.
634 5540 685 5595 lib.
702 5558 721 5609 r,
737 5556 800 5611 cap.
816 5540 862 5610 lt,
888 5544 916 5596 et
931 5558 997 5598 eru·

163 5606 301 5665 ditissim.
319 5607 442 5664 Lucium
452 5608 619 5667 Gomorram
628 5612 807 5687 Deantiquis
822 5612 914 5671 rebus
925 5613 997 5673 'lee-

1051 5063 1246 5131 surrexisset,
1264 5061 1403 5133 inquitad
1419 5077 1486 5116 cum
1504 5078 1510 5117 :
1528 5062 1671 5117 Accelera
1682 5064 1871 5118 eleacitaom·

1051 5168 1105 5208 nes
1121 5152 1238 5221 tratres
1256 5155 1284 5206 et
1296 5155 1326 5204 ut
1339 5150 1482 5205 velociter
1493 5153 1630 5222 surgant,
1645 5155 1735 5223 atquo
1745 5152 1781 5206 ad
1791 5149 1873 5206 eccle·

1051 5243 1126 5297 siam
1140 5244 1273 5313 pergant,
1290 5239 1407 5310 maguis
1424 5240 1605 5294 clamoribus
1619 5241 1709 5311 insta,
1726 5240 1794 5312 quia
1808 5239 1874 5307 bec,

1051 5332 1081 5386 in
1096 5347 1153 5402 qua
1169 5330 1336 5401 quiescunt,
1353 5328 1426 5383 cella
1448 5329 1506 5383 sub
1521 5327 1600 5383 omni
1613 5331 1660 5383 est
1675 5331 1826 5385 celeritate
1839 5343 1878 5383 ea·

1051 5472 1120 5527 tinae
1136 5470 1272 5526 civitatis
1303 5470 1386 5536 Quod
1401 5470 1430 5525 in
1445 5469 1494 5525 illo
1511 5469 1609 5525 evenit
1624 5471 1740 5545 legitur
1754 5469 1879 5528 etiamin

1052 5576 1142 5618 serm.
1158 5575 1215 5616 ms.
1234 5559 1311 5617 Petri
1326 5559 1419 5632 Diae,
1436 5559 1472 5616 de
1488 5561 1591 5616 octava
1606 5561 1705 5618 sancti
1724 5561 1880 5633 Benedicti,
