3908 6112
191 280 249 357 toa
420 302 422 306 ¹
660 286 1057 355 ossenurbonacm
1074 276 1430 357 scaruberiensis
1852 292 1912 360 aas

192 494 322 550 carceris
333 494 448 550 educat.
464 493 528 548 Nec
546 495 685 548 vereatur
700 492 801 564 ignavi
815 493 915 546 militis
931 508 1021 548 voca·
1040 478 1059 538 b
1078 492 1166 547 boras
1182 492 1302 565 injecto,
1320 492 1567 563 carcerisjanuas
1584 493 1732 548 claudunt.
1748 492 1912 549 Transacta

190 582 261 639 bulo
276 584 381 654 notari,
395 600 462 638 cum
472 599 568 654 neque
580 582 925 653 Peli-‹abomitionncque
935 582 1024 636 Paulo
1077 581 1168 652 igitur
1182 597 1289 652 magna
1312 583 1408 636 noetis
1433 586 1527 652 parte,
1555 581 1645 652 coepit
1658 582 1764 637 domus
1781 582 1914 638 coelostis

194 674 277 728 esset
294 674 446 727 robustior
464 689 470 726 :
486 688 612 743 quorum
627 672 749 727 alterum
767 675 868 742 sporta
885 671 1023 739 contexit,
1078 671 1181 741 gratim
1199 671 1384 741 participium
1403 671 1567 740 suscipere,
1585 673 1703 726 aeternae
1718 671 1787 725 vitm
1803 671 1912 726 odora·

191 761 318 816 alterum
333 777 405 817 vero
426 761 568 816 carcerali
589 761 716 817 stridore
727 763 881 831 gravatum
899 760 1023 831 angelus
1081 759 1776 830 montaspirare,hpmnosmellifluissanctorum
1784 761 1911 815 vocibus

191 849 474 905 absolvit.Christus
484 866 611 920 quoque,
620 853 651 904 ut
661 849 851 920 lapidantium
862 864 966 903 manus
978 849 1023 903 ei·
1078 863 1194 902 sonare.
1209 847 1289 913 Quos
1300 849 1406 902 beatus
1418 847 1571 920 Elpbegus
1583 848 1714 916 intuitus,
1727 864 1912 921 cummagno

190 935 325 1008 fugeret,
353 938 388 991 de
407 939 515 1008 templo
534 938 638 1007 exivit,
664 940 693 992 et
720 938 854 1009 fugiendi
876 937 1023 991 licentiam
1077 936 1176 990 cordis
1186 937 1285 991 laetitia
1297 937 1481 991 Dunstanum
1492 937 1640 1007 quondam
1651 936 1909 1007 archiepiscopum

191 1025 366 1097 evangelieo
381 1030 529 1096 praecepto
545 1027 610 1080 suis
626 1026 785 1080 mandavit.
810 1026 864 1079 His
886 1025 935 1080 ille
955 1041 1023 1080 ser·
1077 1024 1159 1079 vultu
1174 1027 1202 1079 et
1227 1029 1310 1080 veste
1336 1025 1511 1096 gloriosum,
1537 1025 1683 1095 conspicit
1706 1025 1909 1094 assistentem,

190 1115 597 1186 manibusvelutiungucntis
609 1115 767 1182 delibutus,
778 1130 927 1168 carcerem
938 1130 1025 1185 egre·
1075 1114 1286 1184 protensisque
1299 1114 1334 1167 ad
1349 1113 1429 1167 illum
1444 1113 1580 1168 manibus
1595 1115 1634 1167 ita
1650 1113 1797 1168 dicentem
1812 1131 1819 1168 :
1839 1135 1849 1164 ι
1864 1115 1906 1168 ad

190 1201 270 1256 ditur
283 1202 364 1256 illum
379 1218 520 1274 sequens.
536 1203 677 1257 Pluribus
688 1204 786 1257 autem
797 1218 940 1274 aquarum
952 1203 1024 1257 allu·
1075 1203 1112 1270 tc,
1130 1202 1232 1256 aeterni
1247 1203 1340 1274 llegis
1365 1202 1561 1256 invictissime
1585 1201 1681 1271 miles,
1707 1203 1742 1256 ad
1765 1208 1794 1257 te
1809 1203 1909 1258 nostro

189 1290 330 1345 vionibus
346 1307 398 1361 por
408 1291 555 1346 obscuras
565 1292 661 1346 noctis
676 1292 798 1345 umbras
813 1292 1022 1360 transvadatis,
1075 1289 1279 1345 honorandum
1297 1291 1442 1362 obsequio
1457 1291 1604 1360 venimus,
1629 1291 1716 1344 missi
1738 1291 1774 1345 ab
1792 1291 1844 1346 illo
1858 1292 1907 1362 qui

189 1383 310 1449 repente
326 1379 475 1450 malignus
498 1379 652 1442 disparuit.
670 1380 752 1434 Tunc
777 1384 911 1449 sanctus,
929 1382 1023 1450 pesti·
1075 1378 1128 1433 tibi
1143 1382 1171 1433 ct
1186 1378 1339 1433 victoriam
1355 1379 1491 1450 praestitit
1507 1379 1542 1434 de
1557 1378 1686 1448 inimico,
1704 1382 1733 1434 et
1748 1378 1907 1450 sempiter-
1936 1416 1945 1441 .

189 1467 246 1521 teri
261 1467 393 1522 ductoris
408 1468 562 1522 machinas
574 1468 754 1540 intelligam,
773 1485 811 1522 ex
826 1469 883 1522 imo
895 1469 1024 1538 pecteris
1075 1483 1142 1521 nam
1159 1482 1297 1522 coronam
1312 1468 1490 1538 praeparavit
1502 1469 1531 1522 in
1542 1468 1627 1522 coelo.
1641 1467 1694 1538 En,
1710 1484 1839 1540 querum
1849 1468 1908 1523 col-

190 1555 322 1610 dolorem
334 1556 572 1624 attraxit‚mcdiis
582 1572 614 1611 se
624 1557 784 1627 paludibus
794 1557 1024 1627 injectanS,eum
1075 1556 1152 1627 legio
1176 1559 1242 1627 post
1266 1559 1391 1624 mortem
1415 1557 1513 1611 carnis
1538 1557 1567 1610 in
1590 1559 1763 1627 perpetuum
1787 1557 1908 1621 frueris.

189 1645 317 1698 maximo
328 1645 398 1700 tletu
409 1645 744 1716 Salvatoremimplorat,
762 1646 864 1700 dicens
877 1661 883 1699 ε
898 1669 908 1692 a
922 1646 1023 1700 Oritas
1076 1645 1157 1699 cives
1181 1645 1347 1699 Jerusalem
1366 1646 1494 1699 caelestis
1516 1661 1549 1698 ae
1574 1645 1728 1699 domestici
1746 1644 1800 1699 Dei
1814 1687 1821 1715 ,
1837 1645 1864 1700 si
1878 1660 1912 1701 ea

190 1733 283 1802 dator,
301 1749 318 1787 o
334 1734 437 1804 stirpis
461 1735 533 1788 ndae
559 1736 645 1789 unice
669 1735 835 1801 miserator,
852 1749 1023 1789 cursenem
1075 1750 1141 1805 quae
1157 1733 1264 1788 desunt
1280 1734 1455 1804 passionum
1476 1734 1587 1788 Christi
1598 1734 1739 1788 amorein
1755 1749 1846 1789 carne
1860 1737 1909 1789 tua

189 1836 236 1875 me
252 1823 300 1876 tua
315 1822 408 1893 gratia
423 1822 565 1890 destituit,
583 1839 670 1894 quem
686 1824 715 1876 in
730 1823 832 1877 ssorida
849 1826 933 1877 aetatc
949 1840 1023 1877 nun·
1037 1850 1060 1908 Β
1075 1823 1218 1892 patienter
1231 1821 1430 1892 suppleveris,
1441 1822 1576 1876 Vidimus
1593 1837 1718 1893 namque
1731 1821 1910 1893 multiplices

106 1979 108 1983 7
189 1912 448 1981 quamdestituerc
465 1912 772 1967 consuevitl'landiu
788 1913 1024 1967 misericorditer
1076 1910 1159 1964 urbis
1180 1910 1308 1978 labarae,
1326 1910 1521 1965 ecclesiarum
1546 1910 1691 1978 incendia,
1708 1909 1839 1964 tiliorum
1853 1924 1907 1965 ue·

189 2002 354 2069 servatum,
380 1999 408 2054 in
431 2003 563 2055 extremo
589 2002 699 2071 pateris
724 2002 823 2071 perire
852 1999 1021 2072 abjectuml
1076 2014 1137 2068 eeS,
1154 2000 1202 2052 tua
1218 2014 1284 2053 cum
1300 1997 1428 2052 vinculis
1453 1999 1621 2069 opprobria,
1649 2001 1676 2052 et
1691 2001 1759 2068 post
1775 1998 1909 2069 impensa

189 2086 311 2152 Quoties
326 2090 354 2143 te
378 2089 408 2144 in
423 2083 515 2160 hujus
531 2090 599 2144 vitae
615 2089 771 2162 naufragio
786 2072 964 2145 salvatorem
979 2091 1023 2145 in·
1073 2087 1228 2156 beneficia,
1246 2087 1392 2156 duplicata
1403 2091 1557 2141 tormenta.
1572 2086 1654 2151 Quod
1672 2101 1744 2158 ergo
1760 2086 1911 2158 reliquum

189 2176 282 2230 veni?
298 2175 442 2247 Experiar
455 2193 544 2247 nuuc,
561 2193 675 2250 quaeso,
692 2178 907 2234 consolatorem
923 2179 952 2232 in
968 2178 1023 2233 bac
1075 2180 1120 2229 est
1137 2176 1259 2230 Deitatis
1275 2176 1403 2244 potentia
1418 2174 1545 2230 vallatus
1566 2174 1662 2229 libens
1678 2176 1794 2246 excipe,
1808 2174 1911 2230 sciens

190 2264 337 2320 daemonis
353 2265 503 2337 illusione,
519 2266 638 2338 adjutor
662 2269 691 2322 in
706 2267 982 2338 opportunitatibus,
994 2268 1024 2323 in
1074 2279 1132 2317 non
1148 2279 1218 2319 esse
1234 2264 1398 2334 condignas
1418 2264 1576 2334 passiones
1601 2263 1693 2336 hujus
1714 2265 1858 2334 temporis
1874 2263 1912 2319 ad

189 2354 389 2410 tribulatione.
414 2354 563 2411 Caroer'a
587 2361 683 2428 tergo,
711 2373 727 2410 a
751 2356 978 2424 frontetlumen,
995 2357 1023 2410 in
1074 2355 1320 2423 superventuram
1343 2351 1485 2424 gloriam,
1513 2368 1580 2425 quae
1607 2352 1789 2407 revelabitur
1817 2352 1847 2407 in
1870 2354 1907 2407 ta.

189 2458 296 2514 gyrum
311 2439 443 2499 tenebrae
458 2448 561 2499 auctor
577 2444 779 2516 earumjuxta,
794 2444 947 2517 Elphegus
963 2461 1023 2499 om·
1074 2441 1159 2496 Unus
1184 2457 1310 2511 namque
1330 2441 1394 2495 dies
1420 2441 1456 2495 ad
1482 2441 1678 2512 supplicium,
1699 2441 1753 2495 sed
1774 2439 1863 2513 jugis
1877 2457 1911 2496 ac

188 2531 279 2586 nibus
303 2533 444 2586 aerumnis
468 2533 613 2588 inclusus.
640 2533 705 2588 Tibi
730 2534 787 2589 soli
803 2533 962 2591 derelictus
977 2536 1023 2590 est
1073 2531 1273 2600 sempiternus
1289 2531 1344 2585 erit
1359 2529 1394 2583 ad
1410 2530 1600 2599 praemium.»

188 2634 311 2691 pauper,
328 2619 438 2690 P¹195¹¹⁰
454 2624 485 2675 ¹¹¹
500 2621 561 2676 ⁰¹4⁸
577 2621 706 2691 fldl'lstffi‘·
725 2643 736 2672 ³
1109 2635 1152 2691 1³.
1170 2636 1280 2692 Iterum
1298 2636 1687 2707 tortasseeuripereutilur.
1703 2634 1829 2690 —luter
1844 2635 1909 2691 baec

225 2723 269 2779 11.
294 2724 459 2781 Redueitur
483 2727 521 2782 ab
545 2727 659 2798 angelo.
676 2759 710 2767 -
727 2729 782 2782 llis
807 2731 835 2783 et
851 2728 1023 2800 huiusmodi
1073 2725 1909 2796 laxanturvincula,etintegreomncscorporissanantur

188 2813 304 2869 divinas
320 2830 407 2870 aures
423 2815 571 2886 appellare
586 2832 645 2870 non
665 2821 784 2887 cessat3
801 2820 829 2872 ct
844 2833 914 2872 eece
929 2834 1022 2888 appa·
1074 2814 1170 2886 plaga>
1183 2830 1188 2868 :
1202 2813 1354 2885 Elpbegus
1367 2813 1498 2883 psallens
1509 2829 1574 2867 cum
1586 2812 1796 2883 psallentibus,
1808 2814 1909 2868 exsul·

189 2901 248 2957 ruit
261 2901 422 2973 eiiuvenis
438 2919 528 2958 aureo
544 2904 703 2974 splendore
718 2905 854 2975 amictus,
871 2905 962 2960 divini
978 2907 1021 2960 si·
1074 2906 1140 2958 tans
1156 2918 1222 2958 cum
1237 2901 1454 2957 exsultantibus
1469 2901 1587 2956 incedit.
1611 2901 1694 2955 blane
1710 2904 1809 2956 autam
1820 2901 1908 2972 tacto,

188 2990 309 3062 gnaculi
324 2992 433 3046 vexilla
458 2993 644 3063 praeferens,
668 2996 696 3049 et
718 2993 790 3048 dixit
807 3010 813 3049 :
833 2994 921 3060 «Quo
936 2998 964 3049 te
980 2994 1021 3050 tui
1075 3007 1142 3047 cum
1155 2996 1334 3046 armatorum
1350 3007 1437 3045 manu
1458 3006 1516 3044 non
1536 3006 1627 3060 parva
1643 2989 1818 3046 decernere
1834 2990 1909 3046 edu-

188 3079 357 3135 distrabunt
368 3080 479 3150 pedes?
494 3097 552 3153 quo
563 3082 690 3152 impetus
701 3083 805 3154 fugae‘?
821 3099 879 3154 quo
888 3082 1021 3138 ductoris
1075 3081 1159 3150 citur,
1175 3083 1202 3135 et
1213 3078 1476 3150 superiumentum
1487 3079 1615 3149 positus,
1632 3078 1667 3132 ad
1680 3078 1828 3150 judicium
1839 3095 1911 3150 per·

187 3166 323 3223 invidia?
337 3168 454 3224 Siccine
470 3171 528 3225 itur
553 3171 589 3225 ad
614 3187 755 3227 coronam
770 3171 911 3244 fugiendo
927 3176 1042 3226 certa-¹
1073 3169 1207 3224 trabitur.
1235 3168 1378 3222 Dixerunt
1402 3171 1496 3223 nutem
1517 3169 1544 3222 ei
1566 3184 1571 3223 :
1596 3189 1606 3218 ι
1626 3166 1715 3224 Solve
1726 3161 1844 3236 auium,
1860 3169 1910 3224 aut

187 3257 276 3312 minis
292 3258 424 3314 lucttun?
448 3260 505 3314 Aut
524 3260 670 3330 quomodo
687 3264 783 3330 potest
798 3262 899 3316 bravio
915 3261 1019 3331 palmae
1074 3259 1182 3313 mundo
1196 3258 1283 3312 bodie
1305 3257 1365 3312 eris
1388 3257 1599 3328 spectaculum.
1619 3281 1630 3305 n
1648 3256 1684 3312 Et
1698 3257 1746 3312 ille
1763 3280 1776 3308 ι
1794 3261 1909 3312 Aurum

186 3345 316 3418 fulgere,
333 3348 384 3417 qui
396 3348 538 3402 currendi
549 3352 642 3403 metas
658 3349 687 3403 in
703 3348 801 3403 studio
813 3349 905 3404 noluit
915 3365 1020 3419 appre-
1074 3347 1160 3402 vobis
1175 3347 1283 3402 divinae
1294 3347 1448 3417 sapientiae
1457 3362 1600 3417 propono,
1613 3350 1654 3414 ut,
1669 3346 1910 3401 relictaranitate

186 3431 341 3488 hendere‘i
358 3458 370 3483 a
386 3436 440 3490 Cui
456 3452 523 3490 cum
538 3436 691 3491 retulisset
701 3437 844 3491 sacerdos
856 3453 914 3492 nou
930 3453 964 3492 se
975 3438 1020 3492 fu·
1074 3452 1160 3506 quam
1175 3435 1308 3506 diligitis,
1322 3435 1357 3489 ad
1374 3451 1462 3489 unum
1479 3436 1578 3490 vivunt
1590 3440 1617 3488 et
1629 3450 1732 3488 verum
1744 3435 1838 3489 Deum
1850 3439 1911 3490 siu·

186 3536 270 3592 gera,
288 3522 342 3576 sed
357 3522 448 3577 divini
464 3523 502 3592 (9)
518 3525 610 3578 nuntii
622 3525 745 3594 imperio
756 3527 894 3596 paruisse
908 3543 913 3580 :
928 3549 939 3572 «ι
952 3527 1020 3581 Non
1074 3525 1154 3578 dium
1170 3523 1362 3579 convertatis.
1379 3522 1462 3588 Quod
1478 3524 1503 3577 si
1525 3524 1681 3578 consilium
1696 3524 1764 3591 Dei,
1791 3539 1846 3593 per
1862 3538 1908 3578 me

187 3609 255 3674 hoe,
271 3610 310 3664 ait
326 3610 385 3678 illc,
410 3611 576 3666 Divinitatis
592 3614 747 3682 imperium
764 3613 827 3683 suit,
846 3615 899 3668 sed
914 3615 1021 3669 diabo-
1075 3614 1160 3669 vobis
1185 3613 1398 3681 annuntiatum,
1422 3613 1568 3666 obstinata
1593 3615 1690 3666 mente
1717 3611 1908 3681 spreveritis,

186 3696 253 3752 lieae
278 3698 470 3771 malignitatis
489 3705 705 3767 commentum
727 3718 782 3756 nec
797 3705 855 3756 tam
878 3708 905 3757 te
921 3703 970 3757 ille
987 3703 1022 3757 de
1073 3701 1432 3774 pejorisprofeetoquam
1447 3699 1836 3770 Sodomamortcpcribitis,
1851 3716 1907 3756 nec

188 3801 309 3841 carcere
325 3787 466 3858 educere,
493 3805 579 3860 quam
600 3793 684 3845 extra
699 3806 848 3845 carcerem
864 3791 954 3846 voluit
970 3808 1021 3847 se·
1073 3791 1103 3844 in
1118 3791 1173 3844 bne
1188 3794 1268 3845 terra
1292 3790 1321 3843 in
1337 3792 1510 3859 perpetuum
1536 3789 1652 3843 radices
1667 3790 1775 3860 agetis.
1796 3812 1807 3837 a
1824 3787 1907 3844 Tunc

187 3875 306 3931 ducere.
324 3877 418 3949 Urget
439 3893 565 3949 numqua
591 3878 672 3933 illum
697 3880 856 3949 praeteritae
879 3880 947 3935 vitae
963 3884 1020 3936 tum
1074 3879 1181 3933 diaboli
1198 3877 1341 3933 satellites
1357 3878 1387 3932 in
1402 3878 1484 3934 illum
1499 3877 1666 3950 prosiliunt,
1684 3878 1802 3932 aversis
1818 3893 1908 3933 seau-

186 3963 234 4034 pia
249 3965 390 4034 operatio,
402 3970 430 4020 et
440 3967 565 4022 intentis
574 3967 815 4023 tribulationibus
824 3970 1021 4040 praesenstibi
1073 3968 1157 4022 ribus
1166 3965 1318 4038 dejiciunt,
1329 3967 1477 4037 lapidibus
1488 3966 1734 4022 eumobruentes,
1742 3965 1798 4030 Qui
1810 3981 1908 4038 genua

187 4067 307 4123 semper
317 4055 412 4109 sancti
428 4056 556 4124 Spiritus
569 4057 746 4112 consolatio:
760 4057 848 4128 cujus
859 4058 1020 4129 praesentia
1073 4057 1206 4126 tlectens,
1220 4056 1294 4110 banc
1305 4057 1465 4110 orationem
1477 4055 1551 4111 fudit
1567 4056 1638 4123 Deo,
1656 4055 1760 4109 dicens
1774 4069 1780 4109 :
1795 4053 1908 4110 «altis-

188 4141 326 4197 omnibus
347 4144 542 4197 constantiam
558 4145 655 4213 donat,
673 4146 835 4200 constantia
853 4146 1018 4215 victoriam,
1073 4146 1148 4199 sime
1173 4145 1225 4200 Dei
1249 4145 1346 4199 Patris
1370 4144 1520 4216 unigenite
1542 4142 1618 4217 [Bel.
1642 4143 1784 4198 altissimi
1804 4143 1904 4198 Patris

186 4229 310 4284 victoria
325 4230 460 4301 gloriam.
472 4231 545 4286 Redi
557 4233 674 4303 ergoad
686 4233 783 4287 locum
794 4234 916 4288 amissae
933 4250 1019 4289 coro·
1073 4233 1245 4306 unigenitel.
1268 4234 1342 4288 iesu
1361 4232 1491 4301 Christe,
1516 4234 1565 4304 qui
1588 4249 1643 4304 per
1656 4235 1774 4286 uterum
1791 4232 1908 4287 intaeta

185 4333 243 4386 nae,
259 4317 377 4373 coelitus
400 4320 453 4375 tibi
477 4320 665 4390 deputatum,
684 4322 815 4376 sciturus
835 4322 913 4393 quod
929 4327 957 4378 te
974 4323 1020 4378 die
1073 4321 1206 4394 Virginis
1215 4323 1324 4377 venisti
1340 4322 1368 4375 in
1378 4323 1455 4376 bunc
1465 4323 1605 4377 mundum
1616 4324 1792 4392 peccatores
1804 4320 1907 4376 salvos

186 4406 316 4461 crastino
339 4408 427 4461 Pater
452 4407 657 4463 honorificabit
682 4410 709 4462 in
727 4410 817 4478 coelo,
842 4411 953 4466 bonore
970 4411 1019 4465 illo
1073 4411 1181 4480 tacere,
1197 4415 1226 4465 et
1240 4427 1286 4465 me
1302 4412 1330 4464 in
1347 4427 1418 4481 pace
1434 4412 1565 4480 suscipe,
1582 4414 1610 4465 et
1625 4411 1692 4465 istis
1712 4410 1873 4464 miserere.
1895 4432 1905 4456 ι

185 4495 324 4564 mammo,
340 4499 371 4550 ut
386 4495 416 4550 in
431 4499 574 4551 aeteruum
590 4497 634 4551 sis
650 4514 717 4552 cum
732 4497 799 4568 ejus
815 4497 898 4552 Filio.
919 4519 930 4548 ι
1073 4498 1107 4553 Et
1123 4500 1281 4571 prolapsus
1294 4501 1322 4554 in
1332 4500 1618 4570 terram,iterumque
1628 4499 1910 4571 resurgens,denuo

222 4583 265 4638 12.
280 4583 386 4639 iarios
399 4584 430 4637 in
447 4600 570 4640 carcere
584 4585 725 4640 visitatur
738 4602 754 4640 a
767 4586 798 4640 S.
811 4585 973 4642 Dunslano.
985 4534 1062 4631 —b
1073 4589 1118 4643 sic
1126 4589 1164 4642 ait
1176 4606 1182 4642 ε
1196 4609 1206 4639 a
1218 4588 1702 4661 Pastorhonepastm·singularis
1715 4587 1795 4642 tilios
1804 4586 1908 4643 Eccle-

186 4671 442 4744 Elphegusigitur
452 4672 488 4726 ud
504 4673 602 4728 locum
611 4674 781 4730 certaminis
796 4675 832 4730 ab
848 4675 955 4747 angelo
970 4691 1019 4730 re·
1073 4679 1137 4747 siae,
1154 4693 1230 4747 quos
1246 4678 1299 4732 tibi
1313 4678 1444 4733 moriens
1460 4678 1643 4747 commendo,
1659 4680 1751 4732 tuere.
1771 4699 1783 4723 a
1795 4676 1909 4732 Accur-

185 4762 410 4831 vocatus,laetus
421 4760 615 4832 exspectabat
633 4762 736 4818 boram
751 4779 808 4834 qua
823 4779 840 4817 a
855 4763 915 4819 Deo
931 4780 1017 4820 cero·
1072 4772 1247 4822 rensautein
1259 4767 1377 4837 quidam
1389 4766 1455 4836 (to),
1466 4783 1554 4839 quem
1565 4767 1667 4836 etipse
1682 4766 1719 4820 de
1729 4764 1909 4822 sacrofonte

186 4866 253 4905 uam
268 4850 445 4922 perciperet.
457 4850 513 4905 Sed
525 4867 592 4906 cum
603 4852 1018 4924 proposuissetutcarcerem
1074 4857 1257 4925 susceperat,
1274 4856 1404 4909 securim
1419 4856 1506 4925 capiti
1523 4854 1589 4925 eius
1606 4854 1709 4908 ibilxit.
1730 4852 1788 4918 Qui
1810 4853 1908 4908 statim

182 4935 246 5008 jam
266 4939 397 5007 intraret,
422 4939 658 5010 comprehensus
682 4956 699 4994 a
724 4941 896 4996 carnificum
919 4943 1015 5011 turba,
1073 4944 1102 4997 in
1121 4945 1231 4997 aeterna
1259 4959 1331 5013 pace
1363 4943 1573 5014 requiescens,
1599 4943 1740 4996 victorem
1771 4942 1909 5012 spiritum

185 5025 283 5096 plagis
307 5027 436 5083 aflicitur
458 5029 598 5083 maximis
616 5029 758 5100 :insuper
773 5030 896 5085 cerebro
913 5029 1016 5100 cupitis
1073 5048 1139 5086 oum
1155 5032 1314 5103 triumpho,
1326 5032 1413 5087 tertio
1424 5032 1538 5087 decimo
1550 5031 1698 5085 Kalendas
1708 5030 1790 5101 Maii,
1806 5030 1906 5102 dirigit

87 5161 89 5166 .
186 5112 304 5182 violato,
321 5117 484 5172 semivivus
501 5118 530 5172 in
546 5119 696 5190 ergastulo
712 5119 954 5189 recluditur3ubi
968 5135 1016 5173 ac·
1072 5121 1108 5176 ad
1124 5120 1240 5177 coelum.
1263 5120 1420 5191 Principes
1443 5123 1539 5174 autem
1560 5120 1728 5188 Dacorum,
1749 5119 1906 5190 cupientes

187 5216 277 5256 censo
289 5203 365 5270 seco,
378 5209 406 5260 et
414 5206 556 5277 quidquid
568 5207 776 5262 fetidissimum
787 5208 899 5263 fumum
912 5207 955 5262 vel
968 5223 1019 5279 go·
1070 5212 1099 5265 et
1114 5226 1201 5264 suum
1218 5210 1332 5264 lacinus
1342 5213 1370 5265 et
1381 5209 1507 5281 Elphegi
1522 5207 1647 5280 gloriam
1656 5208 1831 5275 obscurare,
1844 5222 1909 5261 cor·

186 5293 311 5360 neraret,
329 5293 374 5347 vel
394 5299 565 5365 generatum
589 5295 710 5365 foveret,
737 5297 939 5368 persingulas
955 5297 1013 5351 diei
1071 5314 1128 5370 pus
1150 5297 1234 5352 illius
1254 5298 1366 5352 ssumini
1388 5299 1524 5369 immergi
1541 5299 1684 5366 statuunt,
1705 5296 1760 5350 rati
1784 5294 1909 5350 sceleris

222 5482 340 5567 (tillem
355 5488 493 5568 superius
510 5488 664 5564 Elpbegus
679 5491 787 5547 dicitur
810 5489 935 5546 insidias
949 5491 1013 5545 dia·
1068 5494 1183 5566 pietate
1197 5498 1302 5560 motus,
1321 5508 1384 5547 cnm
1408 5493 1525 5549 videret
1542 5493 1585 5548 El
1602 5494 1709 5566 bugum
1732 5492 1849 5548 diutius
1863 5488 1907 5544 la·

184 5555 246 5612 bob
260 5557 444 5613 intellexisse
466 5559 531 5615 baec
547 5566 644 5618 tamen
654 5563 741 5618 etiam
756 5562 833 5633 apud
843 5561 1016 5617 Bollandum
1072 5565 1281 5620 iterantem-in
1305 5563 1431 5619 condicio
1453 5566 1568 5619 mortis.
1614 5580 1674 5620 um.
1699 5563 1736 5619 35
1750 5566 1905 5619 vocatura

186 5627 289 5683 eodem
305 5628 391 5684 modo
407 5600 585 5714 referuntur.
698 5692 701 5697 Δ
1072 5637 1191 5707 llogaro
1207 5638 1235 5691 et
1250 5635 1401 5691 Willelmo
1411 5635 1730 5693 westmonasteriensi
1754 5630 1835 5690 Trun
1851 5646 1905 5686 seu

221 5697 277 5769 (10)
302 5699 333 5754 ld
366 5697 476 5756 iecisse
496 5702 604 5760 dieitur
628 5705 704 5776 apud
726 5705 899 5761 Bollandum
926 5706 1015 5779 impia
1074 5705 1171 5778 Trum,
1189 5710 1310 5779 eratque
1326 5706 1438 5763 Dauus,
