3900 6112
111 243 190 311 1399
606 240 793 303 DUiitNDl
821 237 1002 301 Aesaris
1028 237 1323 303 TROARNENSIS
1752 235 1826 301 tion

109 445 186 500 dieta
203 445 303 498 contra
320 455 372 495 eos
386 440 535 510 praecipue
551 439 609 509 ‘qui
627 442 695 508 post
710 453 817 491 novem
845 452 940 491 annos
957 438 985 496 Α
996 437 1065 508 quia
1080 437 1182 505 voluit,
1199 437 1292 506 potuit
1307 437 1421 508 absque
1435 436 1526 492 dubio
1541 435 1621 508 quod
1637 435 1713 490 dixit
1725 433 1826 504 imple·

109 533 202 588 semel
217 531 443 596 communicant;
455 531 483 582 et
495 543 561 581 cum
571 527 750 581 infidelitatis
765 528 940 597 arguuntur,
995 541 1039 592 re,
1057 539 1235 595 carnemque
1252 541 1336 579 suam
1350 526 1437 579 nobis
1447 526 1475 578 ia
1490 541 1591 580 escam
1603 527 1743 594 etpotum
1755 539 1828 592 pra-

108 621 302 675 humilitatem
317 619 507 684 mentiuntur,
525 617 574 687 qui
590 616 614 669 si
627 615 799 669 humilitatis
816 614 909 684 gratia
925 629 940 666 a
995 613 1066 666 berc
1082 628 1089 682 ς
1106 613 1183 683 quod
1200 615 1336 684 quamvis
1352 614 1464 669 ratione
1485 614 1621 669 videatur
1637 614 1739 667 minus
1754 627 1829 666 com·

108 705 736 774 sacramentosanctosesesuspenderent,
756 718 941 773 nequaquam
996 704 1121 771 pentum,
1152 702 1208 756 tide
1229 705 1325 757 tamen
1357 705 1472 758 constat
1492 701 1829 771 omninoperspicuum.

106 813 249 869 perversa
266 795 430 862 sentienda,
448 794 709 863 etintutonuperae
725 792 941 860 hoereseosim·
998 789 1247 854 Quemadmodum
1276 792 1353 845 enim
1379 792 1529 846 credimus
1556 791 1691 845 Verbum
1718 804 1831 844 carnem

108 888 254 958 pudenter
269 884 433 939 haesitando
443 884 545 936 contra
559 882 635 935 idem
652 883 867 935 sacramentum
878 895 941 948 pro·
1001 878 1119 946 tactum,
1137 884 1166 933 et
1180 879 1378 934 indubitanter
1404 884 1559 947 tenemus,
1583 880 1639 933 sed
1655 879 1784 950 qualiter
1798 880 1832 932 sit

109 976 220 1030 caciter
250 974 442 1042 disputarent.
460 972 496 1023 nt
510 987 580 1038 nos,
598 970 706 1041 quibus
722 970 778 1022 etia
798 968 942 1023 sententia
1000 967 1078 1021 nulla
1097 968 1209 1021 ratione
1230 969 1385 1023 novimus:
1404 970 1442 1022 ita
1457 973 1486 1022 et
1507 970 1536 1022 in
1554 968 1713 1022 Dominico
1735 983 1831 1022 sacra·

110 1068 166 1131 est,
184 1065 210 1116 si
225 1062 366 1116 munditia
379 1061 478 1114 cordis
492 1075 559 1112 eum
575 1059 741 1113 innocentia
758 1059 858 1127 operis
871 1073 942 1110 eon·
1000 1057 1220 1124 mentopanem,
1231 1057 1281 1127 qui
1297 1059 1438 1126 cernitur,
1449 1057 1519 1111 nihil
1530 1056 1610 1111 atiud
1621 1072 1712 1128 quam
1729 1055 1831 1111 Christi

109 1153 209 1219 sentit,
227 1150 334 1203 divinis
368 1149 537 1218 frequenter
552 1148 761 1216 participemur
781 1146 941 1216 mysteriis.
1001 1159 1129 1211 carnem,
1147 1160 1212 1215 quac
1226 1146 1398 1216 percipitur,
1414 1146 1629 1216 intelligimus,
1647 1145 1766 1199 tametsi
1782 1145 1831 1200 hoc

107 1240 139 1296 Si
154 1255 227 1293 vero
247 1238 380 1307 capitalia
403 1241 538 1306 premunt
559 1237 680 1290 crimina
696 1236 818 1304 sanctie,
837 1251 896 1290 nou
910 1243 944 1293 ut
1002 1248 1106 1302 capere
1122 1233 1169 1286 vei
1184 1235 1334 1290 disserere
1350 1235 1613 1306 nequeamus.lloo
1624 1237 1725 1289 antem
1740 1235 1830 1289 credi·

110 1329 142 1383 in
169 1327 300 1399 peccatis
327 1341 574 1396 perseveremuS,
592 1326 805 1389 abstineamus
825 1325 877 1380 sed
907 1340 943 1379 ne
1002 1337 1079 1390 mue,
1095 1323 1233 1392 quoniam
1250 1322 1313 1391 ipsa
1328 1324 1429 1378 eadem
1445 1325 1553 1378 divinae
1568 1323 1692 1377 virtutis
1708 1322 1831 1377 eilicacia

110 1433 203 1487 super
217 1415 305 1486 impia
324 1416 487 1469 temeritate
509 1415 691 1482 damnemur,
709 1415 735 1466 si
758 1415 945 1483 impudenter
1001 1425 1067 1480 quae
1083 1409 1243 1464 Dominieae
1253 1411 1463 1466 incarnationis
1473 1411 1587 1466 exstitit
1597 1410 1741 1477 creatrix,
1749 1410 1831 1481 hujus

109 1506 284 1561 mortalibus
314 1504 474 1557 attaminati
503 1504 583 1556 vitiis
613 1503 649 1556 ad
669 1504 732 1572 ipsa
750 1518 805 1556 nos
826 1518 944 1572 praesu·
1001 1512 1118 1568 quoqne
1134 1498 1265 1552 coetestis
1280 1500 1457 1553 sacramenti
1469 1515 1590 1569 semper
1605 1500 1645 1553 sit
1661 1498 1781 1567 etticax,
1792 1514 1832 1567 po·

107 1595 212 1650 menda
229 1594 451 1664 immergamus.
464 1592 542 1663 Ergo
558 1592 593 1645 ad
609 1597 726 1661 tempus
736 1592 944 1646 abstinendum
1000 1588 1125 1656 iensque
1142 1587 1302 1650 operatrix.
1321 1587 1376 1641 llis
1392 1587 1483 1658 igitur
1507 1591 1632 1658 propter
1656 1587 1831 1657 perfidorum

108 1684 203 1740 estita
220 1699 235 1736 a
252 1684 374 1748 sanctis,
392 1682 446 1735 scd
470 1682 639 1750 poenitentia
656 1681 739 1733 ocius
767 1680 944 1748 adhibenda,
1000 1673 1198 1742 insolentiam,
1219 1674 1322 1744 paucis
1344 1674 1461 1746 quidem
1486 1690 1540 1744 pro
1565 1675 1612 1729 rei
1636 1674 1831 1746 magnitudine

108 1777 140 1828 ut
157 1773 304 1827 cessande
320 1787 336 1823 a
352 1770 447 1837 maiis
470 1769 618 1840 dignaque
636 1768 840 1823 satisfactione
856 1769 945 1822 vitam
1001 1763 1158 1832 minusque
1175 1763 1322 1817 accuratis
1343 1779 1395 1832 pro
1418 1762 1584 1834 majestatis
1601 1764 1763 1834 dignitate,
1786 1764 1831 1818 sed

109 1861 278 1915 mundando
308 1859 483 1929 apeccatiS,
502 1861 673 1928 satagamus
696 1858 837 1911 amissam
861 1873 945 1926 repa·
1001 1851 1115 1905 libratis
1132 1854 1193 1904 rat-a
1217 1852 1349 1906 veritatis
1366 1852 1718 1923 aequitate,praelibatis
1745 1853 1832 1920 potius

109 1950 200 2004 rande
217 1950 341 2021 gratiam
357 1950 610 2001 sacramentorum
628 1946 832 2000 commuuione
864 1945 945 2016 digni
1002 1940 1474 2011 quamperoratis,quorumdam
1498 1942 1704 1996 temeritatem
1725 1957 1832 2010 compe-

109 2038 286 2110 quandoque
304 2036 438 2089 inveniri.
464 2033 517 2097 Qui
534 2037 630 2087 autem
654 2033 753 2087 abhis
771 2034 945 2087 criminibus
1003 2044 1098 2096 scere,
1116 2034 1202 2098 atque
1225 2028 1350 2083 habenis
1366 2030 1518 2085 modestiae
1534 2034 1709 2099 temperare
1723 2031 1834 2102 dignun

109 2126 156 2180 vet
174 2127 241 2179 vitae
266 2124 433 2179 innocentia
459 2123 596 2176 immunis
626 2127 681 2189 cst,
700 2122 849 2193 veidigna
878 2125 946 2192 post
1003 2117 1083 2187 duxi,
1109 2121 1139 2170 ut
1167 2118 1389 2172 immoderatius
1405 2118 1496 2173 divini
1514 2120 1701 2173 sacramenti
1720 2119 1833 2173 altitudi-

109 2213 227 2285 lapsum
244 2213 413 2284 poenitentia
429 2212 630 2281 subsequente
641 2211 808 2280 indemptus
823 2212 945 2265 effeetus
1002 2222 1069 2259 nem
1082 2207 1263 2275 perscrutari
1280 2221 1465 2278 nequaquam
1480 2211 1682 2277 praesumant,
1700 2224 1739 2262 ue
1754 2208 1834 2262 otten-

111 2303 158 2355 est
174 2301 217 2354 sic
229 2300 401 2369 frequenter
417 2303 504 2368 atque
521 2313 587 2350 cum
604 2297 765 2351 humilitate
781 2298 946 2351 communi·
1005 2311 1067 2347 sam
1080 2295 1389 2365 subobtentupietatis
1404 2296 1835 2366 incurrant,quibussuttice1e

112 2392 168 2458 cet,
185 2391 258 2443 utet
275 2387 473 2440 infirmitatem
501 2386 758 2456 suamdiiigcnter
778 2387 948 2440 consideret
1004 2383 1177 2451 dehetpura
1200 2383 1516 2453 hdeisimplicitaS,et
1543 2385 1581 2438 ab
1606 2385 1713 2456 inquis
1743 2386 1835 2442 tradita

112 2481 141 2533 et
155 2493 171 2531 a
187 2477 326 2544 minimis,
344 2475 502 2544 opitulante
520 2475 590 2539 Deo,
607 2476 737 2544 peccatis
749 2474 898 2529 abstinere
910 2475 946 2529 de
1004 2473 1073 2527 etab
1086 2489 1187 2528 eorum
1197 2473 1641 2544 suecessoribusaduosnsque
1652 2477 1834 2543 transmissa

113 2570 221 2621 caetero
238 2565 368 2630 festinet,
386 2564 480 2634 deque
491 2563 542 2616 lici
559 2563 762 2617 misericordia
779 2564 946 2618 nullatenus
1004 2578 1058 2616 nec
1074 2561 1239 2616 humanata
1250 2561 1359 2616 divinis
1368 2567 1414 2616 est
1423 2563 1564 2617 sectanda
1574 2563 1759 2634 loquacitas,
1771 2565 1835 2619 uude

113 2654 261 2724 desperet,
278 2654 328 2724 qui
349 2652 568 2722 utquotidianis
579 2652 713 2722 lapsibus
729 2653 840 2706 nostris
853 2653 947 2724 quoti·
1005 2651 1202 2706 estitiabcoti
1226 2650 1633 2707 iii1a1·iisentenoa:«N0n
1663 2657 1714 2707 est
1743 2654 1834 2725 inquit,

114 2742 232 2796 dianum
252 2740 606 2811 procuraretremedium,
624 2741 745 2795 coeleste
761 2741 816 2795 hoc
828 2757 949 2795 novum·
1005 2740 1132 2794 humano
1148 2742 1198 2793 aut
1209 2739 1313 2793 saeculi
1328 2755 1420 2793 sensu
1435 2741 1463 2793 in
1473 2739 1525 2794 Dei
1539 2742 1634 2796 rebus
1649 2742 1834 2813 loquendum,

115 2846 172 2901 que
202 2845 259 2883 non
283 2829 442 2896 aunuatim,
459 2828 512 2882 sed
529 2828 627 2881 diatim
643 2829 799 2900 agendum,
826 2830 948 2884 remotis
1004 2828 1836 2901 necpcrvioIentiam,atqueimprudentempraedicatio·

115 2918 405 2987 veteribus,instituit
415 2917 660 2987 sacrificiumque
677 2918 813 2971 crebrius
830 2920 904 2986 pasti
914 2934 948 2973 ac
1004 2934 1081 2988 nem,
1110 2917 1275 2972 coelestium
1300 2918 1444 2972 dictorum
1469 2918 1589 2972 sanitati
1614 2919 1736 2990 alienes,
1762 2927 1835 2992 atque

115 3008 242 3063 subinde
258 3006 360 3061 reiecti
376 3008 561 3073 innovemur,
578 3006 704 3076 fideique
721 3008 813 3076 gratia
824 3008 949 3062 iliustre—
1004 3007 1102 3078 impiae
1118 3007 1320 3078 intelligentiae
1336 3007 1535 3078 extorquenda
1551 3011 1747 3077 perversitas
1760 3015 1810 3064 est.
1826 3035 1834 3057 ·

115 3112 190 3166 mur,
201 3095 446 3167 quemadmodum
458 3096 496 3148 ait
507 3095 781 3166 Paternugustinus
795 3112 800 3150 :
816 3118 826 3141 a
839 3097 950 3151 Acces·
1005 3098 1077 3151 Haec
1095 3097 1163 3151 iilos
1180 3097 1299 3167 proprie
1316 3100 1460 3152 sententia
1486 3099 1612 3168 respicit
1635 3099 1691 3169 qui
1722 3100 1837 3154 humano

116 3189 222 3240 serunt
238 3185 335 3239 ludaei
345 3185 380 3238 ad
395 3183 547 3237 Christum
560 3183 808 3254 utcrueihgercnt
822 3201 827 3236 :
841 3201 950 3239 nosue·
965 3165 990 3229 c
1005 3204 1098 3243 sensu
1114 3187 1284 3242 celestibus
1300 3186 1387 3240 dictis
1403 3187 1571 3240 violentiam
1580 3188 1721 3243 inierunt
1737 3194 1836 3245 exorta

40 3286 43 3293 ·
117 3272 947 3345 cedamusuteorpnsejasaccipiamusetsanguinem.
1006 3277 1173 3347 impietatis,
1194 3276 1643 3331 dumdivinumsncrameatum
1660 3279 1837 3348 notadcpra·

116 3364 160 3418 liii
177 3364 212 3417 de
222 3363 363 3417 crucifixo
373 3361 576 3414 contenebrati
588 3364 670 3413 suut:
681 3375 737 3414 nos
748 3362 949 3417 manducando
1005 3370 1075 3420 vant
1091 3366 1290 3435 turpitudinis

117 3456 145 3507 et
167 3450 296 3505 bibendo
316 3449 515 3514 Crueihxmn,
542 3448 749 3502 illuminamur.
769 3472 779 3494 a
800 3450 877 3504 Ecce
902 3451 949 3506 hic

117 3541 197 3595 nulia
214 3539 356 3594 scribitur
372 3538 475 3608 ligura,
489 3537 542 3590 sed
554 3538 653 3605 aperte
669 3537 840 3592 manducari
851 3539 951 3594 Cruci-

118 3629 196 3682 iixus
209 3631 296 3696 atquc
309 3626 371 3679 bibi
387 3625 567 3694 perhibetur.
586 3625 663 3679 Alibi
680 3641 797 3697 quoque
811 3629 868 3681 ait:
886 3651 896 3679 a
920 3630 950 3684 ln

119 3719 305 3770 sacramento
332 3713 486 3766 credentes
497 3712 636 3766 biberunt
660 3715 835 3786 sanguinem
864 3733 951 3788 quem

120 3803 259 3858 fuderunt
275 3803 444 3856 saevientes
464 3827 474 3849 a
494 3802 548 3855 Hic
564 3817 680 3872 quoque
693 3804 803 3858 nullum
820 3806 951 3861 similitu·

119 3893 198 3946 dinis
215 3890 372 3945 offenditur
396 3890 541 3959 nubilum,
563 3891 615 3945 sed
640 3893 774 3946 eumdem
794 3894 823 3947 iu
848 3910 952 3949 sacra-

120 3986 217 4035 mento
247 3980 316 4034 dicti
335 3984 404 4034 sunt
419 3979 533 4034 bibisse
565 3981 757 4051 sanguinem,
784 3984 950 4055 credentes,

120 4084 207 4141 quem
223 4068 382 4123 saevientes
403 4068 550 4123 fuderunt.
569 4068 603 4123 Et
629 4070 658 4121 in
684 4069 758 4124 libro
781 4070 953 4127 Confessio·

121 4174 189 4213 num
207 4175 213 4212 :
234 4181 244 4205 a
262 4158 323 4226 lile,
341 4157 436 4227 inquit
449 4161 518 4211 tuus
544 4159 649 4211 unicus
673 4158 797 4212 redemit
819 4176 865 4214 me
881 4178 953 4215 san-

122 4251 284 4320 guinesu03
295 4262 353 4301 non
364 4247 579 4300 calumnientur
589 4246 660 4299 mihi
670 4249 801 4317 superbi,
815 4250 951 4319 quoniam

122 4338 219 4407 cogito
231 4337 356 4405 pretium
371 4350 468 4388 meum
478 4337 506 4388 et
516 4336 671 4403 manduco,
689 4337 807 4407 etbibo,
825 4342 951 4411 eterogo

122 4427 151 4478 et
165 4440 276 4495 pauper
292 4424 378 4493 cupio
387 4425 513 4477 saturari
526 4439 563 4476 ex
579 4440 623 4478 co.
643 4448 654 4469 ι»
674 4424 750 4479 Ecce
765 4427 952 4498 Augustinus

1305 3452 1403 3507 PARS
1418 3453 1542 3507 SEXTA

1043 3542 1130 3597 XVII.
1147 3543 1220 3597 Sunt
1235 3545 1332 3596 autem
1354 3540 1443 3596 multa
1460 3541 1488 3595 iu
1517 3541 1700 3616 seripturis,
1726 3562 1791 3618 quae
1814 3545 1838 3599 ei

1007 3632 1211 3686 vehementius
1222 3637 1402 3703 exaggerata
1418 3633 1537 3703 tuerint,
1552 3649 1614 3689 non
1631 3651 1723 3705 opem
1731 3635 1836 3700 salutis,

1008 3723 1061 3776 sed
1077 3736 1208 3776 errorem
1219 3720 1346 3774 inierant
1360 3722 1543 3790 perditionis,
1559 3739 1618 3777 nec
1633 3729 1746 3779 acuant
1762 3724 1838 3779 intet-

1008 3812 1126 3880 lectum,
1136 3809 1190 3864 sed
1206 3810 1311 3864 mentis
1328 3809 1507 3865 confundant
1520 3811 1658 3866 intuitum
1671 3832 1679 3878 ;
1698 3813 1839 3884 inquibus

1008 3900 1175 3970 quicunque
1204 3900 1324 3954 modum
1338 3904 1539 3968 reservarunt,
1556 3900 1586 3954 in
1599 3900 1743 3955 Ecclesia
1753 3901 1841 3956 catho-

1010 3987 1066 4042 lica
1081 3987 1283 4058 perstiterunt,
1299 3988 1349 4059 qui
1363 4003 1433 4043 vero
1448 3989 1689 4058 pereffluxerunt
1704 3991 1841 4045 obturato

1009 4091 1067 4147 que
1078 4075 1228 4145 insipienti
1243 4077 1333 4131 corde
1350 4077 1378 4130 in
1393 4077 1625 4148 cogitationibus
1639 4084 1839 4146 evanuerunt,

1010 4166 1038 4217 in
1050 4165 1227 4234 multiplices
1256 4165 1392 4219 salsitatis
1408 4165 1581 4234 phantasias
1606 4167 1744 4223 devoluti
1769 4170 1837 4230 sunt.

1009 4253 1289 4325 haeresiarchesque
1305 4252 1411 4322 allecti,
1429 4254 1592 4310 schismata
1609 4259 1638 4310 et
1655 4259 1838 4313 concisiones

1009 4344 1120 4414 operati
1141 4346 1219 4398 sunt.
1240 4342 1313 4397 Cum
1329 4359 1412 4415 ergo,
1430 4348 1460 4398 ut
1488 4345 1600 4398 dictum
1626 4348 1676 4399 est
1693 4348 1839 4401 innumera

1009 4436 1069 4487 sint
1082 4433 1240 4502 Scripturas
1252 4448 1346 4487 saorae
1362 4433 1587 4503 mysteriaque
1603 4437 1742 4491 revereri
1752 4437 1839 4508 magia

122 4512 274 4567 Christum
289 4513 398 4583 cogitat
413 4512 538 4581 pretium
564 4528 662 4581 suum,
679 4529 804 4584 eumque
821 4532 853 4571 se
869 4504 993 4585 maa-1)
1010 4523 1149 4577 mortales
1164 4537 1250 4592 quam
1268 4522 1392 4574 serutari
1403 4525 1544 4591 oporteat,
1555 4538 1651 4591 pauca
1669 4523 1722 4579 hic
1737 4525 1773 4579 ad
1787 4525 1839 4579 esi·

121 4602 230 4656 ducere
252 4600 331 4668 dicit,
349 4600 417 4670 quia
433 4601 518 4654 cibus
533 4605 589 4670 est,
611 4605 639 4655 et
654 4602 765 4672 bibere,
783 4606 851 4674 quia
866 4611 953 4675 potus

72 4675 76 4681 ’
122 4695 178 4759 est,
195 4692 294 4758 utpote
305 4704 374 4742 caro
389 4691 417 4742 et
433 4689 568 4760 sanguis,
581 4694 609 4743 et
625 4705 748 4761 erogare
766 4733 772 4761 ,
794 4694 953 4766 episcopus

122 4779 200 4833 euim
219 4781 292 4846 erut,
321 4781 348 4831 ct
372 4793 531 4847 pauperem
562 4793 669 4848 cupere
698 4797 735 4834 ex
760 4797 794 4835 eo
815 4787 951 4855 saturari,

122 4865 327 4938 quiahumilis
364 4866 517 4920 nesciebat
554 4867 704 4922 fastidium
730 4869 821 4924 divini
855 4888 954 4928 sacra·

122 4955 223 5010 menti.

157 5043 234 5097 XVI.
252 5043 323 5097 Haec
334 5044 423 5115 igitur
435 5043 559 5097 fideliter
572 5048 600 5098 et
616 5061 681 5099 cum
696 5046 833 5103 fidelibus
849 5051 953 5106 creda-

122 5146 200 5199 mus,
217 5134 249 5185 ut
264 5131 466 5186 manducando
491 5131 669 5187 Crucitixum
693 5139 720 5189 et
735 5137 862 5193 bibendo
888 5157 953 5195 cum

122 5218 183 5271 iliis
199 5220 557 5288 veraciteriituminemur,
572 5223 872 5291 neperinfidetitatem
888 5245 955 5284 cum

123 5305 222 5374 impiis
234 5307 470 5374 obtenebremur;
484 5309 955 5379 qui,vidclicetinfidelestametsi

124 5407 229 5448 vocem
244 5393 427 5466 Christique>
443 5412 561 5451 carnem
573 5399 956 5460 saamdixitcomedcndam

123 5480 344 5552 bibendumque
367 5485 542 5554 sanguinem
557 5488 743 5558 nequiverint
767 5490 856 5562 terre,
886 5494 955 5564 quia

123 5569 282 5630 noluerunt
288 5575 459 5627 reverenter
472 5574 603 5646 credere,
615 5580 710 5633 tamen
724 5579 863 5637 Christus
873 5582 954 5639 Deus

1009 4611 1137 4666 dentiam
1152 4610 1194 4664 rei
1210 4610 1378 4680 subtexam,
1394 4611 1555 4680 exquibus
1572 4615 1619 4665 est
1635 4612 1689 4667 illa
1705 4613 1744 4669 de
1758 4627 1839 4668 voca·

1010 4699 1089 4754 tione
1105 4698 1247 4770 gentium,
1264 4698 1492 4769 ludaeorumque
1508 4698 1685 4768 repulsione
1713 4702 1838 4756 districta

1011 4787 1172 4842 divinitatis
1189 4803 1316 4842 censura
1331 4788 1361 4841 in
1371 4803 1458 4858 quam
1469 4802 1535 4841 cum
1546 4788 1665 4842 Paulus
1692 4789 1838 4861 apostotus

1013 4877 1228 4946 opportunitate
1251 4877 1459 4946 disputationis
1474 4876 1664 4947 impegisset,
1677 4893 1735 4934 uec
1749 4893 1782 4933 se
1795 4893 1838 4931 ex-

1012 4966 1165 5039 planendae
1181 4981 1276 5036 neque
1292 4980 1348 5020 nos
1363 4964 1408 5018 eis
1423 4964 1573 5035 capienda
1589 4965 1736 5023 sulficere
1750 4966 1839 5040 pervi-

1012 5057 1115 5122 disset,
1124 5056 1152 5108 ia
1167 5053 1602 5109 admirationemdivinisecreti
1617 5060 1743 5126 repente
1752 5069 1837 5111 erum·

1011 5160 1104 5216 pens:
1123 5143 1155 5211 O,
1173 5144 1276 5212 inquit,
1304 5143 1429 5197 altitudo
1443 5143 1619 5198 divitiarum
1643 5147 1802 5216 sapientis
1814 5147 1839 5197 et

1011 5233 1145 5288 scientie
1156 5232 1310 5303 baguam
1322 5230 1637 5302 incomprehensibilia
1651 5241 1726 5287 sant
1734 5232 1839 5306 iudicia

1012 5324 1084 5393 ejus,
1097 5327 1125 5374 et
1134 5320 1164 5373 ia
1171 5319 1365 5391 vestigabiles
1379 5320 1433 5375 ria
1447 5319 1528 5391 ejus!
1539 5320 1638 5376 Sedet
1652 5321 1730 5377 illud
1739 5323 1776 5377 de
1785 5320 1838 5375 ani-

1011 5426 1123 5465 marum
1140 5409 1265 5480 origine,
1284 5408 1319 5462 de
1335 5424 1392 5479 qua
1408 5407 1559 5479 multiplex
1575 5411 1653 5478 apud
1666 5411 1771 5466 mundi
1784 5408 1840 5480 phi·

1010 5499 1154 5569 iosephos
1175 5499 1229 5553 tuit
1252 5497 1421 5569 disputatio,
1450 5498 1526 5553 inter
1551 5501 1668 5554 nostrae
1693 5497 1840 5573 religionis

1011 5588 1241 5663 probatissimos
1256 5586 1366 5660 duplex
1374 5590 1420 5644 est
1429 5587 1538 5660 agitata
1544 5586 1840 5661 ratiocinationum
