3900 6112
125 244 204 309 152⁷

627 238 814 303 EBRARDI
835 235 1098 299 WATINENSIS
1123 236 1333 300 canonici.

1760 235 1837 299 1528

122 439 213 498 bilem
241 440 390 495 discutere
418 436 652 506 vellet,seipsum
669 436 698 490 in
715 451 805 490 eausa
820 450 890 491 esse
904 422 997 505 quiA
1014 432 1235 502 impellebatur,
1247 449 1303 489 nos
1323 433 1507 505 injuriasset.
1524 434 1559 489 Et
1575 434 1696 506 quidem
1720 434 1851 490 Romana

122 530 296 602 injuriasset
307 544 365 582 non
377 527 543 597 injuriatos
562 541 595 580 se
609 526 742 579 invenire
762 524 952 594 puniendum,

121 620 241 691 punitos
258 621 354 671 aulem
371 615 576 685 impuniendos
595 630 600 668 :
618 613 748 683 placeret
768 614 884 667 landem
900 614 953 666 ab·

121 707 179 764 lata
191 707 326 775 reddere,
343 704 525 775 exspoliatos
541 704 669 772 receptis
683 702 811 773 propriis
833 701 953 773 jurisdi-

122 798 219 853 ctione
234 798 264 850 in
279 811 334 850 sua
349 794 516 861 restituere,
531 795 611 862 patre
631 791 754 862 turpiter
767 791 887 861 repulso
903 807 951 861 pu·

120 887 259 959 pillorum
275 899 374 938 causae
390 898 447 935 non
464 881 595 935 obviare.
612 879 953 950 Satisjametplusquam

122 975 195 1030 sutis
212 973 409 1045 malignorum
423 969 563 1039 superbia
583 973 611 1023 el
625 970 837 1023 obtrectatione
851 968 953 1022 Gnati-

122 1078 236 1118 nenses
244 1060 463 1130 terramarique
474 1057 569 1112 luisse
580 1058 760 1126 decantatos,
769 1055 829 1127 jam
839 1057 955 1111 invidos

120 1151 158 1208 ad
170 1150 318 1207 cumulum
329 1153 496 1221 grassatos,
512 1147 550 1200 nil
562 1152 675 1201 restare
684 1147 747 1216 spei
761 1147 790 1200 in
803 1150 953 1216 posterum

120 1239 364 1313 praetermiserim
376 1240 404 1292 et
412 1236 585 1307 plorationis
594 1235 733 1306 elogium.
745 1234 803 1290 Sed
812 1251 846 1289 eo
856 1240 953 1290 tamen

121 1329 250 1384 miseros
261 1325 476 1399 apudjudiccm
488 1324 720 1379 miserabiliores
730 1324 759 1377 in
774 1324 852 1378 omni
863 1340 953 1379 eausa

120 1417 230 1473 debere
258 1416 332 1486 ilari,
362 1431 420 1486 quo
436 1415 472 1468 ab
489 1414 604 1469 aemulis
620 1414 839 1484 opprimuntur;
856 1416 952 1467 tamen

121 1521 211 1575 super
222 1504 318 1560 omnia
326 1503 513 1574 cogitandum
523 1502 636 1573 quodie
646 1501 761 1555 divinus
770 1502 853 1573 leges
865 1501 953 1571 impie

119 1595 238 1664 impune
252 1608 342 1664 agere
351 1592 401 1646 diu
410 1607 468 1646 non
481 1590 667 1645 redonasti
677 1594 772 1644 autem
784 1590 953 1645 Neroniana

119 1685 252 1753 tempora
268 1682 314 1735 bis
329 1696 420 1750 posse
436 1680 583 1746 convinci,
600 1694 666 1749 quae
682 1678 750 1732 lieet
766 1678 883 1732 Petrum
899 1678 953 1731 ab·

120 1772 332 1842 sumpsissent,
345 1769 398 1823 sed
410 1773 506 1823 tamen
522 1768 609 1821 fidem
622 1767 701 1821 illius
716 1766 772 1821 sub
785 1768 953 1821 testimonio
968 1801 992 1863 Β

119 1875 306 1917 reservasse.
323 1858 408 1912 Nune
424 1873 496 1912 vero
512 1857 540 1910 in
556 1857 611 1910 hac
628 1872 727 1910 rerum
739 1856 953 1926 intemporie,si

119 1951 217 2005 tenuis
229 1947 383 2019 injustitiae
399 1946 480 2000 irena
502 1944 720 2015 laxentur-,quid
731 1945 808 1998 eliud
820 1945 877 1999 nisi
885 1945 953 1998 lidei

119 2040 210 2095 lolius
226 2037 413 2091 fundamenta
424 2034 663 2105 collidere,alque
689 2034 752 2104 ipsa
764 2033 892 2088 Veritale
903 2049 952 2087 re·

120 2129 276 2183 clamante:
297 2125 362 2196 Epo
372 2139 425 2195 pro
438 2122 706 2194 teropavi,!’etre,
724 2128 753 2176 ut
770 2121 952 2177 nondedeiat

119 2216 196 2272 tides
213 2220 270 2282 tua,
283 2229 349 2286 quae
366 2213 526 2267 infidelium
541 2212 712 2266 intemerata
723 2212 841 2283 reliquit
852 2211 952 2280 impie·

118 2308 175 2375 laS,
192 2303 328 2375 ejusdem
348 2301 436 2373 eujus
451 2317 509 2356 non
526 2301 641 2356 desinet
656 2301 730 2355 tides
747 2304 849 2355 contra
866 2299 952 2353 Veri-

118 2396 207 2450 tatem
223 2395 310 2448 etiam
326 2395 499 2446 testamenta
515 2390 636 2445 delore?

156 2482 262 2538 XXVI.
278 2511 313 2520 —
328 2481 470 2534 Intererat
480 2479 548 2533 huic
560 2479 741 2533 altercationi
754 2478 832 2533 fitius
841 2480 952 2532 sauctae

120 2573 262 2629 Romanae
287 2570 431 2624 Ecclesiae
447 2569 479 2622 11·
496 2568 595 2623 Sancti
610 2568 844 2622 dudomaronsis
865 2582 952 2621 cano-

119 2662 216 2730 nieus,
232 2674 320 2731 quem
335 2659 363 2712 in
379 2673 466 2712 sacro
481 2658 587 2727 palatio
613 2673 680 2710 eum
692 2656 872 2711 venuraudie
889 2671 951 2709 me-

119 2749 221 2806 moriae
236 2748 381 2819 Gregorio
398 2745 446 2800 Vll
462 2761 520 2800 non
536 2761 628 2815 parvo
645 2749 775 2815 tempore
792 2761 953 2800 commora-

119 2842 181 2896 tum
192 2837 406 2904 olnovimus,el
417 2835 570 2904 splendide
580 2834 799 2904 peregrinatum
812 2832 949 2888 vidimus.

118 2927 174 2994 Qui
191 2926 351 2982 Romuleos
367 2925 467 2994 apices
475 2927 605 2978 reserata
617 2923 814 2977 charlaveluti
826 2922 951 2977 familia-

117 3017 161 3071 ris
175 3015 345 3087 aliquandiu
367 3014 567 3068 collectaneus
587 3012 721 3066 acumine
747 3012 864 3066 clariori
880 3011 951 3082 quid

120 3106 304 3161 continerent
326 3104 459 3172 intuitus,
477 3107 538 3156 rata
555 3103 793 3172 interpretatione
809 3101 874 3155 sine
890 3101 950 3154 dii-

119 3193 247 3249 ficultate
260 3192 392 3261 resolvit,
409 3195 438 3247 et
453 3191 798 3262 oppilaloreirugantium
811 3189 950 3245 oreGua-
967 3164 992 3230 c

118 3279 951 3351 linensilicclesiaeeullumprivilegiumresignariabuu-

120 3373 200 3428 danti
215 3373 327 3426 ratione
353 3371 489 3425 convicit.
506 3369 555 3423 Sic
570 3370 661 3439 igitur
677 3371 802 3422 restituti
817 3384 851 3421 ac
866 3371 949 3439 grato

119 3462 332 3534 postliminium
349 3460 475 3527 reversi,
491 3459 631 3527 deinceps
646 3457 952 3527 aliquainquieludine

118 3551 283 3605 libertatem
312 3552 443 3603 nostram
471 3564 487 3600 a
517 3547 632 3600 nemine
648 3547 825 3600 rescivimus
841 3562 950 3617 caupo·

118 3640 194 3694 nari.

154 3725 274 3780 xxvii.
312 3724 527 3780 Watinensiunr
552 3726 582 3779 in
612 3725 752 3780 adversis
776 3726 950 3781 moderatio.

117 3816 217 3887 Dropo
234 3816 386 3886 episcopus
406 3814 755 3869 Tervanensismoritur.
772 3846 807 3854 —
824 3815 863 3869 Eu
875 3818 949 3870 lem-

118 3909 244 3976 pestate,
262 3920 329 3959 cum
344 3904 373 3957 io
388 3903 490 3958 Galliis
506 3904 705 3974 perdiversas
721 3905 810 3959 sedes
826 3904 950 3976 plurima

118 3993 242 4048 concilia
257 3993 489 4060 celebrarentur,
508 3995 536 4046 et
550 3994 585 4046 eb
603 3993 730 4064 liugane
747 3994 848 4047 Iliensi
860 4009 949 4047 sane-

117 4085 154 4136 tae
185 4082 325 4137 Romanae
355 4082 498 4135 Ecclesiae
527 4081 730 4153 legalomulta
760 4082 948 4154 corrigeren-

115 4174 173 4242 tur,
191 4172 289 4226 clerus
307 4171 485 4225 illorinensis
509 4187 563 4240 per
583 4171 800 4241 simplieitatem
816 4172 949 4241 episcopi

115 4261 209 4329 senia,
239 4265 301 4314 tum
328 4260 357 4313 iu
382 4261 480 4328 nobis,
511 4261 616 4314 lumin
641 4260 718 4325 aliis,
742 4276 796 4329 pro
811 4261 949 4331 qualitate

114 4350 257 4419 temporis
273 4349 313 4403 ila
336 4349 454 4420 impuno
478 4348 652 4403 delirabant.
670 4350 701 4403 ln
717 4349 773 4403 hoc
789 4353 885 4404 tamen
901 4367 949 4404 co·

114 4453 220 4493 namur
257 4453 321 4494 eos·
340 4453 495 4508 excusare,
531 4439 610 4509 quod
636 4455 701 4493 eum
734 4439 822 4494 multo
851 4440 949 4495 minus

1015 523 1117 592 pictae.
1145 524 1192 577 cui
1206 524 1234 576 in
1258 524 1362 578 eodem
1384 524 1631 592 assentiabamus,
1647 539 1715 594 quae
1730 539 1850 592 semper

1016 611 1185 666 laborantes
1204 613 1418 667 misericordiae
1443 613 1555 684 gremio
1581 613 1739 681 suscipere
1775 612 1849 667 solet

1016 702 1111 756 virum
1138 702 1225 755 habet
1250 703 1328 756 velut
1350 704 1503 756 emeritum
1528 717 1626 771 suum,
1658 701 1798 772 quanrvis
1821 701 1848 754 in

1016 791 1165 861 aliquibus
1183 793 1289 844 statum
1301 790 1474 859 reipublicae
1485 790 1712 844 labefactantem
1719 792 1848 842 materne

1015 880 1189 946 sustinebat,
1203 880 1271 950 quia
1291 880 1508 949 simplicitatem
1523 896 1589 934 cum
1606 881 1764 934 senectute
1785 894 1850 947 peu·

1015 984 1097 1038 sans,
1114 972 1193 1024 tanto
1210 984 1263 1037 pro
1280 983 1314 1022 eo
1334 969 1488 1023 sollicitior
1503 973 1591 1039 atque
1621 967 1755 1023 timidior
1770 967 1850 1021 vide·

1015 1058 1225 1129 butur,quanto
1237 1058 1360 1112 scientia
1371 1074 1405 1111 ae
1414 1058 1594 1112 discretione
1603 1058 1758 1112 excedens
1767 1057 1848 1111 morti

1016 1146 1265 1213 vicinior,dierum
1282 1148 1387 1217 plenus
1395 1146 1524 1217 quotidie
1535 1144 1848 1201 efficiebatur.Etenim

1015 1252 1073 1290 non
1091 1238 1180 1290 multo
1204 1240 1271 1307 post
1296 1237 1360 1307 ipse
1375 1235 1548 1306 defungitur
1563 1251 1642 1290 anno
1659 1234 1847 1304 episcopatus

1016 1326 1063 1380 sui
1079 1325 1338 1396 quinquagesima.

1050 1413 1183 1468 xxiiii.
1200 1413 1353 1468 Huberlus
1368 1413 1597 1468 archidiaconus
1615 1413 1766 1468 succedit.
1778 1414 1846 1468 —ln

1016 1502 1845 1573 cujussodemIluberlusejusdemEcclesiaearrhidiaco

1015 1609 1071 1646 nus
1098 1591 1288 1662 subrogatur,
1306 1591 1354 1644 vir
1368 1591 1513 1662 elegantis
1538 1593 1676 1647 scientiae
1692 1608 1729 1646 ac
1744 1592 1845 1664 dignus

1015 1680 1184 1749 donrinio,si
1199 1681 1268 1748 sibi,
1285 1684 1315 1734 ut
1330 1681 1421 1750 aiunt,
1443 1681 1588 1734 dominari
1605 1682 1771 1750 potuisset:
1788 1697 1846 1751 quc

1015 1786 1064 1824 res
1080 1770 1237 1839 plerosque
1253 1768 1465 1823 multotiensad
1478 1785 1573 1840 usque
1584 1770 1776 1825 interniciem
1785 1787 1844 1824 eon·

1015 1859 1089 1913 ludit
1112 1862 1257 1928 potentes
1283 1858 1337 1922 Qui
1361 1859 1561 1912 sacerdotium
1576 1859 1720 1929 adeptus,
1737 1874 1801 1914 eum
1815 1860 1843 1914 ad

1014 1948 1221 2003 continentiam
1230 1946 1372 2001 Ecclesiae
1388 1949 1679 2016 suaapossessiones
1695 1951 1725 2002 et
1741 1949 1842 2017 altaria,

1014 2037 1163 2107 inquibus
1186 2052 1252 2090 cum
1267 2035 1382 2090 deiecto
1398 2036 1627 2105 praedecessore
1644 2042 1672 2091 et
1689 2038 1756 2107 ipsa
1771 2037 1843 2092 deie-

1015 2127 1135 2193 leceret,
1153 2130 1273 2179 strenue
1297 2123 1455 2192 conferret,
1473 2127 1501 2179 et
1516 2126 1602 2195 quasi
1620 2126 1788 2180 redivivam
1802 2142 1842 2180 re·

1016 2216 1144 2270 formare
1166 2214 1345 2284 disponeret,
1367 2213 1452 2267 lionae
1481 2214 1544 2282 spei
1559 2214 1639 2283 apud
1655 2214 1760 2285 plures
1783 2230 1842 2270 esse

1016 2304 1245 2374 eoepe1·ot,quod
1261 2302 1369 2356 utiliter
1381 2302 1604 2373 episcopalibus
1620 2303 1771 2358 reditibus
1785 2320 1843 2374 pro·

1016 2394 1144 2447 videret:
1158 2392 1234 2446 unde
1246 2392 1273 2446 si
1288 2392 1324 2445 ab
1336 2407 1371 2446 eo
1386 2391 1490 2446 collata
1500 2395 1622 2445 servata
1633 2392 1843 2447 remansissent

1016 2482 1120 2537 felices
1136 2496 1232 2550 usque
1243 2479 1330 2534 hodie
1346 2482 1845 2551 successorespraeteriremusept-

1015 2586 1135 2640 scopos,
1152 2571 1202 2640 qui
1218 2569 1295 2624 unde
1305 2569 1455 2624 alerentur
1469 2584 1527 2623 non
1543 2574 1739 2641 egerent,nee
1750 2571 1845 2625 distra-

1016 2659 1157 2713 herentur
1181 2662 1281 2713 eontra
1297 2658 1437 2727 Spiritum
1453 2661 1588 2712 sanctum
1603 2659 1722 2713 venalia
1739 2665 1843 2714 saireto·

1016 2764 1081 2802 rum
1096 2747 1229 2802 locorum
1244 2748 1417 2818 patrocinia,
1434 2764 1500 2818 qiiae
1517 2764 1569 2818 por
1584 2747 1752 2804 Simoniam
1766 2749 1843 2821 igno·

1014 2836 1126 2892 bilibus
1142 2836 1302 2891 commissa
1317 2837 1467 2905 personis,
1492 2836 1528 2888 ad
1543 2836 1719 2891 miseranda
1735 2835 1843 2892 vivendi

1016 2927 1194 2981 eonrmerein
1212 2925 1277 2979 suis
1301 2923 1493 2979 mercenariis
1510 2923 1728 2996 suffragantur.

1050 3015 1155 3070 xxix.
1173 3012 1319 3079 Quornodo
1333 3029 1367 3067 se
1380 3013 1512 3084 gesserit
1524 3014 1554 3066 in
1564 3015 1749 3087 episcopatu.
1760 3014 1846 3067 —Ta

1014 3105 1094 3160 libus
1110 3095 1206 3158 aulem
1224 3103 1316 3157 initiis
1328 3102 1355 3156 si
1370 3102 1564 3172 reliqua,dum
1577 3103 1673 3157 luitin
1689 3104 1844 3174 episcopio,

1016 3212 1068 3266 pro
1076 3193 1289 3263 temporalocis
1300 3192 1472 3262 etpersonis
1480 3191 1846 3263 convenienteradaequas·

1016 3289 1072 3353 set,
1089 3284 1186 3337 minus
1202 3282 1371 3349 interlunia,
1389 3280 1457 3350 plus
1472 3280 1590 3335 decoris
1609 3281 1780 3337 habuisset.
1794 3280 1845 3336 Sed

1015 3374 1083 3428 dum
1095 3371 1303 3426 inordinandis
1312 3370 1500 3441 quibusdem,
1511 3370 1569 3423 sibi
1582 3373 1748 3425 contentus
1758 3370 1846 3441 magis

1015 3462 1141 3518 libertati
1156 3461 1259 3532 gralia
1274 3476 1332 3531 qua
1347 3475 1379 3513 ee
1395 3461 1561 3529 promotum
1571 3458 1845 3530 fidebal,quamdis·

1016 3551 1137 3608 crelioni
1151 3550 1467 3612 attenderet,damnoso
1483 3548 1650 3620 magisterii
1678 3549 1793 3602 clavum
1806 3562 1845 3600 re-

1016 3657 1101 3715 gens,
1117 3642 1147 3694 in
1162 3640 1281 3694 altiores
1297 3654 1443 3709 personas
1465 3638 1598 3709 impegit.
1615 3636 1696 3691 Nam
1719 3636 1846 3708 pluribus

1015 3732 1082 3786 aliis
1097 3731 1206 3802 quibus
1218 3728 1368 3783 confidere
1392 3729 1497 3797 posset
1511 3730 1580 3781 ante
1594 3725 1740 3797 abjectis,
1758 3726 1846 3797 ipsun

1016 3822 1179 3892 principem
1195 3819 1285 3873 totius
1301 3816 1447 3871 Flandrite
1462 3816 1580 3871 tandem
1590 3815 1649 3870 hec
1664 3816 1703 3871 de
1718 3831 1807 3870 causa
1820 3815 1845 3867 in

1016 3909 1176 3980 perniciem
1193 3909 1239 3962 sui
1251 3906 1419 3961 commovit.
1436 3901 1509 3957 Cum
1523 3905 1602 3957 enim
1618 3904 1650 3957 in
1663 3905 1791 3959 coneilio
1802 3903 1846 3956 Pi·

1016 3997 1146 4053 ctavensi
1163 3996 1288 4068 quodam
1304 4010 1320 4048 a
1340 3995 1447 4049 domno
1463 3994 1589 4064 Hugone
1606 3993 1747 4047 itomano
1758 3993 1846 4063 legato

1016 4087 1048 4142 E.
1059 4087 1152 4141 obbas
1164 4084 1327 4156 bergensis
1335 4082 1462 4137 caenobii
1478 4081 1637 4150 depositus
1666 4081 1846 4141 rediisset‚el

1015 4176 1150 4230 monachi
1162 4175 1290 4245 benigue
1306 4171 1453 4226 licentiam
1467 4186 1484 4224 a
1499 4170 1636 4240 principe
1651 4170 1845 4240 accepissent,

1014 4269 1077 4319 orla
1092 4263 1291 4331 dissensione,
1317 4263 1404 4331 atque
1420 4259 1469 4313 diu
1485 4258 1584 4312 babila
1604 4258 1756 4312 intereos
1773 4272 1847 4328 quie·

1014 4355 1120 4423 stione,
1138 4353 1175 4408 ob
1191 4351 1331 4405 invidiam
1346 4347 1526 4404 ascendendi
1541 4348 1570 4401 ia
1587 4363 1684 4402 unum
1695 4346 1847 4402 convenire

1013 4461 1071 4499 non
1091 4445 1259 4512 potuerunt.
1277 4439 1321 4494 Ad
1337 4438 1415 4510 quod
1431 4435 1634 4492 deliniendum
1651 4436 1847 4491 Viennensem

115 4541 202 4598 quam
217 4526 412 4599 quorumdum
427 4526 570 4597 poscebat
581 4528 678 4582 invide
695 4529 852 4600 suggestio
869 4530 987 4599 pale-D
1014 4531 1271 4601 arehiepiscopum
1288 4528 1397 4599 W.qui
1408 4526 1596 4582 icrlodiebus
1606 4525 1671 4580 illis
1679 4525 1845 4589 advenerat,

113 4617 345 4684 remur,animus
361 4631 463 4672 eorum
476 4617 526 4670 vix
540 4634 556 4671 a
571 4618 668 4686 nobis,
690 4619 771 4672 salva
786 4618 949 4687 episcopali

112 4705 288 4776 reverentia,
314 4706 345 4760 in
373 4710 474 4760 nostra
502 4706 676 4760 defensione
691 4707 828 4761 recessit.
846 4708 902 4759 Sed
917 4707 946 4760 in

112 4793 160 4849 his
189 4795 328 4850 omnibus
344 4811 411 4866 quae
435 4795 517 4864 pacis
533 4796 582 4848 ulii
598 4810 766 4860 eversores,
785 4799 872 4865 alque
899 4796 948 4850 alii

112 4886 326 4956 suggerebant,
362 4884 450 4955 digna
486 4884 605 4955 quidem
641 4884 898 4939 animadversione
919 4887 945 4939 si

110 4973 215 5027 ulcisci
243 4973 279 5028 de
302 4988 359 5028 nos
388 4972 575 5042 pulsantibus
606 4972 761 5042 velloinuS,
797 4990 946 5044 nunquam

111 5066 268 5132 propterea
284 5063 471 5118 venerandos
501 5078 591 5116 canos
607 5065 664 5115 tum
686 5064 790 5117 annosi
807 5065 946 5118 sacerdo-

111 5149 150 5204 tis
175 5150 471 5220 offendimus,neoin
499 5155 576 5205 lauta
611 5152 726 5206 levitate
751 5168 863 5206 morum
900 5155 945 5208 rel

112 5238 237 5293 concilia
265 5242 491 5310 appellavimus,
517 5241 562 5295 vol
579 5242 755 5295 sententiam
772 5241 800 5294 in
817 5258 884 5296 eum
897 5243 945 5313 ja-

112 5327 268 5381 culandam
307 5329 405 5399 aliqua
446 5329 595 5399 protervia
634 5333 815 5385 censuimus.
854 5332 945 5387 Tanta

109 5415 336 5470 mansuetudine
353 5419 578 5474 commotionem
590 5423 721 5473 nostram
739 5420 769 5472 in
782 5420 946 5475 nobismet-

107 5504 184 5576 ipsis
197 5504 354 5577 fregimus,
367 5505 700 5577 eumintermullipliees
712 5509 945 5582 querelasatque

106 5593 310 5665 impetentium
319 5594 532 5664 perversitates
543 5601 629 5668 prout
637 5595 674 5652 ab
686 5598 944 5655 osoribusnostris

1014 4622 1062 4692 qui
1079 4616 1417 4674 cienobiiCluuiacensis
1429 4614 1685 4683 interpraecipuos
1695 4614 1845 4686 regulares

1011 4709 1187 4775 habebatur,
1204 4705 1503 4777 pr·ineepsaccivit,ut
1518 4702 1618 4773 ipsius
1630 4703 1846 4773 consilioquern

1011 4798 1161 4854 destitutae
1192 4795 1329 4850 eeclesiae
1354 4796 1467 4865 patrem
1491 4791 1704 4859 constitueret,
1724 4787 1846 4864 regulari

1012 4890 1130 4942 decreto
1144 4887 1348 4956 investigaret.

1047 4966 1845 5043 XXXJ'riorWatinensiselipendurusupparilinab

1008 5067 1106 5121 batem
1125 5065 1308 5135 Berpeusem
1330 5062 1389 5116 Aa.
1406 5059 1576 5114 iuouaclrum
1587 5057 1622 5113 S.
1642 5060 1774 5132 liperici
1785 5055 1844 5109 l-'ir-

1009 5147 1077 5210 (liin.
1093 5183 1127 5193 -
1142 5152 1241 5222 laquo
1258 5153 1403 5205 conventu
1430 5149 1512 5219 prior
1537 5151 1646 5202 noster
1673 5148 1704 5201 in
1728 5147 1844 5202 medium

1007 5245 1163 5317 suggessit
1176 5240 1372 5295 virdunensis
1384 5255 1488 5294 mouns
1497 5238 1566 5292 terii
1576 5236 1610 5292 S.
1623 5239 1727 5310 ayrici
1744 5236 1798 5291 sub
1807 5249 1844 5288 re

1007 5335 1075 5407 gula
1091 5331 1185 5386 sancti
1195 5329 1345 5384 Benedicti
1359 5328 1503 5399 religiose
1528 5326 1641 5398 discipl
1648 5329 1761 5382 inatum
1774 5324 1843 5380 dom·

1007 5442 1043 5478 nu
1050 5440 1075 5477 m
1094 5421 1146 5476 ed.
1160 5417 1216 5484 d3)
1226 5418 1369 5488 proximis
1380 5418 1485 5471 diebus
1502 5420 1553 5470 nol
1563 5430 1600 5470 os
1617 5416 1737 5471 visendi
1749 5411 1841 5487 gratia,

1005 5514 1035 5567 in
1050 5509 1250 5567 diversorium
1266 5506 1402 5562 eeclesiae
1417 5509 1529 5560 nostrae
1545 5504 1732 5573 declinasse,
1744 5504 1781 5559 ibi
1789 5515 1839 5556 ruo·

144 5759 201 5834 ua)
219 5761 252 5820 ln
265 5759 345 5821 serie
374 5759 513 5819 abbatum
538 5760 719 5840 Bergenium
747 5765 846 5826 nullus
867 5773 928 5847 est,
952 5769 1043 5849 euius
1063 5782 1173 5829 nomen
1191 5766 1231 5826 ila
1247 5762 1386 5841 ineipait,
1413 5762 1468 5822 sed
1490 5761 1683 5844 Emergero
1697 5757 1838 5841 subjicitis·
