3900 6112
148 268 209 332 599
661 267 693 328 S.
718 265 908 329 ANSELMI
931 262 1136 329 LUCENSIS
1158 260 1354 327 srlscom

150 469 189 525 Ut
204 471 321 523 liuentis
339 466 488 538 quidpiam
503 465 623 520 haurias
637 464 780 534 dulcoris,

111 604 113 609 ,
151 560 244 627 Aoum
261 559 328 609 inte
344 557 492 607 lamiarum
509 554 634 624 pretium
650 555 777 622 cruoriS,

152 647 228 699 Hinc
245 650 284 698 tui
299 645 411 697 ruratio
426 644 552 711 protlnnt
566 643 731 713 languoris.

187 735 210 788 0
226 736 297 786 inira
315 732 444 800 dignatio
459 732 498 800 pii
514 731 686 799 Sali'atoriS,

151 823 259 878 Overc
277 821 399 874 mirilico
410 820 504 888 pietus
520 820 640 888 amoris,

152 910 267 980 Expers
284 909 378 977 culpae
393 909 540 977 nosceris,
557 909 640 976 lesu,
657 909 713 964 llos
729 908 859 981 decoris,
889 906 892 912 ’

152 999 233 1069 Ergo
250 999 300 1064 tui,
317 997 392 1068 proh
407 997 513 1051 dolor?
527 1013 618 1052 causa
634 1014 701 1052 sum
717 998 839 1054 doloris.

189 1085 279 1157 Ergo,
297 1083 372 1139 beul
389 1086 541 1155 superbio,
557 1090 589 1140 tu
604 1085 786 1142 humiliaris!

154 1176 218 1248 Ego
233 1175 336 1244 culpas
349 1177 498 1244 perpetro,
515 1176 547 1229 tu
561 1189 648 1245 poena
660 1175 797 1231 multaris
809 1191 818 1247 ς

153 1264 217 1336 Ego
231 1264 314 1319 fruor
329 1263 479 1334 dulcibus,
495 1266 525 1317 tu
541 1263 609 1319 telle
624 1266 756 1336 potaris;

153 1353 217 1425 Ego
231 1357 299 1424 peto
314 1351 423 1422 mollia,
439 1356 469 1406 tu
484 1353 558 1408 dure
574 1354 721 1410 tractaris.

189 1440 234 1496 nd
247 1443 286 1510 te,
304 1441 399 1510 Pater,
416 1441 514 1512 dirigo
529 1441 764 1513 Propitiatorem,

154 1532 278 1601 Propter
292 1546 338 1584 me
353 1530 402 1601 qui
420 1531 571 1600 proprium
587 1530 689 1586 alludit
702 1548 850 1589 cruorem.

155 1621 250 1687 Pater,
266 1634 303 1673 ne
318 1618 478 1688 despicias
496 1634 610 1688 quaeso,
628 1625 826 1691 peccatorem,

153 1710 211 1762 Pro
227 1723 285 1778 quo
301 1722 422 1776 passum
438 1708 541 1778 gravia
555 1709 634 1762 nosti
651 1711 890 1780 lledemptorem.

190 1796 251 1849 Tua
267 1796 352 1850 docet
365 1794 477 1863 passio,
495 1794 622 1864 Christe,
639 1795 780 1852 dolorosa

154 1883 285 1939 Creatori
301 1883 372 1936 vitia
387 1898 475 1953 quarn
491 1882 551 1936 siut
566 1884 680 1952 odiosa,

155 1970 265 2026 Inferni
281 1971 426 2039 supplicia
442 1986 530 2042 quam
548 1973 608 2026 sint
622 1972 800 2044 lacrymosa,

153 2061 248 2130 Atque
264 2058 331 2113 coeli
347 2060 453 2129 gaudia
469 2075 557 2130 quam
573 2061 632 2114 sint
648 2062 807 2133 gaudiosa.

190 2148 277 2213 llinc,
294 2164 310 2201 o
326 2148 419 2203 lector
434 2148 574 2219 diligens
592 2148 678 2205 facile
694 2152 867 2221 perpendis,

154 2236 258 2292 lesum
271 2252 393 2305 passum
408 2237 525 2290 intuens
540 2252 594 2306 pro
610 2239 707 2307 culpis
720 2237 867 2310 delendis,

155 2324 250 2396 Atque
266 2341 319 2394 pro
337 2325 492 2395 suppliciis
508 2325 596 2379 nobis
612 2326 796 2397 auterendiS,

155 2413 306 2485 Simulque
322 2428 377 2484 pro
390 2413 507 2485 gaudiis
523 2415 590 2469 coeli
606 2415 810 2471 conterendis.

191 2501 215 2556 0
230 2517 318 2573 quam
333 2502 517 2556 admirabilis
532 2517 613 2556 amor
628 2505 848 2575 comprobatur,

156 2590 229 2644 Cum
243 2591 335 2644 lesus
349 2605 403 2659 pro
419 2590 500 2644 vitiis
516 2592 627 2643 nostris
642 2591 820 2660 immolatur,

157 2677 193 2733 m
208 2694 260 2747 pro
276 2679 370 2748 pannis
386 2678 493 2732 debitis
508 2680 596 2733 nobis
611 2681 770 2750 cruciatur,

158 2767 286 2837 Suisque
302 2766 454 2821 doloribus
469 2767 576 2839 gaudia
591 2771 747 2822 mercatur.

195 2855 273 2927 Ergo
289 2858 359 2925 tuis,
374 2857 481 2925 anima,
496 2857 611 2911 viribus
627 2872 735 2911 conare

160 2944 241 2999 Hanc
254 2943 364 2999 amoris
378 2945 503 3016 gratiam
518 2945 607 3016 digne
624 2960 828 3016 compensum,

159 3035 244 3088 llunc
260 3035 329 3088 totis
345 3034 518 3104 praecordiis
534 3035 669 3106 gaudens
686 3035 865 3105 amplexare,

159 3124 272 3179 Praetcs
287 3125 385 3195 ipsum
401 3124 518 3194 penitus
535 3124 574 3178 nil
591 3124 666 3179 velis
682 3140 791 3179 amare.

193 3214 278 3281 lesu,
294 3214 393 3268 cordis
409 3213 559 3286 gaudium,
575 3219 603 3269 et
613 3213 739 3268 dulcedo
755 3213 872 3280 mentis,

159 3303 273 3356 Animae
289 3302 425 3356 solatium
442 3302 471 3356 in
485 3304 513 3356 te
528 3301 715 3369 confidentis,

160 3390 200 3444 Te
212 3390 342 3461 benigne
357 3390 501 3461 deprecor
516 3391 656 3460 precibus
672 3389 802 3458 attentis,

161 3479 218 3533 Mei
231 3494 343 3532 memor
359 3479 488 3549 singulis
502 3482 605 3532 custos
620 3479 665 3532 sis
681 3477 848 3533 momentis.

352 3566 505 3636 Depositio
521 3565 638 3642 Qbristi
653 3581 692 3622 ex
706 3581 803 3622 cruce.

196 3653 317 3721 Olesu‚
332 3670 419 3725 quem
433 3655 514 3708 curia
531 3654 598 3709 coeli
610 3656 779 3725 veneratur,

162 3744 256 3798 Tuum
271 3759 359 3815 quam
375 3743 497 3798 mirilico
513 3759 588 3814 opus
604 3739 845 3797 consummaturi

162 3832 227 3887 lam
243 3832 279 3886 de
295 3847 383 3886 cruce
395 3836 512 3902 tempus
527 3836 574 3887 est
589 3836 619 3886 ut
632 3847 741 3902 corpus
755 3830 886 3902 tollatur,

163 3919 199 3975 st
212 3921 306 3975 labori
320 3922 441 3991 requies
456 3936 493 3976 ex
508 3921 565 3976 boc
579 3921 768 3976 concedatur.

199 4010 380 4064 Nicodamus
396 4013 424 4064 et
439 4010 552 4079 loseph
566 4014 633 4080 post
649 4009 714 4064 haec
728 4008 885 4078 affuerunt,

163 4099 217 4166 Qui
231 4114 416 4171 nequaquam
432 4099 547 4153 Domini
562 4099 628 4153 neci
642 4099 871 4166 consenserunt,

164 4189 201 4243 lli
217 4189 323 4259 pedum
339 4204 373 4243 ac
388 4203 527 4243 manuum
542 4187 643 4241 clavos
658 4187 834 4257 eduxerunt,

163 4279 259 4350 Atque
275 4277 311 4332 de
325 4277 456 4349 patibulo
472 4291 583 4347 corpus
596 4276 790 4331 sustulerunt.

199 4367 284 4422 Nunc
299 4366 446 4422 accedens
461 4381 589 4436 propera
600 4364 732 4421 Genitrix
748 4364 862 4435 orbata,

163 4456 216 4511 Pia
231 4457 291 4510 nati
305 4457 427 4510 vulnera
442 4459 526 4527 terge
542 4455 703 4522 cruentata,

164 4543 272 4599 Oscula
287 4543 462 4599 vulneribus
478 4544 651 4613 imprimens
661 4541 758 4610 beata,

164 4633 327 4706 Sanguinis
341 4631 481 4686 libamina
496 4630 605 4702 collige
620 4631 747 4685 sacrata.

201 4722 304 4794 Cujus,
320 4722 449 4792 inquam,
467 4719 583 4791 integre
594 4732 646 4774 cor
659 4714 841 4789 excogitavit

165 4812 279 4878 Quanto
293 4809 388 4865 Meter
402 4807 501 4864 studio
516 4806 640 4862 vulnera
654 4804 802 4873 tractavit,

165 4902 202 4956 Et
215 4900 367 4955 tractando
382 4896 524 4970 lacrymis
538 4898 658 4969 tergere
674 4893 801 4964 curarit,

165 4989 259 5057 Quam
273 4989 389 5045 crebris
404 4987 517 5044 osculis
530 4985 580 5040 illa
595 4983 758 5040 delibavit?

202 5081 279 5148 lam,
293 5078 384 5150 Virgo
400 5076 583 5143 dulcissime,
596 5072 659 5145 jam
672 5073 773 5128 cessat
787 5069 930 5142 ploratus,

167 5168 245 5223 Ecce
258 5168 341 5221 dolor
355 5165 421 5220 Filii
437 5168 537 5220 cessat
551 5162 723 5231 tumulatus,

168 5257 319 5326 Instatqne
334 5255 444 5309 laetilite
459 5253 524 5309 dies
539 5253 707 5322 exoptatus,

168 5345 200 5398 ln
212 5358 272 5415 quo
285 5342 348 5414 jam
359 5357 377 5396 a
389 5342 513 5396 mortuis
529 5340 568 5394 sit
578 5339 785 5395 resuscitatus.

453 5445 563 5501 Famae
587 5445 715 5501 Cliristi.

206 5555 335 5610 Sindone
350 5552 534 5607 Dominicum
546 5567 655 5622 corpus
670 5549 849 5621 implicatur,

107 5658 130 5735 ,Α
170 5642 207 5699 Et
221 5661 288 5702 cum
301 5641 484 5707 aromatibus
500 5639 660 5710 sepulturae
675 5640 777 5701 datum

997 453 1021 516 Α
1044 462 1101 520 Sed
1112 466 1144 519 ul
1157 463 1315 534 discipulis
1330 463 1430 518 furtim
1443 478 1502 519 non
1514 462 1644 531 tollatur,

1043 553 1168 607 Militum
1181 552 1316 608 custodia
1330 552 1461 607 tumulus
1475 551 1613 607 vellatur.

1080 641 1252 712 Magdalena
1268 641 1395 712 denique
1407 640 1508 696 locum
1524 639 1717 709 observabat,

1044 730 1115 795 Quae
1128 731 1200 784 lesu
1214 730 1364 800 praecipuo
1380 743 1480 784 amore
1496 729 1653 800 ttegrabat,

1044 818 1174 889 Pervigil
1191 824 1355 873 aromatum
1369 823 1522 890 unguenta
1537 819 1672 889 parabat,

1043 906 1158 973 Quibus
1173 905 1238 961 haec
1253 921 1421 979 perungere
1437 906 1541 962 lesum
1556 905 1729 962 festinabat.

1288 994 1485 1051 Resurrectio
1500 994 1628 1051 Gliristi.

1080 1082 1169 1154 Atqui
1180 1084 1247 1140 luce
1262 1084 1424 1153 Dominica,
1442 1084 1512 1139 dnm
1524 1085 1591 1140 haec
1605 1082 1781 1156 peragebat,

1046 1173 1189 1228 Dominus
1204 1173 1241 1228 ab
1253 1172 1358 1228 interis
1371 1173 1467 1228 victor
1482 1171 1672 1245 resurgebat,

1046 1261 1123 1316 Hinc
1137 1262 1270 1331 captivos
1284 1277 1404 1334 eruens,
1420 1276 1496 1333 quos
1512 1260 1631 1334 lymbus
1647 1260 1793 1329 habebat,

1047 1352 1083 1407 Et
1097 1352 1195 1407 tumba
1209 1367 1276 1408 cum
1290 1352 1390 1407 linteis
1404 1366 1516 1406 vacans
1530 1350 1704 1423 apparebat.

1083 1440 1283 1496 Terramotus
1296 1441 1459 1496 vehemens
1473 1440 1571 1495 factus
1585 1443 1634 1495 est
1645 1441 1785 1511 repente,

1047 1529 1083 1584 Et
1096 1528 1249 1585 descendit
1264 1529 1401 1601 angelus,
1418 1527 1543 1584 Domino
1556 1530 1701 1601 surgente
1713 1544 1721 1598 3

1048 1618 1130 1672 Tunc
1144 1617 1285 1672 custodes
1299 1617 1418 1689 vigiles,
1435 1618 1615 1673 consternati
1630 1619 1742 1685 mente,

1048 1703 1136 1760 Fiunt
1148 1705 1228 1761 velut
1242 1706 1349 1761 mortui
1364 1709 1444 1761 metu
1455 1707 1648 1778 perurgente.

1002 1827 1027 1891 Β
1084 1794 1277 1852 Postmodum
1292 1809 1308 1847 a
1322 1793 1434 1849 tumulo
1450 1794 1546 1864 territi
1561 1793 1716 1866 sugerunt,

1050 1884 1085 1939 Et
1099 1883 1214 1939 ludaeis
1229 1883 1339 1938 seriem
1355 1883 1400 1937 rei
1414 1882 1589 1953 retulerunt,

1048 1971 1128 2038 Quos
1144 1971 1186 2026 illi
1198 1970 1333 2041 pecuniis
1349 1971 1450 2027 multis
1462 1973 1669 2043 corruperunt,

1049 2061 1085 2115 Et
1097 2061 1246 2114 sublatum
1260 2060 1393 2115 dicerent
1407 2060 1508 2115 turtim
1519 2064 1693 2116 suaserunt.

1084 2148 1208 2221 Oquam
1224 2149 1299 2203 mira
1315 2149 1436 2203 caecitas
1449 2148 1572 2205 ludaeos
1585 2145 1760 2218 premebatl

1049 2237 1141 2304 Quam
1157 2252 1236 2292 caeca
1252 2237 1399 2306 cupiditas
1415 2237 1524 2292 milites
1540 2235 1687 2309 urgebat!

1050 2325 1099 2382 Sic
1111 2326 1179 2379 hinc
1194 2325 1262 2380 inde
1274 2327 1385 2380 veritas
1399 2325 1515 2380 occulta
1531 2326 1659 2382 latebat:

1051 2413 1109 2468 Sed
1121 2413 1178 2468 boc
1191 2414 1241 2467 diu
1251 2413 1316 2467 lieri
1329 2413 1421 2469 lesus
1431 2428 1490 2468 non
1506 2413 1633 2468 sinebat.

1270 2501 1383 2557 Mulier
1397 2509 1426 2556 et
1436 2507 1665 2557 monumentum.

1089 2591 1173 2644 blanc
1189 2590 1283 2660 prima
1299 2590 1418 2645 Sabbati
1433 2591 1586 2663 surgentis
1601 2605 1721 2645 aurorae

1054 2679 1226 2752 llagdalena
1241 2677 1322 2733 affuit
1335 2682 1467 2734 aestuans
1480 2694 1593 2749 amore,

1052 2767 1111 2822 Sed
1126 2768 1196 2821 dum
1208 2767 1302 2821 cernit
1315 2767 1459 2821 tumulum
1476 2767 1590 2838 absque
1605 2765 1771 2832 Salvatore,

1052 2855 1142 2910 Fleus
1157 2855 1249 2928 gemit
1265 2858 1293 2909 et
1308 2855 1400 2926 ejulat
1412 2855 1498 2910 anxia
1513 2855 1625 2911 dolore.

1288 2943 1413 3013 Mulier,
1429 2959 1514 3016 qnam
1529 2944 1649 3016 quaeris.

1088 3051 1199 3105 astans
1216 3049 1251 3105 ad
1266 3049 1332 3104 haic
1345 3050 1445 3121 specie
1458 3050 1602 3105 Dominus
1614 3051 1729 3122 ignota,

1054 3139 1137 3193 Hane
1153 3137 1258 3193 aliatur
1270 3138 1410 3207 dulciter,
1427 3142 1524 3194 metus
1539 3140 1569 3193 vi
1582 3140 1739 3194 submota:

1006 3184 1031 3251 c
1054 3227 1146 3292 Quem
1159 3228 1271 3298 quaeris
1287 3227 1332 3282 sic
1345 3227 1525 3299 lacrymans,
1542 3228 1649 3284 mulier
1662 3227 1795 3284 devota?

1054 3316 1195 3371 Promere
1210 3316 1366 3371 netimeas
1379 3316 1480 3371 cordis
1495 3316 1538 3372 tui
1552 3319 1635 3393 vota,

1090 3403 1279 3459 Secretorum
1291 3401 1443 3475 cognitor,
1458 3405 1510 3476 qui
1524 3404 1612 3460 corda
1627 3404 1788 3473 scrutaris,

1054 3492 1098 3547 'l'u
1115 3508 1222 3548 causas
1238 3491 1363 3548 tristitia
1374 3508 1465 3564 quare
1477 3494 1690 3564 percontaris?

1055 3584 1101 3636 An
1112 3582 1239 3636 amantis
1253 3581 1393 3652 lacrymis
1408 3583 1455 3652 pie
1468 3583 1638 3651 delectaris,

1055 3669 1149 3741 Cujus
1165 3668 1347 3725 desiderium
1362 3670 1462 3726 cordis
1475 3677 1506 3725 tu
1521 3670 1685 3741 probaris?

1091 3757 1152 3827 llla,
1169 3758 1252 3823 iesu,
1267 3761 1376 3829 prmter
1390 3762 1418 3814 te
1434 3758 1475 3814 nil
1490 3774 1617 3830 prorsus
1632 3759 1796 3831 quaerebat,

1057 3847 1098 3902 Te
1114 3846 1214 3916 corde,
1228 3848 1257 3902 te
1271 3845 1359 3902 labiis
1376 3847 1473 3902 solum
1489 3847 1619 3918 sitiebat,

1056 3936 1116 3990 Pro
1129 3939 1157 3990 te
1170 3950 1263 3989 sexus
1276 3935 1430 3992 immernor
1445 3952 1525 3991 arma
1539 3952 1598 3992 non
1608 3937 1741 4009 timebat,

1057 4024 1115 4080 Pro
1129 4027 1155 4078 te
1167 4039 1290 4095 gemens
1306 4024 1403 4094 auxie,
1416 4040 1470 4094 pro
1486 4027 1515 4080 te
1529 4025 1604 4080 ssens
1618 4024 1748 4081 dolebat.

1094 4112 1288 4167 Hortulanum
1302 4113 1400 4184 itaque
1415 4113 1480 4168 brec
1497 4114 1601 4169 lesum
1616 4113 1749 4186 putabat,

1057 4199 1116 4256 Sed
1129 4202 1174 4255 sic
1189 4200 1383 4271 spiritualiter
1395 4217 1456 4258 non
1470 4201 1593 4258 multum
1608 4203 1741 4274 errabat,

1058 4290 1133 4344 Nam
1147 4291 1248 4345 sentes
1264 4290 1396 4361 perfidiae
1407 4289 1471 4361 jam
1486 4291 1665 4361 eradicabat,

1057 4380 1154 4450 Atque
1168 4378 1259 4433 liores
1275 4378 1343 4433 lidei
1358 4378 1490 4450 plantare
1505 4379 1638 4436 curabat.

1094 4468 1177 4522 Tunc
1191 4482 1296 4522 vocem
1307 4466 1463 4538 piissimus
1478 4467 1615 4523 Salvator
1628 4469 1763 4539 mutavit,

1006 4547 1033 4612 D
1059 4556 1093 4612 Et
1105 4570 1180 4626 eam,
1196 4569 1235 4610 ex
1245 4556 1363 4611 nomine
1376 4555 1510 4625 Mariam,
1524 4557 1657 4612 vocavit:

1060 4646 1097 4699 At
1110 4644 1175 4699 haec
1186 4644 1255 4714 post
1266 4647 1384 4717 agnum
1400 4643 1534 4715 gaudens
1548 4643 1696 4716 adoravit,

1058 4731 1254 4803 Adoransque
1269 4732 1378 4804 gaudio
1393 4731 1485 4787 multo
1499 4732 1669 4788 exsultavit.

1245 4819 1401 4894 Frequens
1417 4819 1535 4878 Christi
1547 4821 1706 4894 apparitio.

1094 4927 1149 4998 Tu,
1163 4925 1247 4996 lesu,
1263 4925 1447 4996 dulcissime,
1462 4928 1619 4997 postquem
1633 4928 1808 5001 surrexisti,

1059 5015 1145 5086 Saepe
1160 5017 1188 5070 te
1204 5014 1352 5070 visibilem
1364 5015 1425 5070 tuis
1440 5015 1608 5086 prebuisti,

1060 5104 1151 5160 Cibus
1164 5119 1231 5160 cnm
1244 5102 1400 5173 discipulis
1412 5104 1541 5176 deniqne
1553 5103 1725 5176 sumpsisti,

1061 5192 1097 5247 Et
1111 5191 1186 5264 ipsis
1200 5192 1391 5248 cernentibus
1403 5192 1497 5248 eoelos
1514 5193 1691 5249 ascendisti.

1096 5279 1211 5347 Quanto
1223 5283 1310 5350 putas
1320 5279 1430 5351 gaudio
1445 5278 1579 5336 Genitrix
1592 5280 1734 5352 impletur

1059 5368 1173 5436 Quanto
1188 5367 1405 5439 impassibilem
1420 5371 1521 5424 natum
1535 5368 1668 5424 intuetur

1061 5458 1300 5529 Resurgentem3
1313 5456 1421 5529 gaudio
1435 5457 1534 5513 luctus
1546 5472 1614 5513 mox
1630 5456 1761 5531 deletur,

1062 5546 1181 5600 Etnora
1193 5544 1245 5600 lux
1260 5545 1434 5617 oriturque
1449 5561 1509 5601 non
1518 5544 1680 5602 auferetur.

1098 5635 1183 5689 Nunc
1195 5632 1308 5689 doloris
1321 5634 1450 5705 gemitus
1466 5635 1563 5690 omnis
1574 5635 1780 5709 propulsatur,
