3900 6112
106 332 198 401 <lats
882 331 1025 398 trem.
1059 411 1064 421 ,
1744 333 1825 399 lata

103 536 223 591 tenetur
237 535 385 591 interesse
404 535 499 606 primo
518 538 605 590 sexto
629 533 677 589 die
697 532 893 604 parliamenti,
919 514 987 587 ath
1000 533 1088 604 dicat,
1105 531 1152 588 vel
1174 533 1212 588 ita
1231 533 1326 589 basse
1352 535 1493 606 loquitur,
1514 536 1592 592 dieat
1615 521 1730 607 iterato,
1750 539 1778 591 et
1793 535 1840 593 lo·

105 623 247 688 solebant
260 623 466 690 cancellarius,
484 622 696 678 thesaurarius
721 624 749 676 et
762 620 892 677 barones
910 620 946 675 de
1001 621 1224 693 quatur-altius,
1238 622 1285 676 vel
1301 624 1439 694 loquatur
1455 625 1531 680 alius
1547 642 1600 697 pro
1615 640 1660 680 eo.

106 707 945 783 Sceccariojustitisriirecordaredefalta[tial.,detautsl,
1020 709 1092 766 Gar.
1109 710 1201 787 XVII.
1217 712 1345 783 Loqueta
1361 716 1445 783 repis
1455 718 1523 785 post
1535 715 1820 785 prenuntiationem.

106 798 187 855 iacta
200 801 232 856 in
244 800 437 872 parliamento
453 800 511 857 sub
521 801 622 856 ordine
633 800 683 870 qui
698 798 944 869 sequitur.Primo
1040 800 1183 870 Rexpost
1193 801 1460 870 pronuntiationem
1477 818 1530 872 pro
1547 801 1579 874 [t.
1591 803 1632 875 int
1642 802 1836 873 parliamento

107 886 158 945 die
172 890 360 945 vocabuntur
372 890 543 962 burgenses
558 893 587 944 et
601 889 683 944 cives
699 889 789 943 totius
805 886 922 958 anglia
938 901 946 956 3
1004 903 1111 960 rogare
1127 889 1215 944 debet
1229 888 1355 943 clericos
1371 893 1400 944 et
1414 890 1507 946 laicos
1530 891 1707 946 nominando
1732 905 1834 946 omnes

107 993 169 1050 quo
188 978 235 1033 die
251 980 278 1033 si
299 994 356 1034 non
372 979 500 1049 veniant,
517 978 725 1048 amerciabitur
739 976 782 1050 [id
807 983 854 1032 est
869 973 947 1029 mul·
1006 993 1107 1033 eorum
1124 977 1248 1049 gradus,
1265 978 1380 1032 scilicet
1394 978 1648 1051 archiepiscopos,
1667 980 1838 1050 episcopos,

109 1066 232 1141 tabitur]
241 1067 404 1140 burgensis
423 1068 460 1122 ad
481 1071 597 1123 centum
612 1082 738 1137 marona,
757 1069 785 1120 et
797 1064 948 1120 civitased
1005 1066 1139 1132 abbates,
1162 1067 1289 1135 priores,
1305 1067 1543 1133 archidiaconos,
1564 1072 1785 1138 procuratoreS,
1809 1070 1837 1122 ot

110 1160 231 1212 centum
248 1155 351 1212 libras.
363 1157 500 1212 Sccundo
511 1157 557 1211 die
575 1157 762 1212 vocabuntur
776 1155 884 1209 milites
896 1169 948 1208 co·
1005 1155 1125 1210 aliosde
1137 1155 1226 1222 clero,
1239 1157 1373 1225 comites,
1387 1156 1527 1226 barones,
1543 1157 1635 1226 cives,
1654 1159 1836 1228 burgenses,

110 1245 268 1301 mitatuum
283 1247 372 1300 totius
389 1247 524 1316 Angliae3
549 1246 670 1318 quodie
693 1245 719 1299 si
735 1260 794 1300 non
819 1244 948 1310 veniant,
1005 1248 1034 1300 ct
1048 1245 1122 1299 alios
1139 1245 1231 1299 laicos
1250 1246 1281 1298 ut
1307 1243 1365 1314 ipsi
1379 1244 1547 1317 diligenter,
1571 1246 1707 1301 studiose
1732 1249 1761 1299 et
1776 1260 1843 1300 con-

111 1334 323 1390 amerciabitur
334 1335 492 1390 comitatus
500 1334 582 1412 'unde
594 1337 664 1389 sunt
672 1334 709 1388 ad
718 1335 835 1388 centum
847 1332 949 1388 libras.
1006 1333 1133 1389 corditer
1160 1333 1294 1389 laborent
1308 1334 1344 1388 ad
1360 1335 1612 1405 pertractandum
1627 1337 1655 1390 at
1669 1334 1837 1390 deliberan-

111 1423 214 1478 Tertio
229 1423 277 1478 die
287 1423 470 1494 parliamenti
486 1423 675 1480 vocabuntur
684 1422 813 1477 barones
822 1421 952 1492 quinque
1006 1423 1075 1477 dum
1090 1425 1208 1494 negotia
1223 1424 1507 1494 parliamenti‚prout
1524 1423 1622 1496 majus
1646 1426 1675 1478 et
1688 1423 1839 1494 principa-

111 1513 268 1582 portuum3
294 1515 323 1566 et
343 1516 449 1582 postea
468 1512 611 1581 barones,
639 1514 668 1567 et
689 1514 793 1581 postea
812 1511 951 1581 comites3
1005 1510 1065 1566 lius
1076 1512 1133 1566 hoc
1144 1513 1181 1568 ad
1192 1512 1245 1567 Dei
1259 1513 1554 1582 voluntatemprimo,
1569 1516 1598 1568 et
1608 1515 1710 1583 postea
1721 1513 1757 1566 ad
1774 1510 1841 1581 ejus

113 1600 194 1656 unde
211 1601 246 1655 'si
267 1600 396 1657 barones
420 1601 551 1672 quinque
573 1605 715 1671 portuum
739 1614 797 1655 non
821 1598 951 1667 veniant,
1007 1603 1036 1656 et
1049 1616 1152 1657 eorum
1165 1601 1295 1657 honores
1317 1591 1347 1657 c't
1366 1602 1520 1658 commoda
1547 1600 1612 1657 iere
1634 1600 1799 1672 intelligent
1814 1601 1842 1654 et

113 1675 327 1743 amerciabitur
336 1688 459 1743 baronia
469 1687 520 1742 illa
535 1687 573 1742 ad
583 1690 703 1742 centum
718 1700 845 1757 marcas,
856 1691 885 1742 et
901 1701 953 1742 oo·
1007 1689 1146 1745 sentient.
1457 1688 1460 1692 '

113 1792 183 1832 mes
198 1776 236 1832 ad
250 1779 368 1831 centum
381 1775 491 1846 tibras3
505 1776 609 1833 eodem
619 1775 708 1832 modo
719 1775 772 1830 tiet
786 1775 822 1831 de
832 1774 893 1830 illis
903 1774 955 1846 qui
1036 1776 1107 1834 Car.
1124 1776 1229 1832 xv111.
1246 1778 1290 1834 De
1306 1778 1443 1835 absentia
1458 1781 1543 1852 repis
1557 1779 1589 1834 in
1602 1778 1811 1849 parliamento.

114 1867 189 1920 sunt
203 1880 292 1936 peras
308 1864 467 1920 comitibus
482 1868 512 1920 et
525 1864 689 1920 baronibus
704 1864 820 1921 scilicet
836 1863 887 1936 qui
903 1865 954 1919 ha·
970 1892 998 1956 B
1044 1867 1111 1921 Rex
1137 1869 1254 1923 tenetur
1282 1867 1451 1922 omnimodo
1471 1867 1668 1938 personaliter
1695 1868 1843 1922 interesse

115 1953 189 2009 bant
196 1956 293 2008 terras
304 1956 332 2008 et
350 1952 463 2008 reditus
477 1954 514 2008 ad
532 1953 663 2010 valorem
679 1953 770 2009 unius
786 1954 953 2023 comitatus,
1007 1955 1211 2026 parliamento,
1229 1955 1289 2012 nisi
1304 1971 1358 2027 per
1370 1956 1555 2026 corporalem
1572 1955 1779 2028 aegritudinem
1794 1955 1844 2009 de·

115 2041 165 2096 vet
176 2041 265 2096 unius
277 2042 422 2112 baronias,
432 2042 646 2112 utpraadictum
662 2044 709 2097 est
722 2043 753 2098 in
762 2042 806 2097 tit.
822 2042 859 2098 de
871 2057 955 2100 sum·
1008 2045 1146 2113 tineatur,
1159 2047 1187 2099 et
1200 2047 1271 2100 tunc
1284 2047 1384 2116 potest
1406 2046 1507 2105 tenere
1523 2059 1670 2099 cameram
1695 2059 1791 2110 suem,
1808 2043 1848 2097 ita

114 2129 290 2197 monitione.
319 2129 430 2196 Quarto
458 2131 506 2186 die
533 2131 718 2188 vocabuntur
744 2136 955 2202 procuratores
1010 2134 1089 2203 quod
1105 2133 1275 2204 nonjaceat
1291 2137 1374 2188 extra
1390 2134 1553 2188 manerium
1568 2135 1615 2189 vel
1631 2132 1846 2187 saltemvillam

118 2218 201 2283 cleri,
220 2235 278 2290 quo
301 2219 349 2276 die
364 2220 390 2274 si
407 2235 466 2275 non
489 2220 618 2290 veniant,
633 2221 871 2276 amerciabuntur
892 2219 956 2290 epi·
1011 2222 1063 2277 ubi
1071 2221 1298 2294 parliamentum
1309 2225 1435 2291 tenetur,
1447 2225 1475 2277 et
1485 2225 1555 2277 tunc
1565 2221 1652 2276 debet
1662 2222 1777 2275 mittere
1793 2235 1847 2290 pro

119 2308 206 2378 scopi
222 2308 338 2380 suipra
353 2308 485 2379 quolibet
499 2307 739 2364 archidiaconatu
751 2309 802 2380 qui
816 2307 957 2363 defaltum
1013 2328 1054 2364 xn
1064 2310 1245 2381 personisde
1256 2310 1458 2381 majoribuset
1469 2309 1642 2364 melioribus
1653 2309 1846 2379 quisummo·

119 2394 226 2452 iecerit
240 2396 277 2451 ad
290 2399 408 2451 centum
434 2412 561 2452 marcas.
578 2396 684 2463 Quinto
704 2397 751 2452 die
772 2397 958 2452 vocabuntur
1015 2396 1847 2469 nitisuntadparliamentum,scilicetduobusepiscopis‚

121 2484 237 2555 decani,
253 2485 382 2556 priores,
398 2484 533 2554 abbates,
557 2486 701 2557 episcopi,
724 2487 842 2541 demum
857 2485 956 2540 archi·
1019 2487 1135 2542 duobus
1145 2486 1313 2554 comitibus,
1323 2486 1440 2540 duobus
1448 2484 1850 2554 baronibus,duobusmiliti-

120 2571 256 2645 episcopi
270 2589 278 2643 3
293 2573 387 2651 quisi
401 2588 459 2628 non
471 2573 600 2643 veniant,
611 2574 821 2629 amerciabitur
835 2574 959 2646 quilibet
1018 2575 1077 2630 bus
1091 2576 1290 2645 comitatuum,
1305 2575 1422 2630 duobus
1439 2574 1566 2643 civibus,
1594 2578 1622 2629 et
1644 2574 1760 2629 duobus
1775 2573 1850 2628 bur-

121 2661 368 2733 archiepiscopus
380 2662 416 2716 ad
432 2666 550 2717 centum
562 2661 666 2733 libres,
678 2664 838 2732 episcopus
852 2665 959 2719 tenens
1020 2665 1166 2736 gensibus
1185 2665 1222 2718 ad
1237 2663 1396 2719 videndum
1410 2678 1569 2733 personam
1585 2677 1669 2718 suam
1684 2664 1720 2718 ad
1743 2663 1851 2717 testiti-

122 2749 271 2822 integram
297 2751 449 2806 baroniam
473 2751 643 2806 aduentum
663 2757 791 2821 marcas,
808 2755 837 2807 et
854 2752 958 2806 eodem
1021 2737 1854 2823 candumstatumsuum,etineorumproesentiacommit·

123 2838 212 2893 modo
225 2838 261 2892 de
275 2838 607 2909 abbatibusprioribus,
622 2842 679 2895 etc.
695 2840 795 2896 Primo
810 2840 857 2894 die
873 2840 961 2895 debet
1019 2847 1081 2897 tere
1096 2843 1184 2897 dehet
1197 2839 1498 2912 archiepiscopoloci,
1514 2830 1682 2897 senescallo
1693 2843 1721 2896 et
1737 2841 1853 2911 capitali

124 2926 192 2983 heri
206 2927 408 2998 proclamatio,
424 2928 518 2998 primo
534 2927 563 2981 in
592 2928 670 2998 aula,
690 2929 754 2984 sive
770 2928 959 3000 monasterio,
1013 2930 1176 3001 iustitiario
1190 2946 1256 3000 suo,
1273 2930 1352 3001 quod
1367 2929 1425 3000 ipsi
1441 2927 1621 3000 conjunctim
1633 2932 1662 2983 at
1676 2930 1796 2983 divisim
1810 2930 1855 2984 in·

125 3015 294 3088 seualiquo
308 3016 374 3071 loco
388 3015 507 3086 publico
529 3016 580 3072 ubi
594 3017 819 3088 parliamentum
834 3019 960 3086 tenetur,
1018 3019 1126 3073 choent
1150 3021 1178 3074 et
1206 3019 1377 3074 continuent
1404 3018 1627 3088 parliamentum
1652 3018 1771 3073 nomine
1796 3033 1854 3073 suo

125 3108 155 3160 et
181 3105 370 3174 postmodum
392 3104 510 3176 publice
538 3106 568 3160 in
598 3105 717 3162 civitate
739 3107 787 3162 vel
810 3105 879 3162 villa
901 3105 960 3177 ille,

1018 3107 1095 3163 iacta
1109 3108 1139 3163 in
1154 3107 1365 3163 commissione
1380 3106 1429 3161 illa
1444 3122 1589 3177 expressa
1599 3107 1747 3161 mentione
1756 3106 1854 3162 adhuc

125 3193 207 3265 quod
222 3208 325 3248 omnes
342 3193 385 3247 illi
400 3195 449 3264 qui
464 3194 623 3264 petitiones
641 3197 669 3249 et
683 3195 821 3267 querelas
835 3195 961 3253 liberare
1018 3197 1055 3252 de
1071 3212 1162 3251 causa
1181 3196 1325 3251 absentiae
1353 3212 1429 3265 suae,
1454 3211 1520 3267 quae
1547 3194 1689 3250 sufficere
1706 3188 1803 3266 debet,
1826 3200 1855 3252 et

124 3281 219 3337 velint
240 3282 277 3336 ad
292 3281 528 3353 parliamentum,
551 3284 630 3355 quod
655 3277 715 3339 illis
731 3284 963 3341 deliberentura

127 3370 226 3441 primo
241 3370 287 3426 die
303 3371 488 3442 parliamenti
503 3371 533 3427 in
547 3372 676 3462 quiaque
691 3372 755 3430 dies
771 3375 905 3445 proxime
919 3390 964 3432 se·

128 3461 267 3532 quentcs.

179 3565 250 3622 Car.
266 3566 330 3620 XV.
347 3565 391 3621 De
402 3567 618 3638 predicatione
631 3568 668 3623 ad
674 3567 913 3639 parliamentum.

108 3665 111 3670 ’
168 3672 965 3748 Unusarchiepiscopus‚velmagnusctericus,discre·

131 3765 182 3819 tus
193 3764 221 3817 et
235 3761 382 3817 facundus
392 3762 521 3826 clericus
535 3778 589 3832 per
599 3763 855 3834 archiepiscopum
869 3766 900 3819 in
915 3781 966 3821 cu·

129 3851 183 3922 jus
198 3851 350 3921 provincia
366 3851 592 3921 parliamentum
606 3854 731 3922 tenetur,
740 3853 903 3924 praedicare
912 3854 965 3909 de-

131 3939 184 3996 bet
208 3955 266 3995 uno
288 3939 414 3994 istorum
435 3940 599 4011 primorum
622 3941 752 4014 quinque
766 3942 881 3998 dierum
895 3959 966 4015 par-

134 4029 265 4083 liamenti
280 4028 311 4084 in
320 4028 407 4098 pleno
416 4029 618 4100 parliamento,
626 4034 655 4086 et
663 4031 692 4086 in
703 4033 862 4103 praesentia
871 4034 965 4106 regis3

135 4120 165 4173 et
179 4117 236 4173 hoc
250 4117 368 4188 quando
382 4117 607 4188 parliamentum
619 4135 673 4189 pro
683 4119 789 4192 mm'ori
803 4125 886 4192 parte
900 4121 967 4178 iue-

135 4206 174 4262 rit
196 4205 368 4278 adiunctum
390 4209 419 4262 et
441 4212 665 4281 congregatum,
685 4213 714 4264 et
728 4209 758 4264 in
774 4211 896 4267 servitio
911 4227 968 4269 sue

137 4298 358 4366 consequenter
385 4295 570 4368 subjungere
584 4299 637 4352 toti
660 4299 863 4370 parliamento,
890 4300 969 4372 quod

140 4383 199 4455 ipsi
215 4399 282 4439 cum
295 4399 330 4440 eo
342 4385 491 4440 humiliter
504 4386 564 4441 Deo
581 4386 748 4458 supplicent
761 4393 789 4444 et
803 4389 902 4459 ipsum
916 4390 969 4444 ad-

139 4478 226 4528 orent
235 4488 290 4544 pro
296 4489 368 4544 pace
382 4476 411 4528 et
424 4474 631 4547 tranquillitate
644 4477 726 4549 regis
743 4480 771 4532 et
785 4479 972 4550 regni,prout

1019 3301 1139 3342 monere
1156 3287 1285 3341 coeteros
1300 3285 1456 3341 nobileset
1466 3287 1618 3356 magnates
1629 3285 1665 3339 de
1679 3284 1856 3355 parliamen·

1018 3378 1059 3445 to,
1074 3391 1133 3430 una
1146 3389 1213 3429 oum
1235 3374 1354 3446 negotio
1374 3376 1402 3428 et
1425 3373 1593 3428 testimonio
1616 3372 1762 3429 dictorum
1778 3372 1854 3428 duo-

986 3528 990 3533 ,
1020 3465 1116 3520 decim
1130 3465 1247 3535 parium
1262 3461 1500 3519 suorum.Cansa
1514 3466 1561 3518 est
1575 3462 1654 3532 quod
1670 3461 1785 3516 solebat
1800 3461 1857 3516 cla·

1021 3568 1087 3609 mor
1100 3555 1130 3608 et
1142 3568 1277 3608 murmur
1292 3567 1361 3608 esse
1382 3551 1412 3605 in
1426 3551 1618 3621 parliamento
1642 3566 1697 3622 pro
1720 3550 1856 3605 absentia

1022 3643 1115 3716 regis,
1128 3643 1197 3713 quia
1210 3658 1261 3697 res
1277 3641 1420 3696 damnosa
1434 3644 1462 3696 et
1476 3640 1644 3710 periculosa
1655 3642 1702 3695 est
1717 3640 1769 3695 toti
1780 3653 1856 3694 com·

1025 3732 1158 3786 munitati
1179 3730 1374 3801 parliamenti,
1399 3732 1427 3784 et
1449 3730 1535 3784 etiam
1563 3731 1659 3801 regni,
1685 3744 1752 3783 cum
1774 3744 1858 3783 roxa

1027 3820 1217 3889 parliamento
1234 3818 1344 3874 absens
1356 3817 1461 3886 tuerit3
1478 3833 1533 3872 nec
1543 3834 1577 3873 se
1594 3819 1750 3872 absentare
1759 3818 1858 3888 dehet,

1027 3924 1082 3965 nec
1097 3911 1194 3978 potest
1209 3909 1348 3962 duntaxat
1363 3907 1421 3960 nisi
1435 3909 1465 3960 in
1480 3923 1552 3962 casu
1568 3907 1748 3977 supradicto.

1028 4016 1100 4072 Can.
1116 4013 1194 4070 XIX.
1211 4013 1255 4069 De
1270 4013 1333 4069 loco
1353 4018 1382 4067 et
1398 4013 1585 4067 sessionibus
1600 4015 1632 4067 in
1648 4014 1857 4085 parliamento.

1066 4122 1175 4191 Primo,
1190 4123 1222 4175 ut
1243 4119 1416 4192 praedictum
1436 4118 1491 4186 est,
1518 4134 1570 4173 rex
1590 4118 1745 4173 sedebitin
1764 4119 1860 4173 medio

1028 4212 1094 4267 loco
1109 4209 1234 4282 maioris
1247 4208 1351 4277 banci3
1372 4223 1410 4262 ex
1433 4210 1516 4276 perte
1535 4205 1602 4278 ejus
1625 4207 1728 4261 dextra
1744 4207 1861 4262 sedebit

1029 4299 1276 4371 archiepiscopus
1292 4296 1525 4366 cantuariensis,
1543 4299 1570 4351 et
1585 4312 1621 4351 ex
1637 4299 1717 4367 parte
1736 4295 1802 4366 ejus
1816 4296 1861 4350 si·

1029 4390 1122 4446 nistra
1137 4386 1381 4458 archiepiscopus
1397 4384 1538 4455 Eborum,
1554 4387 1583 4440 et
1597 4386 1665 4455 post
1680 4383 1749 4441 illos
1762 4384 1862 4439 stetim

1029 4478 1171 4552 episcopi,
1184 4477 1300 4548 priores
1312 4474 1458 4531 linealiter
1472 4490 1590 4546 semper
1611 4474 1661 4529 tali
1675 4474 1763 4528 modo
1784 4473 1862 4529 inter

140 4561 256 4616 dicetur
270 4562 431 4632 specialius
446 4563 476 4618 in
491 4565 627 4636 sequenti
647 4566 731 4622 titulo
746 4566 782 4622 de
797 4569 979 4645 pronuntia-¹
989 4600 1018 4666 n
1029 4569 1190 4639 praedictos
1207 4565 1318 4639 gradus
1333 4567 1362 4620 et
1385 4580 1487 4620 eorum
1502 4565 1577 4634 loca,
1594 4564 1673 4635 quod
1689 4563 1788 4632 nullus
1811 4578 1862 4618 se-

138 4652 221 4705 tione
237 4650 272 4704 ad
283 4650 516 4721 parliamentum.

183 4756 255 4811 Car.
271 4757 349 4812 XVI.
367 4757 411 4812 De
424 4759 665 4832 pronuntiatione
680 4761 712 4816 in
725 4762 931 4834 parliamento.

176 4863 249 4918 Post
264 4864 503 4935 praedicationem
525 4866 613 4923 debet
628 4868 824 4925 cancellarius
844 4873 973 4944 anglia,

142 4952 521 5024 velcapitalisjustitiarius
534 4955 660 5028 angliae,
674 4957 722 5012 ille
739 4959 853 5014 scilicet
863 4961 914 5031 qui
929 4965 974 5016 tc-

142 5045 193 5097 net
207 5040 313 5112 placita
329 5058 428 5097 coram
439 5060 522 5116 rege,
533 5045 667 5100 vetelius
682 5047 817 5118 idoneus,
830 5048 974 5105 honestus

143 5130 524 5204 etfacundusjustitiarius,
535 5134 582 5189 vel
598 5135 784 5207 clericusper
794 5138 891 5207 ipsum
903 5155 974 5194 can-

144 5220 297 5274 cellarium
312 5221 501 5292 eteapitalem
507 5222 701 5294 justitiarium
709 5225 834 5296 siccine,
850 5243 976 5297 pronun-

144 5309 217 5362 tiare
227 5324 335 5363 causas
343 5310 538 5381 parliamenti3
549 5313 644 5382 primo
661 5314 818 5385 ingenere,
832 5320 859 5369 et
873 5320 977 5385 postca

146 5397 177 5450 in
192 5398 292 5468 specie
308 5399 424 5453 stando.
435 5399 470 5455 Et
484 5400 552 5455 inde
561 5402 714 5457 sciendum
725 5408 771 5458 est
785 5405 977 5476 quodomnes

145 5485 182 5539 de
206 5486 408 5556 parliamento,
439 5490 618 5561 (quicunque
638 5491 725 5547 luerit
746 5493 815 5547 dom
835 5493 975 5566 loquitur)

1029 4658 1097 4712 deat
1111 4656 1169 4712 nisi
1184 4656 1260 4710 inter
1275 4670 1347 4710 suos
1362 4670 1466 4725 pares;
1479 4657 1507 4709 et
1522 4653 1623 4709 adhoc
1634 4655 1862 4707 tenetursenes-

1031 4747 1125 4802 callus
1141 4744 1256 4817 Angliae
1272 4743 1453 4815 prospicere,
1471 4744 1528 4798 nisi
1545 4759 1598 4797 rex
1618 4743 1707 4797 alium
1723 4741 1863 4812 assigna-

1032 4836 1117 4891 verit.
1135 4835 1180 4889 hd
1196 4834 1299 4905 pedem
1316 4832 1383 4903 ejus
1397 4833 1531 4888 dextrum
1548 4831 1694 4887 sedebunt
1718 4830 1865 4885 cancella·

1032 4926 1095 4980 rius
1124 4922 1252 4996 Angiiae,
1278 4925 1305 4975 et
1321 4922 1454 4992 capitalis
1473 4921 1653 4992 justitiarius
1683 4919 1809 4991 nngltae,
1835 4922 1864 4975 et

1033 5014 1109 5069 socii
1125 5014 1184 5082 sui,
1198 5016 1225 5066 et
1241 5027 1342 5068 eorum
1354 5010 1454 5065 clerici
1469 5010 1600 5082 quisunt
1616 5009 1651 5063 de
1660 5008 1863 5081 parliamento,

1035 5104 1062 5157 et
1079 5101 1114 5155 ad
1130 5101 1233 5171 pedem
1248 5099 1315 5171 ejus
1331 5100 1484 5154 sinistrum
1496 5098 1711 5168 thesaurarius,
1729 5114 1864 5155 camera·

1035 5192 1109 5262 rius,
1125 5194 1153 5246 et
1167 5191 1296 5245 barones
1311 5190 1347 5242 de
1363 5187 1528 5257 Scaccario,
1537 5186 1691 5259 justitiarii
1707 5187 1742 5242 de
1757 5187 1864 5259 bauco,

1035 5283 1179 5336 eteorum
1195 5277 1307 5347 clerici,
1325 5277 1412 5349 siqui
1429 5281 1497 5331 sunt
1512 5277 1547 5331 dc
1564 5276 1765 5345 parliamento.

1162 5384 1231 5440 Car.
1250 5384 1316 5438 XX.
1334 5384 1378 5438 De
1392 5385 1517 5439 ostiario
1527 5383 1731 5455 parliamenti.

1069 5493 1215 5549 Ostiarius
1244 5491 1416 5562 principalis
1453 5491 1637 5562 parliamenti
1674 5489 1762 5546 stabit
1790 5489 1869 5544 inira

147 5574 275 5641 stabunt,
293 5592 364 5648 rege
386 5585 520 5649 excepto,
536 5581 576 5633 ita
590 5580 669 5651 quod
694 5596 796 5636 omnes
821 5582 856 5638 de
870 5584 977 5654 partia·
1032 5598 1174 5656 magnum
1189 5581 1298 5635 ostium
1313 5580 1495 5651 monasterii,
1511 5580 1587 5637 aulae
1603 5581 1651 5636 vel
1665 5579 1787 5636 alterius
1808 5573 1871 5633 loci

146 5665 246 5722 mento
256 5664 358 5721 audire
373 5666 489 5724 valeant
499 5667 626 5744 eumqui
634 5667 840 5745 loquitur,etsi
851 5673 979 5731 obscure
1033 5673 1084 5731 ubi
1112 5669 1337 5747 parliamentum
1356 5671 1488 5743 mnetur,
1518 5673 1547 5728 et
1573 5669 1719 5728 custodiet
1742 5668 1864 5747 ostium,
