3900 6112
89 209 95 221 ’
144 253 208 339 ¹oon
664 257 697 319 s
719 257 909 322 ausuum
930 255 1132 337 aucupes
1154 258 1349 324 nrrscorr
1391 292 1397 308 ·
1812 257 1869 321 ooo

184 459 269 529 lesu,
286 459 335 514 oui
349 458 420 514 nihil
437 463 483 514 ost
498 461 615 529 penitus
626 459 786 529 occultum,
995 441 1021 502 Α
1071 456 1151 515 Haut
1168 458 1250 514 mihi.
1266 459 1454 530 charissima,
1471 458 1544 516 haul
1562 461 1668 517 dilecta
1683 477 1762 530 maa,

150 546 313 620 Usquequo
329 548 373 602 sio
389 549 522 603 sustines
537 552 632 602 tecum
649 549 754 604 dudam
770 548 912 603 stultum?
1034 546 1115 602 Laus
1131 552 1301 603 sanctorum
1317 550 1458 619 omnium,
1474 566 1625 621 nunquam
1643 551 1737 607 semel
1752 567 1803 607 ree

149 634 215 706 Qui,
230 637 299 691 dum
313 637 365 691 tibi
382 637 501 692 exhibet
515 637 683 691 simulatum
699 637 824 705 cultum,
1034 635 1151 691 Utinam
1166 638 1314 692 existeres
1330 653 1408 692 nuno
1423 639 1452 693 in
1468 638 1599 710 Galilrsa,

149 724 291 794 TampuS,
308 726 337 778 in
353 731 411 795 qu'o
427 725 521 780 tradat
536 730 573 793 te,
590 728 668 796 optat
682 727 770 780 nimis
785 726 917 780 multum.
1033 723 1077 779 Na
1092 725 1211 780 rideres
1226 725 1331 780 Filium
1347 742 1470 796 passum
1486 727 1515 782 in
1531 727 1654 783 ludaeel

184 814 266 868 'luno
283 814 386 867 missis
403 814 560 883 discipulis
576 830 642 868 oum
656 815 744 886 siguo
764 815 890 886 laganae,
1069 812 1119 868 Pie
1134 813 1217 882 lesu,
1235 815 1370 885 supplico
1386 831 1439 885 pro
1454 815 1558 871 Matris
1575 832 1688 888 amoro,

149 900 257 972 Pergis
274 901 308 955 ed
325 901 483 971 hospitium
500 907 671 972 praeparate
688 919 780 958 arenae
796 919 802 959 :
1034 902 1125 973 Reple
1140 917 1187 958 me
1202 903 1383 974 gravissimo
1397 907 1448 959 tuo
1463 920 1541 959 nunc
1556 905 1669 974 doloro,

149 989 232 1044 Tunc
247 989 336 1045 sedes
352 991 382 1044 in
397 989 493 1046 medio
508 992 602 1046 turbae
618 991 773 1062 duodenae,
1033 990 1072 1046 Ut
1084 991 1137 1046 tihi
1152 991 1335 1061 compatiens
1350 993 1478 1048 maximo
1495 994 1624 1064 fervore,

149 1077 272 1134 Mandas
287 1082 318 1133 nt
334 1094 367 1134 sa
383 1078 508 1134 invicem
523 1079 648 1152 diligant
663 1095 779 1138 serene.
1031 1077 1216 1150 Suspirando
1231 1080 1348 1152 rugiam
1363 1080 1432 1136 lietu
1448 1080 1588 1155 largiore.

512 1168 624 1226 Coenat.
1067 1167 1191 1223 Carnam
1207 1169 1307 1224 cordis
1324 1168 1421 1224 oculis
1437 1172 1465 1224 ta
1479 1173 1620 1243 tanquam
1633 1174 1824 1242 praesentem,

183 1256 265 1315 'luno
279 1260 318 1330 ta,
334 1261 366 1315 ut
383 1259 575 1331 predixeras,
592 1258 668 1315 dicis
684 1257 871 1327 moriturum,
1031 1257 1195 1311 Passiones
1211 1256 1347 1329 singulas
1362 1272 1416 1328 pro
1430 1274 1478 1314 ma
1493 1257 1700 1332 sufferentem,

149 1347 185 1404 Et
199 1364 236 1403 ex
251 1349 296 1403 ais
312 1364 401 1403 unum
416 1351 444 1404 ta
459 1348 522 1404 foro
537 1348 731 1418 traditurum,
1031 1344 1123 1399 Tuam
1138 1344 1261 1400 Matrem
1274 1345 1358 1416 iuxta
1373 1350 1401 1402 ie
1414 1346 1467 1402 tibi
1482 1347 1702 1417 condolentem,

148 1436 317 1509 Forumquo
332 1437 492 1510 quemlibet
507 1454 523 1491 a
540 1440 567 1492 te
582 1437 756 1509 fugiturum,
1031 1432 1075 1487 Ad
1091 1435 1233 1488 tormenta
1249 1433 1367 1506 singula
1383 1434 1469 1507 quasi
1484 1436 1671 1491 morientem.

148 1524 206 1581 Sed
221 1529 249 1580 at
263 1527 385 1580 Petrum
399 1528 483 1580 nocte
499 1525 554 1580 hac
569 1527 614 1580 tar
628 1529 656 1579 to
672 1527 857 1596 negaturum.
1067 1519 1160 1593 Virgo
1175 1522 1228 1577 Dei
1240 1521 1384 1594 Genitrix,
1400 1539 1463 1593 pre
1478 1525 1595 1580 cunctis
1609 1524 1708 1595 beata,
1775 1554 1781 1564 ·

183 1613 315 1683 Odolor,
332 1630 348 1667 o
364 1614 502 1688 gemitus,
519 1616 661 1685 quantum
676 1612 895 1668 turbabantur?
1030 1611 1090 1665 Pro
1106 1611 1309 1665 misericordie
1325 1626 1434 1682 precor
1449 1627 1487 1666 ex
1498 1614 1527 1667 ta
1541 1614 1624 1682 nata,

147 1703 191 1757 Aa
206 1702 242 1758 de
257 1705 337 1756 tanto
353 1703 466 1757 scolere
478 1718 581 1758 omnes
596 1701 799 1770 tristabantur,
1032 1699 1130 1753 Pande
1145 1698 1216 1753 mibi
1233 1699 1360 1769 qualiter
1375 1700 1457 1755 luisti
1473 1703 1607 1774 gravata,

147 1788 268 1856 Quando
285 1789 361 1844 nolle
377 1789 480 1861 lugere
496 1806 530 1845 sa
544 1787 773 1860 pollicebantur!
1030 1786 1094 1841 'lua
1109 1787 1192 1858 prole
1207 1803 1307 1842 eoram
1322 1791 1350 1842 te
1365 1792 1477 1845 tantum
1492 1789 1633 1847 cruciata.

149 1875 185 1930 Et
200 1877 268 1949 quis
283 1879 365 1932 esset
380 1877 510 1947 traditor,
527 1893 595 1932 mox
609 1877 846 1933 sciscitabantur.
1067 1876 1142 1945 Mea,
1159 1891 1223 1932 mea
1238 1875 1371 1942 Domina,
1389 1877 1476 1947 plena
1490 1879 1666 1951 gratianum,

462 1966 564 2021 Pedes
578 1966 668 2022 lavat.
996 1974 1019 2038 Β
1032 1965 1112 2019 Dona
1130 1965 1211 2035 mibi,
1228 1965 1366 2034 obsecro,
1378 1968 1460 2021 tuum
1476 1982 1528 2022 cor
1543 1982 1691 2040 amarum,

185 2051 358 2126 Exemplum
373 2055 484 2110 interea
500 2056 553 2110 das
568 2055 752 2126 humilitatis,
1033 2053 1068 2107 Et
1082 2053 1356 2109 abundantissimos
1370 2055 1453 2110 rivos
1468 2055 1678 2127 lacrymarum,

148 2143 339 2200 Subditorum
355 2145 482 2216 pedtbus
498 2161 513 2198 a
528 2149 617 2200 temet
632 2144 737 2199 lavetis
755 2160 762 2200 ε
1033 2141 1071 2197 Ut
1086 2146 1201 2197 tuarum
1216 2142 1342 2197 sentiam
1356 2143 1416 2196 vim
1431 2145 1649 2216 angustiarum.

148 2232 206 2288 Sed
222 2238 250 2288 at
265 2250 375 2304 corpus
390 2236 541 2305 proprium
556 2234 610 2288 das
626 2234 655 2289 in
673 2235 770 2289 cibum
786 2235 880 2305 gratis
1069 2230 1188 2286 Utinam
1203 2246 1240 2285 ax
1255 2247 1376 2287 munere
1391 2234 1450 2297 tuo,
1463 2232 1537 2288 lesu
1551 2232 1673 2289 Christe

148 2322 220 2393 lllis,
236 2326 323 2396 atque
339 2324 476 2378 omnibus
492 2325 521 2377 in
536 2327 564 2377 te
580 2324 742 2393 baptizatis.
1031 2320 1181 2389 Torqueat
1196 2334 1242 2374 me
1259 2321 1388 2390 quotidie
1404 2321 1492 2376 nimis
1509 2321 1593 2377 dolor
1607 2323 1666 2378 iste

368 2413 591 2467 Eucharistiam
614 2413 756 2468 instituit.
1031 2407 1114 2463 Sicut
1129 2407 1232 2462 Matris
1249 2407 1383 2480 Virginis
1397 2411 1619 2482 contorquebat
1633 2412 1732 2476 trista,

183 2499 207 2554 O
222 2500 292 2572 quid
307 2516 363 2573 ego
379 2502 494 2570 faciam,
512 2517 611 2555 massa
626 2507 829 2571 peccatorum,
1032 2496 1107 2550 Dum
1122 2501 1150 2549 te
1167 2497 1376 2552 crucifixerant
1391 2499 1528 2554 crudeles
1543 2497 1678 2555 lanistae!

148 2587 283 2643 Omnium
299 2588 483 2643 miserrimus
499 2588 548 2659 qui
564 2604 630 2642 sum
649 2589 836 2659 miserorum,
1068 2585 1148 2640 Deus
1163 2584 1261 2654 homo,
1278 2587 1347 2657 quis
1362 2587 1398 2640 da
1412 2590 1440 2642 te
1456 2587 1567 2659 cogitet
1580 2588 1704 2659 intenta,

118 2706 126 2729 ι
150 2677 224 2731 Dum
240 2681 269 2731 tu
283 2677 378 2733 flectis
395 2692 501 2749 genua,
518 2679 581 2732 ltex
597 2678 819 2746 universorum,
1032 2674 1063 2728 ln
1080 2674 1169 2728 nimis
1184 2675 1320 2744 passibili
1336 2691 1462 2746 corpore
1478 2680 1624 2746 manente,

149 2766 192 2820 Ac
207 2766 289 2819 lavas
304 2766 432 2837 vestigia
445 2770 561 2819 tuorum
576 2767 759 2820 sorvorum?
1032 2763 1128 2817 Pesso
1143 2764 1185 2817 tot
1200 2764 1356 2834 angustias
1373 2780 1498 2833 corpore
1513 2768 1541 2819 et
1558 2769 1666 2834 menta,

184 2854 257 2909 lesu
273 2854 513 2922 clementissime,
530 2853 597 2908 fons
612 2854 722 2908 amoris
737 2854 827 2922 casti,
1033 2851 1069 2905 Et
1083 2855 1162 2906 totus
1177 2852 1208 2904 in
1224 2852 1369 2923 lacrymas
1386 2868 1444 2907 non
1459 2853 1529 2907 iluot
1544 2855 1691 2924 repento?

149 2941 191 2996 Tu
208 2942 347 2997 mortales
363 2941 498 2996 homines
513 2941 543 2995 in
558 2946 667 2996 tantum
681 2941 801 3008 amasti,
1067 2938 1150 3008 Quis,
1167 2956 1184 2995 o
1200 2940 1253 2995 Dei
1267 2940 1410 3007 Genitrix,
1427 2943 1525 3010 potest
1539 2941 1687 3010 meditari,

148 3027 230 3095 Quod
246 3035 274 3088 ta
290 3032 388 3101 ipsum
404 3031 532 3086 credulis
547 3031 577 3084 in
591 3031 689 3086 cibum
704 3031 836 3101 donasti,
1031 3027 1073 3083 'le
1088 3028 1213 3083 delleuta
1230 3028 1336 3083 Filium
1351 3031 1449 3098 poenis
1465 3030 1607 3101 cruciari,
1921 3086 1923 3101 ,

148 3119 184 3175 et
199 3124 230 3174 ut
245 3121 284 3175 tui
300 3136 448 3174 memores
463 3123 491 3175 te
507 3123 633 3190 sumant,
651 3120 806 3175 mandasti.
1032 3118 1076 3171 Ac
1088 3118 1177 3172 tantis
1192 3118 1340 3190 angustiis
1352 3117 1416 3190 jam
1428 3118 1492 3192 jam
1505 3119 1635 3192 fatigari,
1907 3104 1923 3201 l

182 3200 302 3265 Christe
318 3208 522 3281 benigissime,
540 3208 593 3263 Fili
610 3210 717 3263 summi
737 3208 799 3276 llai,
1034 3206 1070 3260 Dt
1085 3222 1143 3260 non
1158 3210 1256 3278 potest
1272 3208 1371 3263 subito
1386 3207 1423 3263 ad
1438 3209 1538 3263 ilatum
1553 3209 1683 3265 mutari?

148 3300 260 3354 Precor
274 3298 502 3372 indignissimus
519 3299 660 3353 miserere
678 3298 745 3362 mei,
1069 3293 1150 3350 Heul
1166 3296 1237 3350 mihi
1253 3295 1416 3350 durissimo
1432 3311 1487 3351 cnr
1501 3312 1557 3369 ego
1572 3312 1631 3353 non
1647 3296 1813 3368 comploret

148 3387 272 3441 Tantum
288 3385 438 3440 charitatis
454 3387 500 3454 da,
517 3386 584 3440 ildei
601 3390 687 3458 atque
703 3386 777 3456 spei,
1033 3381 1114 3438 llaul
1131 3388 1162 3438 ut
1177 3384 1248 3454 quid
1262 3387 1321 3438 tam
1336 3385 1430 3439 durus
1445 3401 1523 3453 sum,
1535 3385 1605 3440 dem
1621 3389 1648 3440 ta
1663 3365 1890 3442 Matromorffl

149 3474 188 3531 Ut
202 3476 291 3546 digne
307 3475 479 3546 mysterium
496 3490 609 3529 suniam
625 3477 713 3528 tantae
728 3475 781 3529 rei.
1033 3472 1156 3527 Domina
1171 3473 1351 3528 circumdata
1365 3489 1563 3544 supernorum
1579 3473 1683 3544 choro,

183 3562 257 3628 Quid
273 3561 341 3616 hinc
357 3562 476 3616 reddam
492 3564 606 3634 gratia,
623 3562 673 3632 qui
689 3578 735 3616 me
750 3562 795 3616 sic
809 3561 939 3617 dotasti?
995 3520 1194 3633 Cbacrpmas
1210 3561 1376 3616 ubarirmas
1392 3563 1428 3616 da
1444 3562 1527 3631 mibi,
1543 3565 1572 3616 te
1587 3562 1725 3633 imploro.

148 3649 203 3716 Qui
219 3656 268 3705 tuo
284 3651 424 3721 mysterio
440 3654 519 3704 tento
535 3651 705 3720 deputasti?
1334 3650 1406 3705 Orat
1422 3653 1453 3705 in
1469 3652 1564 3707 berto.

148 3741 191 3794 Ac
206 3739 361 3811 indignum
376 3739 517 3794 miserum
533 3754 651 3808 semper
666 3739 807 3807 tolerasti,
1068 3738 1143 3792 Audi
1160 3739 1275 3806 lesum,
1291 3740 1398 3809 anima,
1416 3741 1496 3795 velut
1510 3755 1588 3794 nunc
1602 3742 1783 3810 praesentem
1798 3756 1804 3795 :

149 3827 184 3882 Et
200 3843 266 3882 cnm
282 3828 340 3881 tuis
356 3827 474 3881 lamulis
490 3843 609 3883 manere
625 3827 766 3883 donasti?
1033 3825 1167 3899 Surpite,
1184 3843 1285 3883 eamus
1298 3828 1378 3897 dine,
1397 3828 1539 3884 iratribus
1555 3828 1713 3898 dicentem,

185 3915 264 3973 Heul
280 3917 351 3971 mihi
367 3916 437 3987 quid
452 3917 569 3985 inciam,
586 3932 603 3971 o
620 3933 734 3972 summa
750 3916 898 3970 dulcedo?
1034 3916 1076 3970 Aa
1088 3916 1236 3985 responde
1253 3916 1367 3971 concito
1382 3917 1547 3987 deprecans
1560 3916 1748 3989 loquentem

148 4003 209 4060 Cur
223 4006 268 4061 sic
282 4005 438 4060 indevotus
453 4021 530 4075 sum,
547 4005 616 4060 dum
632 4011 659 4061 ta
674 4007 773 4076 ipsum
789 4006 866 4062 ado?
1034 4002 1092 4058 Pac
1108 4019 1164 4075 rna,
1180 4005 1265 4074 lesu,
1282 4005 1368 4078 sequi
1383 4008 1411 4060 ta
1427 4006 1463 4060 ad
1478 4008 1603 4061 mortem
1617 4011 1802 4079 pergentem.

148 4092 229 4149 Heul
246 4094 335 4149 nimis
349 4094 515 4166 culpabilis,
531 4098 560 4149 et
576 4095 668 4149 durus
683 4095 793 4150 accedo
810 4109 817 4151 :
1299 4092 1394 4149 Sudat
1413 4094 1598 4167 sangumem,

148 4179 229 4237 Heul
245 4182 305 4237 illic
319 4183 412 4237 durus
428 4199 504 4252 sum,
522 4183 673 4255 durusque
690 4184 807 4238 recedo.
1069 4180 1143 4236 Vide
1158 4180 1237 4236 hunc
1251 4182 1416 4254 discipulos
1432 4198 1517 4238 orere
1533 4186 1713 4253 mouentem,

183 4270 304 4342 Olesu,
321 4272 390 4343 qnid
406 4271 511 4326 faciam
528 4272 637 4327 vermis
654 4276 681 4326 et
697 4273 846 4343 putredo?
1034 4269 1069 4323 Et
1084 4270 1195 4326 orendo
1207 4272 1324 4327 Petram
1338 4274 1384 4326 ter
1398 4272 1427 4326 in
1441 4273 1551 4327 terram
1566 4276 1713 4341 ruentem,

79 4416 85 4435 ,
147 4360 242 4431 Cujus
258 4365 384 4416 mantem
399 4360 536 4431 opprimit
550 4363 663 4431 peccati
679 4361 813 4433 nigredo,
1032 4356 1159 4412 Carnem
1175 4359 1204 4414 in
1219 4360 1368 4432 angustia,
1385 4360 1510 4430 tristam,
1524 4363 1554 4415 at
1568 4363 1739 4430 paventem,

148 4448 195 4503 Mo
210 4449 377 4503 ministrum
393 4449 515 4520 dignum
530 4450 589 4515 iac,
604 4449 694 4518 Deus,
712 4451 741 4503 in
757 4464 844 4519 quem
860 4450 961 4518 credo,
1033 4449 1076 4501 Ac
1093 4447 1233 4502 sudorem
1248 4448 1405 4521 sanguinis
1421 4449 1538 4519 abipso
1555 4448 1707 4504 fluentem.

148 4538 208 4592 Pro
223 4553 324 4593 amore
340 4536 474 4609 Virginis
491 4538 593 4591 Matris
608 4537 770 4592 intercede.
1068 4534 1144 4601 Quid
1161 4536 1234 4592 iacis
1250 4537 1424 4607 fortissime,
1440 4537 1495 4592 Fili
1511 4537 1664 4593 Deivivi?

184 4626 291 4681 Mirum
306 4627 351 4679 est
367 4625 534 4680 certissime
549 4625 626 4696 quod
642 4627 669 4680 ta
685 4625 866 4681 comedendo
1034 4623 1175 4697 Nunquid
1190 4628 1219 4680 tu
1233 4630 1293 4681 tam
1308 4625 1403 4681 tristis
1417 4641 1451 4682 as
1467 4630 1498 4681 ut
1512 4626 1531 4679 ii
1547 4627 1679 4697 pendunt
1694 4626 1775 4683 rivi?

150 4715 254 4771 Anima
269 4730 327 4771 non
342 4713 481 4785 liquescit
495 4729 567 4783 pure
580 4713 749 4787 diligendo:
1034 4712 1076 4768 De
1091 4715 1169 4768 tante
1186 4714 1325 4786 angustia
1340 4730 1489 4787 nunquam
1501 4713 1564 4787 jam
1579 4714 1691 4786 audiri,

149 4804 217 4872 Sed,
235 4801 307 4860 haut
324 4801 435 4872 esurio,
451 4802 585 4873 duraque
599 4802 740 4873 repando,
1034 4800 1069 4856 Et
1085 4805 1181 4857 tamen
1197 4806 1229 4857 ut
1243 4802 1345 4874 debui,
1360 4803 1444 4874 llere,
1461 4801 1534 4859 haul
1550 4804 1682 4876 nequivi.

149 4893 212 4950 Nec
227 4892 334 4950 molliri
348 4891 432 4947 valeo
448 4889 598 4962 paululum
613 4891 759 4949 datlendo.
1070 4888 1144 4955 Quid
1160 4891 1187 4945 si
1203 4907 1267 4947 mea
1283 4891 1408 4948 Domina
1422 4892 1488 4950 baec
1503 4907 1642 4963 praesens
1657 4891 1799 4964 vidisset,

186 4983 279 5038 Parca
296 4981 377 5052 mihi,
393 4980 516 5037 Domine
531 4979 589 5050 pia,
605 4979 773 5052 tribuendo,
1035 4977 1174 5050 Nunquid
1192 4996 1258 5035 cum
1274 4980 1418 5052 apostolis
1433 4981 1499 5052 ipsa
1513 4980 1742 5038 obdormisset?

150 5072 189 5128 Ut
203 5070 363 5142 compungi
374 5068 489 5142 iugiter
503 5084 608 5142 queam
624 5072 652 5124 ta
667 5071 822 5140 sumendo,
994 5065 1020 5128 D
1034 5069 1228 5141 Nequaquam
1244 5069 1422 5140 certissime,
1439 5069 1492 5126 aad
1507 5070 1632 5127 multum
1646 5069 1801 5141 flevisset,

149 5159 274 5229 Semper
289 5158 412 5213 Matrem
428 5157 580 5230 Virginem
593 5161 680 5230 atqua
695 5161 724 5213 te
738 5160 872 5230 colando,
1035 5159 1070 5214 Et
1086 5159 1187 5214 dolore
1204 5160 1294 5213 nimio
1308 5173 1384 5230 pane
1398 5157 1570 5215 deiecisset.

150 5247 243 5302 'luam
257 5262 373 5301 caenam
386 5247 517 5302 ultimam
532 5251 629 5303 mente
644 5248 813 5305 recolendo.
1070 5245 1152 5302 Heni
1170 5245 1242 5302 beni
1259 5249 1325 5302 mea
1340 5247 1473 5303 Domina.
1490 5262 1610 5318 semper
1624 5246 1721 5319 Virgo
1737 5261 1821 5320 pura,

186 5334 210 5390 0
224 5334 250 5389 si
265 5349 330 5390 mea
344 5334 467 5389 Domina
480 5338 550 5391 tunc
565 5350 701 5407 praesens
717 5338 838 5407 luisset,
1035 5337 1115 5392 Hora
1129 5336 1251 5408 estjam
1265 5337 1410 5408 proxima,
1424 5337 1488 5392 dios
1504 5351 1573 5392 aras
1589 5337 1699 5408 lutura,

152 5421 189 5477 ut
202 5423 378 5478 tradendum
390 5422 498 5479 Filium
514 5424 569 5479 hac
584 5429 671 5480 nocte
685 5425 851 5482 audivisset
867 5442 874 5482 :
1033 5427 1155 5493 Quando
1170 5427 1354 5500 unigenitum
1369 5428 1452 5482 tuum
1466 5440 1500 5480 as
1516 5425 1629 5481 visure.

152 5510 257 5567 Cibum
271 5514 302 5567 ut
317 5511 465 5582 existimo,
482 5528 609 5582 prorsus
625 5529 684 5569 nou
702 5505 893 5586 sumpsisset,
1034 5518 1067 5571 ln
1082 5531 1171 5571 cruce
1186 5514 1314 5572 deiicere
1329 5518 1422 5571 morte
1437 5515 1527 5570 nimis
1541 5515 1625 5571 dura.

152 5599 212 5657 Sed
225 5601 335 5656 amaris
350 5590 489 5679 laorpmtp
509 5603 607 5657 statim
622 5618 656 5658 aa
671 5603 813 5660 dedisset.
1070 5607 1128 5664 Sed
1147 5621 1226 5663 nunc
1240 5621 1340 5676 cerna,
1356 5605 1462 5676 anime,
1479 5603 1597 5662 turbam
1612 5603 1838 5679 malignantem,
