3908 6112
1791 304 1850 370 710

406 308 757 374 CONSUETUDINES
780 281 1099 377 CLUNIAGENSES.
1116 346 1154 358 —
1169 308 1296 373 LIBER
1315 309 1547 373 SECUNDUS.

111 307 174 372 709

109 523 208 579 usque
218 508 517 567 dumfiatabsolutus.
534 513 950 569 Absolviturnutemmaxime
968 499 1074 566 hfaeit
1088 513 1154 566 ante
1169 514 1197 566 et
1212 514 1301 579 retro,
1318 514 1346 566 ct
1360 513 1405 565 ter
1418 510 1489 564 dicit
1504 511 1582 565 huno
1599 526 1733 565 versum:
1751 509 1842 578 Deus,

113 597 232 668 quando
248 600 508 671 prostratusjaeet
522 602 558 655 ad
575 602 711 673 gradum,
726 605 754 656 ct
768 618 846 657 unus
862 603 952 656 trater
1003 600 1222 672 inadjutorium
1236 616 1330 654 mcum
1341 599 1464 654 intende
1479 599 1568 668 (sicut
1592 600 1678 654 etiam
1701 599 1738 653 ad
1767 613 1842 668 opus

114 686 153 739 ad
168 703 234 741 eum
250 688 397 759 dirigitur,
409 704 424 742 a
437 705 493 760 quo
510 690 568 745 sibi
584 691 661 761 quod
678 693 716 745 sit
733 691 888 746 absolutus
904 691 951 744 in·
1005 693 1165 759 manuum),
1185 694 1223 759 et,
1240 694 1271 743 ut
1286 689 1326 743 lbi
1338 693 1393 757 est,
1417 692 1525 744 caetera
1550 687 1716 758 subjungit.
1734 688 1842 757 Sicque

113 778 233 829 nuatur.
250 776 314 830 Hoc
325 792 442 848 quoque
464 777 551 832 modo
576 779 639 833 fieri
660 780 737 835 solet
751 779 908 848 absolutio,
925 779 952 833 si
1006 778 1162 849 sanguinis
1172 777 1326 832 diminutio
1336 778 1508 845 inchoatur,
1520 776 1670 832 silentium
1680 779 1767 840 tenet,
1783 775 1842 829 nisi

114 863 211 918 eidem
226 879 312 919 noxae
327 865 515 936 adiudicatus
540 873 643 936 postca
664 870 831 941 contigerit,
856 872 886 922 ut
898 883 951 938 pro
1007 866 1154 920 modicum
1172 867 1242 937 quid
1254 867 1330 921 dicat
1345 867 1381 921 de
1395 866 1451 919 hoc
1462 865 1627 936 quodinter
1637 881 1742 919 manus
1753 865 1845 921 habe·

114 951 215 1022 aliquo
240 952 346 1007 delicto
366 955 462 1009 denuo
480 956 658 1010 reclamatus
680 958 864 1022 verberetur;
882 958 910 1010 et
925 955 951 1010 ei
1007 957 1065 1009 tur.
1082 954 1197 1009 Abhinc
1212 970 1342 1026 surgens
1367 956 1467 1009 statim
1491 955 1617 1008 venitin
1641 954 1843 1023 refectorium,

114 1040 172 1093 hoc
184 1056 242 1095 non
254 1043 318 1110 erit,
335 1058 393 1097 non
407 1044 583 1109 absolvitur,
605 1045 662 1099 nisi
677 1046 761 1114 prius
777 1044 843 1116 ejus
860 1046 952 1099 satis·
1007 1043 1186 1114 aliquantum
1203 1044 1238 1098 de
1251 1044 1326 1098 libra
1336 1059 1390 1098 sua
1406 1059 1583 1098 comesurus
1594 1043 1666 1098 etde
1682 1041 1751 1096 vine
1767 1042 1843 1098 bibi·

116 1127 204 1184 lactio
218 1128 347 1200 jacentis
358 1132 394 1186 ad
411 1132 544 1203 gradum,
561 1133 609 1187 vel
624 1133 659 1187 ad
683 1149 771 1188 unam
787 1133 889 1190 horam
906 1132 952 1185 vi·
1006 1133 1108 1200 11111,
1124 1133 1298 1187 1111111111
1313 1149 1367 1203 per
1381 1133 1445 1187 dies
1461 1131 1599 1203 geminos
1611 1135 1786 1201 sequentes.
1803 1132 1850 1186 Ad

116 1216 221 1271 deutur
237 1234 253 1272 a
279 1223 435 1275 conventu.
549 1250 552 1258 =
1007 1220 1161 1290 prandium
1171 1222 1197 1274 si
1209 1221 1257 1275 alii
1273 1221 1382 1276 habeut
1406 1221 1572 1291 pitantiam,
1591 1220 1641 1274 ille
1656 1219 1805 1292 generale,
1821 1223 1851 1275 et

419 1310 545 1364 CAPUT
569 1311 648 1365 xlx.
1009 1308 1045 1362 ad
1060 1324 1172 1364 emnam
1186 1325 1240 1364 ova
1256 1311 1321 1364 tria.
1336 1309 1366 1363 Si
1383 1312 1429 1364 est
1444 1314 1560 1379 tempus
1575 1308 1710 1378 hiemale,
1726 1309 1841 1364 scilieet

171 1395 343 1470 Ubicunque
360 1400 492 1468 steterit,
513 1400 652 1472 quomodo
670 1406 754 1455 stare
778 1399 896 1454 debeat.
1009 1413 1025 1452 a
1041 1398 1181 1455 Kalendis
1195 1399 1333 1455 Octobris
1345 1414 1440 1469 usque
1455 1399 1491 1452 ad
1503 1398 1767 1470 Quadragesiman,
1780 1400 1808 1452 et
1819 1399 1845 1453 si

152 1483 239 1538 Stans
250 1489 422 1541 autemante
431 1475 570 1542 domnum
582 1489 717 1544 abbatem
726 1489 772 1543 vel
782 1488 951 1558 ubicunque
1009 1473 1117 1543 fratres
1127 1490 1306 1561 generaliter
1316 1504 1374 1543 nou
1384 1488 1442 1542 nisi
1452 1488 1545 1542 semel
1561 1487 1705 1555 reficiunt,
1717 1489 1786 1541 tune
1797 1487 1845 1543 ille

120 1573 241 1643 steterit,
251 1573 280 1627 id
289 1576 443 1631 etiamnon
452 1578 576 1649 negligit
587 1580 617 1632 ut
633 1578 738 1633 habeat
748 1578 840 1648 pedes
852 1591 953 1647 aequa·
1008 1583 1076 1648 post
1087 1593 1229 1648 vesperas
1245 1580 1349 1632 coenat.
1366 1576 1504 1632 Secundo
1521 1579 1548 1631 ct
1563 1576 1649 1630 tertio
1664 1575 1710 1630 die
1720 1578 1847 1644 postea·

115 1662 184 1717 liter
195 1664 387 1733 compositos,
405 1668 433 1720 et
443 1682 593 1738 nunquam
604 1668 640 1722 ab
652 1667 778 1721 invicem
789 1666 952 1721 interstan-
1008 1667 1132 1737 pilulam
1148 1667 1270 1721 veniens
1282 1668 1312 1720 in
1326 1665 1525 1735 refectorium,
1544 1665 1614 1719 dicit
1629 1679 1748 1719 versum
1764 1664 1845 1719 rese-

122 1751 185 1804 dum
208 1751 402 1809 divaricatos.
1010 1755 1165 1811 ctionalem
1180 1755 1268 1809 simul
1284 1770 1351 1809 eum
1376 1755 1488 1825 pueris,
1501 1757 1528 1808 et
1556 1753 1663 1809 habeat
1682 1752 1735 1806 tria
1763 1756 1846 1808 cocta

431 1842 557 1899 CAPUT
577 1845 642 1899 XX.
974 1845 1175 1934 Bpulmenta3
1191 1845 1237 1899 die
1254 1847 1367 1915 quarta,
1389 1844 1469 1898 casei
1487 1843 1690 1913 quadrantem,
1705 1843 1752 1896 vel
1768 1840 1847 1913 quod

151 1929 252 1983 lleln's
268 1946 330 2002 quae
346 1932 488 1987 nonlicet
515 1933 619 1990 facere
637 1933 699 1988 nisi
709 1934 747 1989 ad
757 1933 859 1988 horam
874 1932 918 1987 lo·
1010 1934 1215 1990 tantumvalet.
1232 1932 1295 1997 Quo
1318 1933 1365 1988 die
1389 1932 1500 1987 indutis
1520 1946 1638 2003 quoque
1659 1931 1845 1986 diurnalibus

477 2022 595 2094 quaudi.
1011 2024 1047 2077 ad
1063 2023 1186 2093 primam
1201 2023 1277 2077 redit
1292 2023 1321 2076 in
1337 2023 1470 2077 chorum.
1490 2021 1535 2075 Ad
1556 2023 1718 2075 nocturnos
1733 2020 1781 2074 his
1793 2019 1847 2074 tri-

153 2107 264 2162 1111111
280 2124 296 2162 a
311 2108 449 2179 capitulo,
466 2111 491 2165 si
502 2115 549 2165 est
560 2127 594 2165 ca
605 2111 669 2167 dies
685 2112 714 2165 in
730 2127 786 2182 qua
801 2109 879 2181 loqui
896 2123 955 2165 non
1011 2113 1068 2168 bus
1081 2112 1219 2167 noctibus
1234 2112 1261 2166 si
1282 2111 1470 2180 obdormivit,
1492 2125 1578 2164 nemo
1604 2124 1672 2163 eum
1694 2101 1848 2164 1111111-

123 2197 300 2266 prohibetur,
318 2197 491 2269 priusquam
507 2200 733 2255 ullumverbum
745 2201 831 2268 dieat,
848 2199 955 2253 librum

120 2285 221 2355 accipit
247 2288 277 2340 et
306 2286 400 2341 sedet.
432 2287 541 2343 Stando
565 2288 638 2343 nihil
667 2289 785 2345 omnino
814 2288 954 2359 loquitur;

122 2375 194 2444 quod
211 2374 352 2445 loquitur,
380 2375 511 2447 loquitur
538 2377 690 2432 submissa
720 2394 804 2434 voce.
825 2377 957 2448 Loqucla

122 2477 170 2515 sua
187 2467 215 2516 et
225 2462 375 2518 audientia
390 2479 449 2519 non
464 2469 512 2520 est
525 2466 585 2521 nisi
604 2467 639 2524 de
651 2467 845 2538 spiritalibuS,
862 2465 908 2521 vel
921 2465 956 2521 de

121 2550 163 2605 his
177 2552 288 2622 quibus
299 2551 364 2607 hiae
379 2555 550 2624 temporalis
566 2556 624 2610 vita
651 2572 753 2612 carere
768 2572 826 2611 non
849 2557 955 2626 polest.

119 2638 230 2710 Siquid
245 2656 321 2710 opus
337 2641 425 2696 habet
446 2658 462 2696 a
478 2645 640 2699 camerario
655 2661 802 2716 quaerere,
817 2648 956 2698 tancme-

118 2728 322 2799 ximequoerit3
338 2730 364 2784 si
376 2746 451 2800 opus
467 2731 555 2787 habet
569 2749 685 2805 ungues
697 2750 811 2803 secare,
828 2737 897 2788 tunc
913 2746 958 2787 se·

118 2820 179 2886 rat3
195 2818 223 2871 si
239 2833 313 2887 opus
330 2818 571 2889 habetjustitiam
583 2838 667 2876 suam
683 2827 711 2878 et
726 2825 855 2892 pateram
874 2821 956 2875 lava-

116 2921 157 2972 re,
170 2908 242 2960 tune
258 2906 351 2976 lavat,
368 2908 394 2961 si
411 2924 486 2978 opus
502 2909 590 2965 habet
602 2911 751 2966 cultellum
768 2928 855 2966 suum
871 2924 956 2965 acue·

116 3010 158 3059 re,
170 2997 328 3049 tuueaouit
343 2996 379 3050 ad
395 3000 491 3051 cotem
506 2999 554 3069 qui
567 3000 603 3054 ob
629 3000 685 3053 hoe
704 3002 811 3070 pendet
828 3002 857 3054 in
874 3001 956 3055 clau-

115 3086 179 3138 stro
190 3101 197 3148 ;
207 3085 236 3138 si
247 3100 322 3155 opus
334 3085 501 3158 habetquid
510 3087 729 3144 deveatimento
745 3105 800 3145 sue
816 3091 853 3145 ad
863 3091 956 3145 solem

113 3172 286 3243 extendere,
300 3177 367 3229 tunc
379 3176 519 3244 extendit,
533 3180 561 3232 et
577 3178 652 3234 bene
678 3179 843 3234 meminerit
858 3183 889 3234 ut
902 3195 956 3236 au·

1012 2217 1105 2258 consa
1119 2200 1302 2271 inquietabit,
1314 2200 1367 2255 sed
1383 2199 1469 2254 etiam
1485 2197 1717 2253 adintervallum
1732 2197 1848 2253 inlecto

1012 2307 1067 2346 suo
1082 2289 1227 2360 pausavit,
1244 2305 1299 2344 nee
1310 2288 1491 2359 permissum
1507 2289 1553 2341 est
1569 2286 1685 2341 veniam
1701 2288 1802 2356 petere
1818 2286 1848 2342 iu

1013 2379 1149 2449 capitulo,
1167 2379 1194 2432 si
1208 2378 1277 2450 quid
1294 2378 1320 2432 ei
1332 2377 1521 2432 reclamatum
1533 2377 1580 2430 est
1594 2374 1631 2430 de
1646 2374 1707 2441 illo,
1723 2379 1751 2429 et
1766 2378 1847 2431 stare

1011 2468 1119 2540 jussus
1130 2483 1183 2539 pro
1199 2467 1285 2522 venia
1300 2467 1459 2520 inelinavit.
1478 2465 1568 2522 Cavet
1583 2469 1680 2520 autem
1693 2479 1727 2520 ec
1739 2463 1786 2519 dia
1805 2463 1847 2518 mi

1012 2573 1114 2626 nuere,
1131 2558 1159 2610 in
1175 2557 1262 2628 cujus
1278 2557 1414 2628 sequenti
1430 2558 1515 2610 nocte
1534 2553 1689 2609 duodecim
1717 2553 1848 2608 1111111-

1014 2647 1138 2714 1111111,
1155 2646 1213 2701 1111
1233 2646 1263 2699 11
1284 2644 1517 2715 Quadragesima
1528 2659 1536 2714 3
1547 2645 1616 2698 tune
1640 2657 1761 2712 semper
1776 2644 1804 2696 et
1818 2641 1848 2696 iu
1863 2699 1868 2708 ,

1014 2734 1220 2805 Sabbatopost
1241 2749 1384 2806 vesperas
1410 2734 1523 2803 minuit,
1540 2748 1594 2804 pro
1616 2746 1651 2787 1ο
1675 2730 1848 2802 quodiudie

1014 2824 1165 2879 Domiuiea
1179 2839 1238 2879 nou
1251 2822 1417 2895 jeJunabit3
1434 2823 1464 2878 in
1491 2838 1549 2895 qua
1564 2822 1633 2894 quia
1652 2821 1787 2876 facturus
1802 2822 1849 2874 est

1013 2915 1087 2970 loris
1097 2915 1257 2968 claustrum
1273 2912 1507 2982 processionem,
1524 2910 1616 2966 induit
1631 2924 1750 2981 quoque
1765 2908 1849 2962 diur-

1012 3003 1095 3058 nales
1106 3020 1112 3067 ;
1125 3005 1192 3073 post
1203 3001 1425 3072 completorium
1437 3001 1472 3055 de
1487 2999 1583 3055 tribus
1595 2997 1780 3054 orationibus
1789 3011 1848 3051 nou

1011 3094 1071 3148 nisi
1086 3107 1173 3148 uuam
1189 3090 1267 3161 iacit,
1285 3092 1313 3145 et
1328 3090 1397 3144 exit.

1310 3178 1436 3233 CAPUT
1455 3177 1546 3233 xxti.

115 3259 191 3315 ierat
205 3266 273 3316 ante
284 3263 480 3332 collationem,
494 3265 551 3333 val,
568 3267 594 3320 si
602 3268 757 3322 duodecim
773 3268 917 3324 lectiones
926 3270 956 3322 11
972 3235 998 3299 c
1014 3269 1074 3336 Qua
1085 3267 1282 3340 disciplinam
1299 3265 1426 3323 ecclesia
1443 3269 1558 3321 maneat
1569 3264 1606 3320 ad
1620 3263 1763 3319 solemnia
1774 3261 1847 3316 mis-

114 3350 255 3420 sequeuti
270 3356 355 3406 nocte
371 3352 490 3421 fuerint,
502 3359 568 3410 aute
584 3371 744 3426 vesperas3
763 3358 787 3411 si
800 3373 886 3428 quem
898 3357 955 3412 fra·
1374 3372 1483 3410 sarum.

113 3441 192 3492 trum
207 3439 404 3496 inlu-mantem
428 3443 551 3499 visitare
574 3446 710 3513 voluerit,
733 3450 801 3501 tune
830 3447 956 3501 maxime
1047 3448 1104 3503 Sed
1121 3450 1152 3501 ut
1166 3445 1334 3517 redeamud
1349 3446 1447 3501 locum
1469 3441 1714 3512 undepaululum
1730 3438 1847 3508 diverti,

114 3526 226 3583 visitat.
241 3529 272 3584 Si
289 3533 383 3585 autem
400 3536 445 3586 est
460 3534 574 3604 absque
590 3534 754 3590 obedientia
770 3535 955 3606 quantumad
1010 3535 1273 3607 interloquendum
1289 3535 1315 3589 si
1335 3534 1370 3588 ad
1386 3533 1489 3590 boram
1513 3532 1633 3603 signum
1651 3529 1778 3586 audierit
1797 3543 1847 3583 re·

116 3615 261 3686 hospites,
292 3621 549 3691 tantumloquitur
569 3624 605 3678 ad
630 3640 806 3695 quemquam
829 3624 955 3678 famulo·
1011 3625 1228 3696 gularom,etsi
1239 3625 1323 3680 estin
1349 3622 1603 3692 claustro,ipsum
1627 3620 1751 3674 verbum
1768 3616 1848 3689 quod

119 3719 194 3774 rum,
211 3708 268 3760 nisi
281 3724 347 3762 rum
362 3709 489 3764 licentia.
506 3711 586 3765 Nihil
616 3714 741 3782 appellat
765 3713 956 3785 singulariter
1011 3715 1099 3770 habet
1114 3715 1143 3768 in
1160 3730 1212 3769 ore
1228 3730 1286 3769 non
1300 3713 1424 3784 perficit,
1441 3712 1495 3767 sed
1510 3712 1648 3766 continuo
1664 3711 1741 3764 tacet
1756 3710 1786 3762 et
1802 3721 1850 3762 oc·

124 3808 216 3864 sirum,
233 3797 285 3851 sed
302 3797 447 3853 adomnia
464 3800 533 3854 dicit
551 3805 694 3868 nostrum,
713 3802 770 3856 nisi
786 3803 820 3856 de
831 3807 911 3872 patre
927 3804 955 3855 et
1011 3805 1101 3860 currit
1117 3805 1153 3858 ad
1169 3806 1332 3858 orationem
1355 3804 1519 3870 interesse3
1537 3801 1621 3855 sedet
1635 3799 1665 3853 in
1696 3797 1798 3862 choro,
1822 3797 1851 3850 et

129 3889 226 3955 matre,
242 3885 278 3939 de
294 3886 341 3940 hie
367 3888 444 3941 solet
461 3889 584 3943 licenter
601 3889 658 3943 diri
683 3907 767 3946 meus
785 3896 813 3944 et
829 3890 955 3945 mcc.Si
1011 3909 1166 3964 quousque
1182 3893 1324 3946 sacerdos
1335 3888 1689 3945 missamcautaturussit
1703 3886 1842 3953 vestitus,

132 3985 205 4039 quem
218 3973 337 4028 fratrem
352 3977 476 4044 appella,
494 3993 642 4048 nunquam
668 3995 740 4047 puro
765 3980 881 4034 nonrine
901 3995 954 4049 ap·
1011 3983 1132 4037 intendit
1146 3980 1315 4035 lectionih
1341 3996 1399 4050 quo
1424 3981 1521 4034 tamen
1546 3979 1675 4050 primum
1690 3977 1780 4031 ictum
1800 3989 1849 4032 se-

136 4059 216 4130 111111,
232 4063 292 4116 1111
306 4064 433 4119 domnus
443 4065 595 4136 adiungat,
607 4071 635 4121 ot
649 4083 758 4137 pueros
780 4069 888 4122 iratres
899 4085 954 4123 no·
1011 4071 1099 4125 cundi
1110 4070 1188 4142 signi
1205 4069 1339 4139 audierit,
1349 4068 1427 4122 illico
1442 4071 1543 4123 cesset
1556 4072 1584 4122 et
1593 4067 1701 4138 surgit,
1711 4064 1842 4120 etiamad

139 4145 222 4218 mirat3
238 4152 307 4205 11111
319 4153 470 4222 proprium
485 4170 592 4209 nomeu
608 4156 753 4225 dicturus,
772 4173 890 4228 semper
898 4158 954 4212 111-
1011 4160 1068 4214 duo
1078 4159 1165 4230 signa
1179 4174 1245 4229 quae
1260 4157 1415 4228 pulsantur
1425 4157 1461 4211 ad
1475 4170 1632 4225 vesperas,
1647 4153 1695 4207 vel
1710 4152 1845 4223 quoties·

141 4235 173 4287 ¹⁰?
184 4241 339 4308 lraemittit.
1010 4261 1125 4318 cunque
1140 4246 1234 4302 omnia
1252 4247 1340 4317 signa
1356 4245 1520 4316 pulsantur.
1539 4242 1671 4310 Veniam,
1688 4256 1777 4312 quem
1790 4255 1845 4310 pe-

418 4330 545 4386 CAPUT
571 4334 648 4389 Xlil.
1010 4337 1052 4404 tit,
1066 4336 1223 4407 diligenter
1238 4334 1424 4391 observatae
1436 4329 1689 4403 unquamtardiua
1705 4329 1751 4384 vel
1769 4328 1850 4383 cele-

335 4419 379 4475 De
390 4422 551 4477 minutione
575 4424 740 4494 sangoinis.
1010 4425 1074 4480 rius
1088 4440 1176 4496 quam
1187 4423 1234 4477 alii
1245 4427 1337 4493 petat;
1349 4438 1415 4478 cum
1427 4422 1494 4476 aliis
1510 4437 1544 4477 se
1559 4416 1802 4476 submittentibus
1814 4430 1849 4473 se

167 4499 514 4580 Sivolueritaanguinem
530 4511 672 4580 minuere,
694 4513 760 4583 ipsa
786 4514 868 4584 hora,
897 4528 955 4584 qua
1011 4512 1166 4579 submittit,
1179 4512 1320 4567 cumaliis
1336 4511 1547 4567 selevantibus
1559 4505 1850 4575 sclcvatadvenias,

143 4584 168 4640 tlt
185 4595 303 4666 capitulo
327 4599 442 4667 exierit,
462 4598 610 4656 licentiam
635 4601 751 4671 quaerit.
778 4602 815 4656 Et
838 4606 868 4656 ut
897 4593 993 4657 hocD
1010 4605 1046 4659 ad
1061 4604 1206 4674 preesset
1229 4601 1266 4656 ad
1295 4602 1455 4657 orationes.
1479 4601 1555 4656 Aliis
1579 4615 1639 4655 non
1666 4595 1846 4669 legentibus,

144 4680 206 4736 modo
220 4701 276 4755 qno
294 4687 342 4740 liat
358 4689 461 4741 ordine
477 4704 658 4757 persequar:
680 4695 800 4760 accepta
823 4691 953 4759 licentia,
1011 4709 1065 4748 nec
1080 4693 1158 4747 aliud
1174 4707 1261 4763 quam
1276 4691 1373 4746 solum
1384 4689 1515 4745 officium
1529 4687 1661 4744 divinum
1674 4681 1849 4741 attendenti·

144 4765 200 4822 radii
212 4774 243 4826 ad
255 4775 442 4830 cellerarium
458 4778 639 4831 voluntatem
655 4794 739 4832 suam
767 4780 908 4847 indicare,
926 4783 956 4834 ut
1011 4782 1078 4849 bus,
1096 4782 1160 4851 ipse
1175 4796 1292 4852 quoque
1308 4794 1456 4850 nunquam
1472 4777 1580 4833 librum
1590 4775 1683 4847 aperit
1693 4773 1730 4828 ad
1745 4772 1852 4845 legeu-

144 4858 269 4916 lacrimat
294 4863 435 4917 111111111
461 4865 497 4918 ad
527 4864 699 4935 hujusmodi
728 4867 896 4936 deputatum
926 4869 956 4921 in
1012 4870 1233 4937 dum,maxime
1263 4869 1292 4924 in
1320 4869 1421 4938 chore,
1438 4868 1495 4922 nisi
1526 4864 1683 4938 aliquande
1711 4860 1849 4931 antiphe-

144 4951 634 5025 110111111111111111113111111
652 4955 753 5009 missae
768 4955 901 5026 majoris.
915 4955 957 5010 Flo
1013 4959 1126 5013 narium
1141 4957 1177 5011 ad
1193 4956 1336 5029 majorem
1352 4957 1473 5011 missam
1496 4958 1618 5025 propter
1632 4952 1760 5023 aliquem
1776 4963 1848 5021 gra·

143 5041 244 5107 tatoque
261 5047 409 5096 momento
425 5042 593 5098 abscedens
610 5043 645 5096 dc
662 5043 788 5098 ccclesia
805 5044 898 5097 induit
908 5059 958 5098 uo·
1014 5047 1126 5101 viorem
1135 5048 1252 5100 eentum
1262 5045 1333 5117 quid
1344 5045 1378 5099 ad
1394 5058 1529 5115 praesens
1540 5043 1682 5109 cantatur,
1696 5037 1788 5093 velad
1801 5050 1851 5091 ve·

141 5119 957 5203 1111111111,11111111111111111111111111111111111
1016 5135 1242 5205 speraslibrum
1266 5134 1442 5205 hymnorum
1465 5132 1585 5202 propter
1613 5129 1740 5199 aliquem
1769 5125 1852 5197 hym·

137 5200 281 5285 induturus,
299 5233 354 5272 uec
370 5220 494 5298 chorum
520 5221 694 5278 intraturus.
717 5220 897 5293 Tollensque
912 5220 957 5275 11-

139 5296 212 5356 uim
226 5305 260 5360 de
277 5308 354 5362 lecto
365 5310 468 5363 sucad
484 5310 540 5365 hoe
567 5312 780 5381 necessariam,
811 5312 910 5385 pergit
928 5312 958 5366 in

136 5392 272 5459 coquinam
290 5397 473 5469 regularem,
492 5399 541 5453 ubi
558 5399 712 5454 brachium
728 5416 816 5455 suum
830 5400 959 5456 denudat

137 5477 158 5527 tl
170 5483 296 5540 ealefacit
308 5502 315 5556 3
329 5490 415 5541 vocat
424 5486 564 5541 famulum
575 5489 729 5558 praelatum
745 5491 834 5561 siguo
848 5492 960 5544 tautum

136 5573 336 5644 excellerario,
351 5575 489 5647 ducitque
515 5591 618 5631 seeum
645 5577 682 5631 ad
704 5578 784 5632 illam
809 5579 961 5633 minuendi

133 5651 443 5735 ε113111111111111111.
469 5666 648 5737 Priusquam
672 5666 743 5738 quid
760 5666 839 5722 aliud
854 5665 952 5738 faciat,

1015 5239 1085 5278 num
1100 5238 1134 5279 11
1149 5223 1213 5278 vice
1228 5221 1409 5283 cauendum;
1427 5223 1455 5275 et
1471 5220 1497 5274 si
1520 5218 1664 5274 sacerdos
1680 5218 1726 5272 est
1741 5214 1851 5270 hebdo-

1015 5313 1175 5381 madarius,
1192 5312 1221 5366 iu
1237 5309 1417 5365 collectaneo
1432 5309 1501 5363 licet
1515 5308 1541 5363 ei
1551 5307 1630 5379 quud
1645 5319 1720 5378 opus
1737 5304 1852 5360 habue-

1017 5403 1064 5472 rit,
1079 5401 1195 5470 viderc;
1211 5403 1260 5454 aut
1271 5399 1296 5453 si
1313 5400 1405 5454 lector
1420 5398 1510 5453 estin
1532 5396 1707 5463 refectorio,
1725 5397 1752 5449 et
1765 5391 1852 5464 juve·

1017 5492 1064 5545 nis
1079 5489 1175 5543 adhue
1198 5487 1352 5561 positusin
1377 5486 1522 5556 custodia,
1543 5485 1579 5539 ad
1603 5487 1756 5553 utramque
1781 5479 1852 5534 mis·

1018 5594 1092 5647 sam,
1113 5578 1140 5631 si
1169 5575 1303 5643 voluerit,
1334 5576 1363 5629 in
1391 5575 1483 5630 choro
1512 5573 1656 5645 praevidet
1681 5570 1850 5626 lectionem.

1017 5667 1118 5740 Signa,
1135 5682 1202 5739 quae
1227 5679 1293 5719 cum
1322 5680 1409 5720 manu
1438 5665 1511 5721 liunt
1534 5679 1588 5737 pro
1615 5661 1773 5726 locutione,
1792 5668 1852 5713 non
