3908 6112
106 306 179 383 249
423 294 744 360 CLUNIACENSES
773 294 1138 359 CONSUETUDINES.
1157 332 1193 343 -
1211 297 1336 361 LIBER
1347 299 1541 365 TERTIUS.
1790 309 1850 375 750

119 511 260 586 lmeritus.
284 510 377 583 Igitur
392 511 458 579 iste,
474 510 511 565 de
525 525 583 580 quo
607 511 715 581 agitur,
739 509 876 565 ollleialis
900 497 994 565 riteA
1010 516 1038 568 et
1054 514 1183 568 insinuet
1198 512 1224 567 si
1239 512 1309 583 quid
1325 514 1440 567 noverit
1454 529 1529 584 opus
1545 528 1614 569 ease
1627 515 1658 569 ut
1669 515 1846 571 insinuetur.

123 617 213 672 quum
235 599 322 654 habel
343 599 574 672 suffraganeum,
601 600 651 669 qui
674 602 702 654 et
726 600 826 668 pueris
849 604 954 667 (inritet,
1009 602 1150 657 Similiter
1167 603 1235 657 lacit
1250 603 1486 671 quotiescunque
1504 604 1846 672 postnoelurnesEvaa-

129 710 151 758 pi
163 700 285 752 brevem
301 688 388 742 iaciat
402 688 438 743 de
453 688 629 742 lectionibus
645 693 673 741 et
697 689 911 758 responsoriie,
929 692 957 743 el
1012 692 1123 761 getium
1140 694 1185 745 est
1200 691 1368 761 legendum,
1385 691 1431 745 vel
1453 692 1478 744 si
1495 692 1545 761 qui
1561 692 1760 747 invitatorium
1776 709 1847 747 cen·

133 787 194 844 aliis
207 777 368 848 ohsequiis.
385 776 531 831 Caeterum
544 779 609 847 ipsa
625 778 749 832 fratrum
770 778 889 832 nomina
905 779 955 847 qui
1006 782 1093 835 taturi
1106 784 1174 834 sunt
1184 780 1260 833 albis
1272 781 1440 834 vestiuntur
1455 780 1499 832 vel
1514 780 1626 850 cappiS,
1639 781 1729 835 totius
1740 782 1782 835 rei
1797 786 1844 836 est

138 868 229 931 lecturi
250 870 318 921 sunt
341 869 368 920 et
393 866 547 934 cantaturi,
575 866 619 920 vel
646 868 723 920 aliud
748 866 818 936 quid
838 869 956 936 laeciori,
1007 870 1177 940 praecipuus
1201 869 1360 923 ordinater.
1386 868 1417 921 Si
1439 869 1508 940 quis
1526 869 1616 925 frater
1637 870 1846 939 inllrmus,in-

141 957 270 1018 nonalius
284 971 371 1026 quain
386 954 435 1009 ille
450 957 541 1025 ponit,
558 955 616 1008 uisi
634 955 707 1009 lorte
723 960 751 1010 et
766 957 829 1025 ipse
845 957 883 1010 ila
900 971 955 1009 vo·
1008 960 1159 1013 liemarum
1175 958 1239 1012 oleo
1250 961 1296 1012 est
1311 959 1480 1029 ungendae,
1498 959 1556 1028 vel,
1572 960 1598 1013 si
1613 959 1728 1029 obierit,
1747 958 1783 1013 ad
1798 975 1846 1015 se·

144 1050 223 1115 luerit,
237 1046 359 1115 ejusque
369 1045 521 1099 secundus
537 1043 628 1116 hujus
639 1045 678 1098 sit
689 1045 841 1099 industriae
854 1045 952 1115 hujus·
1009 1048 1156 1117 pallarum
1172 1047 1351 1116 efferendus,
1368 1047 1413 1101 vel
1428 1049 1454 1101 si
1466 1048 1533 1118 quis
1544 1049 1580 1102 de
1592 1048 1666 1103 loris
1682 1048 1787 1103 allatus
1799 1050 1846 1104 est

147 1150 312 1210 queseasus
330 1134 372 1188 lle
383 1133 450 1204 ejus
463 1136 560 1188 aulem
571 1134 709 1189 continua
721 1135 912 1202 occupatione
924 1138 954 1188 ut
1009 1137 1213 1206 recipiendns;
1229 1137 1286 1205 ipsi
1311 1140 1356 1189 cst
1371 1152 1443 1190 cura
1465 1137 1513 1207 qui
1530 1137 1672 1191 sacerdes
1694 1138 1842 1209 induatur,

148 1229 223 1297 aliqua
233 1223 439 1294 perstringam,
452 1227 511 1278 tota
523 1223 676 1277 servitutis
688 1222 796 1277 divium
808 1224 951 1278 ordinatio
1007 1226 1154 1296 quomodo
1164 1241 1273 1294 eorpus
1285 1225 1399 1279 Domini
1410 1229 1590 1295 apportetur,
1602 1227 1748 1296 quomodo
1760 1242 1843 1281 com·

147 1318 171 1369 in
182 1312 287 1369 ecclesia
303 1327 391 1380 super
408 1312 521 1367 nullum
537 1312 740 1382 pendetquam
753 1328 844 1382 super
860 1311 949 1374 illam,
1007 1315 1172 1368 muniretur
1179 1332 1186 1379 ;
1210 1319 1238 1368 et
1262 1330 1328 1384 qaae
1344 1314 1486 1382 collectae,
1511 1314 1578 1369 dum
1595 1314 1710 1385 obierit,
1727 1331 1743 1368 a
1758 1315 1841 1385 prio-

149 1401 295 1456 needehoc
318 1401 405 1455 habet
429 1401 556 1472 aliquem
580 1402 755 1472 magistrum
770 1401 829 1454 nisi
855 1401 952 1455 solam
1005 1420 1037 1459 re
1061 1419 1153 1473 super
1176 1419 1242 1457 eum
1267 1404 1411 1472 dieantur,
1428 1406 1456 1457 et
1479 1403 1547 1457 dum
1569 1404 1693 1472 lavatur,
1717 1405 1746 1459 et
1767 1403 1837 1458 dum

150 1490 954 1556 dommmabbatem.Quodvoluerituleautetur,eanta-
1004 1494 1140 1561 vestitur,
1171 1495 1198 1547 et
1218 1494 1418 1563 autequamin
1443 1494 1571 1547 ecelesia
1594 1496 1776 1563 apportetur,
1808 1497 1837 1548 et

149 1580 272 1650 lui;quod
289 1579 414 1633 voluerit
436 1583 467 1633 ul
488 1578 614 1649 legatur,
631 1578 741 1649 legitur
763 1582 791 1631 el
806 1578 835 1632 iu
852 1580 950 1633 eccle-
1004 1582 1073 1652 quid
1101 1584 1287 1645 contemnet
1308 1581 1454 1651 quomodo
1477 1581 1606 1635 tumulas
1629 1581 1836 1648 benedicatur;

150 1670 192 1733 sia,
213 1672 236 1723 et
261 1668 288 1722 in
317 1668 484 1735 refectorio,
515 1670 543 1722 et
571 1668 606 1721 ad
637 1667 837 1733 collationem;
863 1673 890 1721 et
915 1669 951 1723 ad
1003 1675 1113 1740 atquae
1129 1670 1261 1724 collectae
1278 1669 1346 1723 dam
1362 1669 1555 1738 benedicitur,
1573 1673 1680 1740 etquee
1701 1671 1837 1726 dumsa-

151 1756 324 1827 hujuscemodi
335 1773 439 1812 ornnes
448 1757 556 1812 debent
566 1771 686 1826 semper
696 1757 722 1810 ei
733 1771 802 1810 esse
812 1756 951 1811 obedieu-
1001 1759 1118 1828 politur,
1131 1761 1159 1813 et
1170 1774 1236 1829 quae
1247 1762 1314 1827 post
1325 1760 1507 1829 sepulturam
1518 1758 1651 1813 dicendae
1669 1762 1751 1829 saint,
1771 1775 1836 1815 em-

151 1846 227 1899 lessi
240 1847 305 1917 qnid
323 1851 418 1900 temen
435 1850 536 1900 contra
558 1861 645 1899 usum
661 1847 886 1916 praesumpserit
904 1844 951 1899 vel
966 1847 1089 1934 Balbus
1106 1847 1153 1902 bis
1169 1847 1302 1901 intererit
1312 1847 1480 1917 praecipuus
1497 1849 1684 1902 monstrator.
1702 1846 1769 1919 Ipse
1785 1865 1836 1902 su·

151 1934 290 2005 neglexerit,
308 1934 364 1989 hoc
374 1936 494 1989 omnino
505 1936 622 1990 interim
638 1935 841 1987 dissimulatur
856 1949 950 2004 usque
1000 1937 1207 2006 pervenientes
1221 1937 1331 1991 breves
1353 1936 1475 1991 fratrum
1496 1935 1702 1991 detunctorum
1717 1936 1833 2007 accipit,

151 2026 200 2079 dum
212 2028 234 2078 iu
249 2025 372 2094 capitulo
388 2023 573 2079 reclametur.
595 2024 639 2077 hd
654 2023 767 2076 cantica
782 2021 947 2093 Evangelii,
1000 2029 1028 2079 et
1042 2025 1072 2078 ia
1087 2025 1224 2097 analogio
1240 2029 1328 2092 uolat,
1346 2025 1572 2096 descriptosque
1591 2025 1666 2081 ulios
1683 2025 1834 2097 pergenti-

151 2112 498 2182 veladmalulinaslaudes,
509 2114 555 2167 vel
565 2113 600 2166 od
610 2111 949 2182 vesperasontiphonam
998 2115 1056 2169 bus
1073 2114 1197 2169 lralibas
1213 2130 1266 2184 per
1280 2115 1416 2168 diversas
1430 2116 1576 2168 terrarum
1592 2114 1760 2183 provincias
1776 2113 1836 2169 dis·

150 2202 250 2272 inponit,
266 2208 389 2272 excepto
405 2204 483 2274 quod
495 2203 572 2257 ilem.
590 2202 682 2255 abbas
697 2200 733 2254 ed
745 2200 949 2255 duodecimam
998 2203 1108 2271 tribuit,
1127 2218 1181 2257 nee
1197 2202 1392 2271 obliviscitur,
1410 2203 1435 2256 si
1451 2203 1520 2274 quis
1533 2203 1749 2269 lreterfinierit,
1762 2203 1834 2258 mis·

148 2290 269 2347 lectionem
292 2295 339 2346 est
363 2293 565 2361 impositurus.
591 2290 646 2356 Qui
675 2291 760 2344 etiam
790 2290 946 2360 armarius,
997 2308 1099 2346 saram
1111 2309 1177 2363 quae
1189 2292 1282 2346 ritevr
1294 2291 1435 2346 iratribus
1447 2291 1565 2363 triginta
1578 2291 1829 2346 commendantur.

147 2380 244 2450 quandia
257 2388 302 2435 est
319 2381 349 2436 in
365 2387 521 2448 conventu,
540 2396 597 2434 non
610 2395 643 2435 se
659 2384 739 2434 notat
750 2379 786 2434 ad
802 2379 890 2433 ullum
905 2379 946 2431 le·
996 2381 1131 2446 Quinimo
1147 2381 1249 2435 nescio
1261 2381 1286 2434 si
1303 2381 1372 2450 quis
1388 2380 1545 2450 plusquam
1561 2380 1608 2433 ille
1625 2379 1758 2434 lacintad
1769 2395 1830 2435 om-

92 2476 94 2481 '
147 2468 300 2539 ctionem,vel
308 2475 449 2541 resp.;ut,
458 2471 483 2523 si
491 2469 715 2523 domnusabbee
723 2469 948 2538 sorienonlege·
997 2486 1051 2526 nes
1062 2470 1283 2541 processionem
1297 2471 1416 2540 adquae
1428 2469 1510 2539 nihil,
1521 2469 1832 2540 nisiquodipseimpo·

147 2557 178 2625 rit,
189 2559 244 2628 ipse
258 2575 311 2628 pro
327 2575 362 2614 eo
378 2560 417 2613 sit
433 2560 532 2629 legere
548 2562 677 2628 paratus.
699 2556 780 2622 Quod
797 2557 822 2610 si
842 2572 899 2627 quo
915 2557 945 2609 in
999 2559 1101 2627 suerit,
1119 2559 1237 2613 omnino
1254 2563 1395 2612 curtatur.
1634 2614 1637 2619 ,

146 2649 193 2702 tono
210 2654 329 2717 erratur,
353 2648 463 2701 nullius
488 2647 610 2700 scientia
637 2645 811 2717 praejamieat
838 2645 889 2714 illi,
913 2648 945 2698 ut
1035 2647 1832 2719 Postremoquidquidlalcquasinovamsupervenerit

145 2749 184 2789 non
195 2752 254 2792 eam
269 2736 456 2807 potissimam
480 2751 583 2790 omnes
598 2735 748 2789 attendant
762 2738 789 2789 et
813 2749 944 2805 sequan—
998 2738 1172 2809 gerendam,
1185 2738 1221 2792 de
1233 2737 1288 2791 hoc
1303 2736 1508 2805 illapraeeipue
1521 2750 1641 2804 memor,
1659 2738 1686 2788 et
1701 2735 1830 2807 diligens

143 2826 181 2878 lar.
193 2825 274 2881 Solus
297 2826 348 2881 ille
366 2842 423 2880 noa
447 2824 681 2894 reprehenditur,
706 2824 732 2877 si
757 2839 845 2894 quam
869 2823 945 2876 oali·
998 2841 1068 2881 esse
1091 2827 1187 2881 debet.
1204 2827 1332 2897 Loquor,
1349 2830 1379 2880 ut
1395 2828 1450 2893 est,
1468 2824 1585 2896 quando
1601 2824 1677 2879 labae
1693 2824 1829 2896 novellae,

142 2911 240 2979 phouam
254 2914 300 2970 vel
318 2931 400 2984 resp.
424 2913 617 2967 nominaverit
631 2913 746 2983 absque
761 2913 847 2983 libro,
865 2911 944 2965 indi·
996 2916 1043 2970 vel
1055 2916 1190 2969 novellus
1202 2917 1297 2985 paniS,
1309 2916 1373 2969 sive
1383 2918 1512 2968 mustum
1522 2913 1830 2969 iareieetorioeslbe·

142 3015 191 3057 reas
203 3005 286 3059 alicui
308 3004 393 3059 tratri
409 3008 439 3058 ut
455 3007 560 3057 caritot.
577 3002 686 3057 Omnes
702 3017 820 3073 quoque
835 3016 943 3056 versus
996 3004 1202 3073 nedieendum3
1212 3006 1257 3058 vel
1268 3005 1292 3058 si
1304 3004 1369 3057 talis
1379 3003 1490 3072 hospes
1500 3002 1590 3073 hujus
1600 3003 1773 3057 reverentiae
1782 3001 1830 3055 ad·

141 3088 272 3147 elenando
288 3094 426 3163 imponit3
442 3093 602 3164 quemlihet
616 3097 742 3160 rantum,
765 3090 943 3161 quantamli-
995 3095 1120 3155 venerit.
1138 3097 1203 3147 ante
1218 3109 1304 3163 quem
1321 3095 1389 3162 post
1399 3094 1546 3162 peractam
1559 3091 1783 3160 processionem
1798 3090 1828 3145 in

140 3176 327 3235 betsubmissa
344 3197 417 3236 voce
432 3185 575 3250 coriletur,
591 3196 676 3235 nemo
692 3184 789 3234 tamen
802 3180 878 3233 alius
893 3197 943 3234 au·
962 3183 1110 3290 oprimis
1121 3182 1206 3252 juxta
1221 3181 1299 3251 quod
1315 3180 1343 3232 iu
1360 3179 1462 3251 regula
1472 3181 1597 3248 tenetur,
1614 3178 1699 3232 lectio
1716 3182 1762 3232 est
1777 3193 1827 3233 re-

139 3265 211 3325 detad
236 3271 370 3325 altiorem
393 3286 496 3324 vocem
512 3271 621 3324 levare.
637 3269 721 3323 Omni
744 3269 790 3323 die
813 3269 942 3324 diluculo
996 3272 1121 3336 citanda;
1134 3271 1179 3324 vel
1195 3284 1284 3339 opere
1299 3283 1437 3322 manuum
1449 3268 1535 3337 laeto,
1548 3267 1689 3338 quidquid
1699 3269 1770 3321 tune
1781 3270 1828 3323 est

138 3362 267 3431 postquam
276 3365 338 3414 tres
350 3359 433 3430 pueri
444 3361 585 3429 psalmos,
599 3363 629 3412 ut
640 3359 733 3412 moris
745 3361 800 3427 est,
810 3357 943 3430 perlege·
995 3361 1164 3432 legendum,
1180 3360 1225 3414 vcl
1242 3359 1269 3413 si
1286 3357 1462 3430 cuiusquam
1478 3357 1579 3410 novitii
1591 3356 1626 3410 de
1638 3356 1827 3426 professione

137 3446 183 3515 n'at,
203 3449 340 3504 continuo
358 3449 436 3502 venit
459 3448 494 3501 od
509 3463 563 3502 eos
585 3449 615 3501 at
634 3449 715 3517 pareri
738 3447 789 3517 qui
810 3447 941 3502 lecturus
996 3448 1128 3519 populari
1144 3464 1226 3503 como
1238 3449 1421 3502 etbarbaest
1432 3446 1587 3514 tondenda,
1599 3445 1635 3500 ad
1647 3446 1711 3500 haec
1723 3447 1827 3518 singu·

137 3537 201 3592 otia
215 3538 341 3610 capitulo
356 3537 452 3592 audiat
477 3536 647 3605 lectionem3
664 3537 710 3591 vel
726 3537 812 3590 etiam
834 3537 897 3604 rite,
915 3536 940 3590 sl
995 3538 1022 3592 la
1037 3543 1065 3594 et
1081 3539 1185 3592 horum
1201 3537 1309 3592 similia
1324 3537 1431 3591 librum
1451 3539 1662 3605 competentem
1677 3534 1827 3606 accipitet

137 3620 176 3690 ipsi
186 3628 282 3699 aliquo
296 3626 383 3682 medo
394 3627 477 3696 pueri
493 3625 676 3695 offenderint,
690 3625 815 3679 maxime
826 3630 943 3679 cantan-
995 3631 1117 3697 apertat,
1134 3631 1162 3681 et
1176 3627 1311 3698 providet
1325 3642 1361 3680 ac
1377 3625 1426 3679 fiat
1441 3625 1623 3697 negligentia
1643 3625 1689 3679 vel
1705 3624 1741 3679 de
1756 3638 1826 3694 per·
1849 3693 1851 3696 y

138 3709 220 3777 lavel
242 3716 370 3789 legende
386 3715 582 3786 negligenter,
598 3714 646 3768 vel
662 3714 689 3768 si
704 3718 819 3768 centum
843 3715 941 3768 minus
997 3733 1079 3785 sona,
1095 3719 1141 3771 vel
1166 3717 1201 3770 de
1216 3715 1271 3770 hor
1294 3715 1372 3785 quod
1388 3730 1516 3784 persona
1531 3717 1578 3768 est
1600 3714 1724 3768 dictura.
1748 3712 1785 3768 Et
1799 3714 1826 3768 si

138 3797 268 3874 diligenter
287 3804 454 3873 addiscunt,
479 3803 598 3874 dignam
626 3804 662 3857 ab
692 3818 726 3857 eo
755 3802 941 3873 disciplinam
997 3805 1246 3875 lorteepiscopus
1265 3804 1358 3858 ederit
1379 3803 1425 3856 vel
1442 3803 1535 3857 nostri
1555 3803 1678 3872 ordinis,
1695 3801 1826 3858 veltalis

139 3893 311 3960 experiuntur.
340 3893 533 3962 Summopere
560 3895 657 3946 tamen
687 3892 841 3961 observat,
871 3895 938 3954 tani,
996 3895 1143 3964 opinionis
1164 3894 1200 3947 de
1225 3892 1344 3963 quovel
1368 3892 1474 3946 domno
1490 3892 1587 3945 olibeti
1611 3893 1657 3947 vel
1673 3892 1765 3962 priori
1780 3892 1826 3946 vi-

140 3974 276 4054 hecquem
290 3982 351 4051 alii,
367 3980 483 4053 quando
494 3996 547 4036 eos
562 3982 708 4049 verberat,
723 3996 780 4035 non
792 3980 888 4035 solum
905 3996 941 4034 ae
995 3984 1098 4038 deutur
1112 3985 1143 4036 ut
1158 3981 1207 4036 det
1228 3980 1462 4035 benedictionem
1478 3981 1506 4034 in
1527 3981 1665 4049 ecclesia,
1681 3981 1746 4050 ipse
1762 3982 1826 4036 sto·

139 4064 230 4139 tripu
251 4086 371 4125 earnem
391 4084 493 4124 eorum
518 4085 585 4124 cum
602 4085 698 4137 manu,
716 4069 769 4123 sed
793 4071 881 4123 etiam
903 4084 939 4123 ue
995 4072 1062 4141 lom,
1079 4072 1186 4125 librum
1202 4073 1230 4124 el
1245 4069 1381 4123 baculum
1397 4069 1552 4137 ministrat,
1570 4069 1826 4139 olimponithunc

141 4158 204 4213 acris
224 4159 291 4233 ejas
315 4175 419 4213 eorum
442 4158 593 4213 adhereat
615 4158 764 4229 vestibus3
789 4173 938 4228 utinquam
995 4176 1133 4216 versum:
1151 4158 1311 4213 Humiliate
1328 4173 1379 4212 vos
1393 4157 1430 4211 ad
1440 4157 1687 4212 benedictionem.
1698 4157 1731 4213 Ia
1742 4158 1828 4212 Nata·

141 4253 235 4318 touque
257 4263 324 4303 cam
339 4246 435 4317 palma
459 4264 560 4302 eorum
582 4248 786 4318 percutiuntur·
802 4247 937 4316 inaxillae,
993 4249 1015 4304 li
1039 4249 1165 4318 Domini,
1190 4249 1219 4302 in
1234 4247 1350 4301 Pascha
1372 4249 1400 4300 el
1423 4247 1609 4313 Pentecoste,
1635 4246 1671 4299 ad
1694 4245 1825 4301 officium

141 4332 216 4401 tedet
231 4352 307 4407 opus
329 4336 427 4406 scierit,
445 4337 588 4409 magister
603 4337 696 4403 solus,
714 4337 763 4406 qui
780 4352 832 4391 eos
848 4335 937 4406 ducit,
993 4339 1116 4410 maj0ris
1141 4338 1243 4391 missae
1268 4338 1296 4390 et
1317 4335 1474 4390 tenendam
1499 4334 1622 4388 chorum
1644 4337 1714 4389 suat
1734 4334 1825 4389 notati

141 4424 208 4482 llleat
219 4440 322 4480 eorum
332 4426 455 4496 capillos
468 4433 617 4494 excutere3
629 4425 715 4489 alius,
728 4441 886 4496 nunquam.
905 4425 940 4479 lat
993 4428 1029 4483 do
1045 4427 1216 4482 melioribus
1230 4425 1412 4491 cantoribus,
1436 4426 1576 4494 quantum
1598 4423 1724 4478 armario
1739 4422 1824 4478 vide-

141 4515 230 4580 rupea
250 4516 318 4583 hoc,
341 4515 470 4585 quandiu
489 4516 553 4584 ipse
577 4516 622 4568 vel
645 4514 854 4587 saffraganeus
872 4514 939 4585 ejas
992 4521 1050 4587 tar3
1066 4517 1116 4588 qui
1127 4521 1222 4570 tamen
1233 4529 1292 4569 non
1303 4515 1487 4583 praesumunt
1496 4528 1550 4582 per
1561 4527 1594 4566 se
1603 4512 1755 4584 accedere,
1765 4511 1825 4568 nisi

141 4604 238 4657 aaaron
252 4604 328 4659 inter
342 4620 405 4671 eoS,
424 4605 565 4676 magister
580 4620 739 4674 puerorum
756 4604 937 4674 principalis,
993 4610 1058 4677 ipse
1074 4612 1160 4659 inhnu
1172 4619 1226 4658 eae
1237 4602 1525 4673 eappesdet,quaein
1535 4601 1824 4672 capitelormaesem·

141 4685 200 4756 ltine
214 4693 355 4764 superius
370 4694 500 4762 memini,
516 4709 574 4747 non
590 4692 671 4765 legit,
688 4708 742 4747 nee
759 4694 835 4748 aliud
851 4693 939 4764 quid·
993 4695 1090 4767 perde
1100 4693 1297 4748 melioribusa
1308 4692 1460 4761 principali
1473 4690 1597 4745 sacriste
1609 4693 1822 4761 preparantur.

140 4782 199 4840 lllu
211 4780 289 4849 lacit,
313 4783 373 4836 nisi
387 4783 465 4852 qued
482 4782 640 4836 armarium
656 4787 684 4836 et
699 4798 809 4852 pueros
826 4782 940 4854 jugiter
992 4785 1081 4839 addit
1096 4783 1181 4838 ctiam
1197 4782 1293 4836 adhuc
1309 4780 1367 4835 illie
1383 4780 1501 4834 statutis
1511 4795 1565 4849 per
1579 4780 1713 4835 ordinem
1728 4794 1824 4851 quan·

141 4856 245 4926 lllaetar.
255 4871 335 4926 later
345 4886 422 4942 quos
437 4875 466 4925 et
480 4870 556 4925 liber
570 4872 599 4925 ia
615 4887 672 4942 quo
688 4872 798 4943 legitur
808 4872 845 4925 ito
861 4887 938 4926 sem·
993 4878 1158 4944 toseunque
1178 4885 1284 4942 capere
1306 4873 1402 4941 polest
1421 4873 1480 4924 tola
1503 4869 1585 4923 chori
1609 4868 1745 4935 latitudo;
1768 4883 1824 4923 nec

140 4960 294 5029 llrpenilur
309 4967 340 5015 ut
355 4976 409 5015 una
425 4961 461 5015 de
482 4961 627 5015 columnis
650 4961 770 5016 claustri
791 4961 885 5015 modia
900 4961 939 5016 sit
994 4964 1149 5034 quisquam
1165 4975 1268 5015 eorum
1283 4960 1423 5013 recedere
1432 4958 1595 5028 praesumit,
1607 4959 1654 5013 vel
1669 4958 1705 5012 ad
1721 4973 1823 5029 pacem

139 5034 364 5105 inhraadientem
389 5054 417 5104 ct
432 5050 604 5105 audiendos.
627 5050 795 5119 lectiones,
812 5066 879 5122 qaae
894 5051 938 5104 le·
993 5052 1145 5120 accedere,
1161 5066 1215 5104 sen
1231 5049 1354 5103 missam
1371 5052 1497 5113 cantare,
1521 5047 1567 5100 vel
1584 5047 1619 5101 de
1635 5047 1699 5102 loce
1714 5049 1824 5103 statuto

139 5135 213 5196 liade
221 5139 334 5194 suntad
343 5141 539 5194 nocturneset
547 5140 748 5209 responsoria,
757 5140 810 5194 rite
820 5141 939 5195 audian·
993 5141 1144 5210 secedere,
1156 5138 1292 5211 quamvis
1303 5138 1362 5191 siut
1372 5136 1407 5191 de
1419 5135 1581 5205 majoribus
1592 5135 1742 5207 personis,
1752 5152 1825 5207 prae-

137 5218 235 5295 llrpest
248 5228 369 5295 nonam,
383 5232 412 5283 el
425 5229 454 5282 in
474 5227 707 5301 Quadrageaima
722 5231 790 5298 post
806 5235 935 5301 sextom3
991 5235 1036 5286 ter
1051 5230 1118 5300 ejus
1133 5231 1244 5283 nutum.
1263 5226 1297 5281 m
1313 5227 1339 5281 si
1353 5227 1392 5280 ilo
1407 5225 1564 5296 eontigerit
1579 5227 1609 5281 ut
1623 5228 1729 5281 neuter
1743 5226 1825 5298 prior

135 5317 334 5389 bellespares
344 5332 416 5372 vcro
426 5334 586 5390 nunquam.
598 5319 728 5390 Quoque
740 5318 831 5372 missa
844 5319 939 5390 rnajor
990 5336 1044 5374 nec
1055 5333 1157 5374 eorum
1166 5315 1343 5371 vicariussit
1353 5316 1382 5368 in
1392 5315 1493 5383 choro,
1506 5317 1586 5384 tunc,
1597 5315 1624 5370 si
1631 5314 1738 5370 viderit
1747 5330 1823 5386 opus

131 5413 169 5455 eea
178 5407 351 5462 matatinalis
360 5404 609 5476 lueriteanlanda,
619 5409 668 5461 ubi
678 5408 819 5463 sacerdos
829 5424 862 5462 se
871 5424 937 5462 eum
990 5424 1069 5475 esse,
1082 5409 1179 5478 potest
1193 5407 1257 5476 ipse
1271 5408 1384 5458 mutere
1393 5403 1499 5458 iratres
1510 5404 1546 5459 de
1558 5404 1649 5459 choro
1660 5405 1690 5459 in
1699 5405 1822 5460 chorum

127 5496 221 5550 ceteris
236 5496 450 5551 ministraturis
462 5497 604 5565 vestierit,
621 5498 699 5551 nulla
717 5497 780 5551 vice
792 5498 936 5551 prunarius
990 5502 1018 5551 et
1033 5498 1059 5550 ei
1084 5497 1133 5568 qai
1150 5495 1303 5567 quaesierit
1318 5492 1443 5547 exeundi
1460 5492 1608 5548 licentiam
1623 5494 1709 5563 dare3
1724 5494 1821 5549 thuri·

120 5594 164 5653 per
180 5575 423 5641 consuetudinem
437 5585 578 5655 deluerit3
604 5587 729 5655 primum
746 5591 776 5640 at
797 5586 894 5640 videat
910 5586 936 5639 si
989 5585 1115 5641 bulama
1127 5599 1273 5640 converso
1285 5583 1343 5638 sihi
1353 5582 1489 5653 primitas
1502 5586 1681 5654 apportatur,
1693 5583 1752 5639 aiei
1762 5583 1822 5637 fue·

116 5677 214 5744 praete
227 5674 289 5730 slat
302 5689 407 5731 omnes
420 5688 560 5746 personae
570 5690 637 5748 quae
653 5678 721 5731 sunt
735 5675 936 5746 obsecuturae,
988 5676 1028 5732 rit
1040 5675 1134 5730 abbas
1157 5675 1260 5731 nester
1274 5673 1321 5729 vel
1336 5671 1444 5745 aliquis
1469 5671 1629 5744 episcopus
1651 5687 1706 5729 seu
1728 5670 1820 5727 abbas
