3900 6112
622 242 892 306 POSTMODUM
916 237 1113 304 VICTORIS
1135 243 1178 306 111
1201 241 1326 305 PAPAE
1773 245 1832 309 934

87 248 166 327 ΒΘ

87 442 287 515 »enarrabilis
306 440 416 511 habite,
436 441 472 496 ad
487 442 562 496 iram
575 441 627 496 Dei
640 441 823 512 placandam,
841 439 941 495 statuit
954 417 984 480 Α
997 440 1181 511 porrigente,
1198 441 1333 510 protinus
1358 442 1513 498 induisset.
1529 445 1602 499 Post
1622 445 1686 498 haec
1707 445 1831 499 incensa

87 550 179 602 ‚uno
193 547 247 602 per
259 546 362 587 omnes
373 530 623 601 meusesprimam
632 533 746 585 sextam
755 529 858 584 leriam
868 546 946 583 com·
996 530 1829 602 navi,etvest1mentaselurnmodonostrisrestituenteS,

87 619 429 690 muniterabomnihus
442 621 472 677 in
487 619 825 690 abstinentiaperagi,ac
841 619 945 672 discat·
996 617 1365 672 eaeterisomnibusonusti
1377 623 1404 673 et
1420 620 1530 674 hilares
1547 621 1581 673 ad
1594 622 1830 691 proprioremca-

87 709 201 778 pontis
222 709 349 780 pedibus
369 708 558 779 procedendo
576 708 699 762 missam
722 707 847 777 proinde
872 722 944 777 spe·
996 709 1072 759 runt.
1087 705 1215 760 Nostros
1231 712 1327 761 autern
1339 724 1392 776 per
1403 708 1521 763 ‹lircrsa
1537 710 1572 763 ab
1585 710 1629 763 eis
1640 709 1704 764 loca
1716 710 1830 780 disper-

94 798 225 864 sialiter
245 796 401 866 celebrari,
427 812 542 851 necnon
553 796 588 867 {et
603 797 740 850 omnibus
760 812 813 866 per
834 811 941 850 anuum
995 809 1048 847 sos
1064 793 1276 849 lrelresnestri
1291 796 1326 849 de
1338 799 1517 851 monasterio
1529 798 1658 851 bucensi
1674 798 1722 867 pio
1733 799 1830 853 studio

98 885 289 966 quotidianis
304 885 411 940 diebus
431 884 593 940 orationem
609 900 662 955 pro
682 884 798 956 fulgure
812 885 848 938 ad
871 885 941 938 mis·
995 881 1196 951 disquirentes
1212 885 1372 954 reperiunt,
1383 901 1556 956 omnesque,
1573 887 1829 955 praeterquatuor,

104 973 572 1044 sumpublieametadpsalmos
588 973 734 1043 speciales
751 973 942 1027 edicil'erre
994 970 1043 1040 qui
1060 969 1124 1040 jam
1143 969 1291 1025 Christum
1315 973 1528 1043 migraverunt,
1557 973 1593 1026 ad
1615 974 1829 1027 monasterium

107 1069 210 1122 autem
228 1062 364 1117 deminus
384 1062 492 1116 Petrus
513 1061 644 1116 Damiani
662 1061 697 1114 ad
721 1061 777 1114 hoe
799 1064 943 1115 monaste·
995 1058 1244 1112 suumeonduotis
1256 1060 1553 1116 vehiculisrevehunt
1565 1083 1572 1131 3
1586 1062 1695 1132 quique
1704 1066 1832 1131 postme-

113 1153 192 1210 rium
210 1150 341 1215 veniens,
365 1165 432 1204 eum
456 1149 549 1206 verbe
573 1150 683 1220 pariter
701 1153 728 1203 et
758 1149 943 1219 exemplond
995 1145 1074 1215 dum,
1092 1146 1829 1219 licetdiversistemporibuseodemtarnenanne,

115 1240 169 1296 Dei
181 1240 329 1293 servitium
344 1238 472 1293 ferventi
484 1238 545 1292 zelo
562 1253 757 1309 quoscunque
774 1242 877 1309 posset
890 1254 941 1292 ne·
994 1234 1031 1287 ad
1046 1250 1101 1289 nos
1114 1235 1247 1289 universi
1258 1237 1320 1291 lere
1329 1238 1443 1292 reversi
1455 1241 1532 1306 sunt,
1546 1242 1602 1293 etc.
1614 1239 1721 1293 Piratae
1740 1239 1832 1310 igitur

121 1328 258 1395 uenderet,
285 1327 401 1381 tandem
423 1326 620 1396 permissione
641 1326 751 1380 domiui
770 1327 897 1396 abbatis,
926 1343 942 1380 a
995 1322 1035 1378 illi
1052 1327 1150 1377 cetera
1165 1324 1260 1378 emnia
1275 1325 1349 1380 inter
1363 1342 1396 1380 se
1412 1327 1578 1381 dividentes
1602 1327 1745 1381 scrinium
1760 1327 1831 1381 reli-

124 1419 217 1471 euucta
242 1415 473 1487 congregatione
493 1415 657 1469 voluntaria
673 1414 819 1468 oblatione
844 1416 872 1468 in
894 1432 943 1470 re-
995 1411 1130 1483 quiarum
1141 1412 1256 1467 cuidam
1270 1429 1370 1468 eorum
1384 1415 1591 1471 contradunt...
1604 1417 1653 1488 qui
1664 1415 1830 1488 aliquande,

126 1504 283 1559 missionem
306 1505 438 1559 omnium
461 1508 650 1574 peccatorum
682 1504 807 1559 obtinuit
835 1509 865 1557 ut
890 1521 943 1574 per
995 1501 1026 1554 in
1038 1500 1201 1554 cubiculum
1216 1502 1310 1573 inquo
1322 1510 1408 1557 erant
1423 1504 1593 1575 ingressus,
1609 1505 1707 1560 subito
1720 1505 1831 1559 corruit

130 1593 204 1647 totius
216 1593 282 1647 enni
298 1595 400 1647 sextas
416 1592 505 1647 terius
520 1607 596 1661 pane
611 1595 722 1646 tantum
738 1595 766 1646 et
782 1608 856 1662 aqua
868 1609 941 1648 con·
996 1593 1025 1643 et
1047 1590 1201 1661 expiravit.
1227 1590 1310 1655 Quod
1332 1592 1381 1646 ubi
1401 1593 1547 1662 innotuit,
1574 1610 1700 1665 magnus
1726 1593 1832 1648 borror

131 1681 187 1735 tenti
200 1684 308 1751 essent,
327 1697 360 1735 ac
385 1697 439 1752 per
464 1681 600 1753 singulas
626 1681 736 1752 singuli
767 1682 940 1751 disciplinas
957 1648 981 1707 Β
997 1679 1131 1748 protinus
1141 1679 1299 1734 universos
1312 1680 1430 1748 invasit,
1448 1688 1475 1736 et
1486 1682 1533 1736 dic
1544 1682 1831 1737 alteradisealeeatis

134 1769 184 1824 data
206 1770 393 1825 confessione
423 1771 604 1840 reciperent;
630 1771 800 1840 insaporet
828 1771 940 1824 tridua·
997 1766 1490 1841 pedibusvenientes,eumingenti
1504 1770 1831 1825 reverentiaetlronere

134 1858 383 1930 unmjejuniumin
404 1857 749 1929 capthuadregesimae
777 1874 940 1928 perennes
997 1855 1829 1930 praelatasreliquiasexindeabstulerunt,atqueadepi·
1902 1899 1906 1906 .

135 1946 246 2018 singulos
262 1952 394 2020 egerent.
411 1946 560 2002 Multeties
582 1962 653 2001 vero
674 1947 840 2016 Desiderio,
856 1947 940 2017 cogi·
999 1943 1116 2012 cupium
1136 1960 1203 1998 eum
1224 1946 1341 2018 magnis
1363 1947 1416 2002 Dei
1445 1948 1582 2002 laudibus
1607 1948 1831 2017 transferentes,

135 2035 226 2090 tantist
246 2035 373 2090 revelari
395 2035 454 2090 sibi
477 2035 571 2090 oranti
597 2035 735 2106 quidnam
760 2051 829 2091 esse
854 2037 942 2091 vellet
999 2032 1108 2087 ibidem
1132 2033 1200 2088 illas
1223 2035 1319 2089 debita
1341 2036 1508 2090 tractandas
1529 2036 1753 2091 honoriticentia
1779 2051 1833 2108 po-

135 2124 195 2192 quod
207 2125 248 2178 sic
264 2125 435 2196 frequenter
450 2124 528 2178 hune
543 2124 639 2177 locum
655 2125 828 2194 praedictum
841 2125 941 2196 ssagel·
1001 2136 1100 2175 suere.

133 2209 180 2266 lum
191 2216 332 2280 attereret,
350 2212 474 2284 quadam
490 2215 576 2268 noete
587 2228 639 2282 per
655 2213 751 2267 visum
765 2213 940 2267 Benedictus
1035 2210 1219 2265 Monasteria
1240 2212 1270 2265 in
1281 2213 1423 2268 Sardinia
1440 2220 1588 2268 erecta—
1607 2214 1767 2268 Sardorum
1790 2213 1833 2267 in-

134 2297 202 2354 Pater
213 2302 355 2372 apparuit,
370 2301 455 2372 eique
467 2301 542 2356 inter
553 2301 653 2355 aliade
665 2300 722 2356 hoc
733 2301 859 2356 sollicite
875 2318 941 2371 per·
1000 2300 1079 2353 terea
1103 2313 1165 2367 rex,
1183 2299 1271 2370 digna
1288 2316 1342 2370 pre
1358 2302 1446 2356 tantis
1462 2301 1581 2372 injuriis
1598 2302 1800 2356 satisfactione
1816 2317 1833 2354 u

136 2393 239 2444 annno
250 2390 411 2445 nihilaliud
423 2406 511 2460 quam
522 2390 684 2444 diabolicas
701 2390 942 2445 insidiasetanti-
998 2387 1116 2441 Pisanis
1132 2393 1260 2459 recepta,
1277 2404 1344 2443 eum
1367 2406 1473 2444 rursus
1495 2391 1530 2444 ad
1548 2390 1604 2444 hoc
1622 2390 1833 2445 monasterium

134 2479 330 2549 quamproloco
341 2479 728 2548 invidiamesseperdoeuit.
740 2478 940 2549 Egometipse,
998 2475 1169 2530 mandasset
1184 2477 1348 2548 sequidem
1363 2479 1454 2534 multo
1465 2479 1615 2534 ardentius
1632 2481 1661 2533 iu
1677 2479 1768 2549 priori
1783 2480 1833 2534 de-

134 2567 281 2621 cumadhue
309 2568 339 2621 in
365 2565 466 2622 schole
489 2568 659 2622 monasterii
680 2569 831 2638 degerem,
852 2568 942 2621 remi·
1000 2565 1117 2619 votione
1132 2566 1303 2636 persistere,
1321 2583 1458 2622 nosvero
1473 2568 1714 2639 propteridquod
1727 2583 1833 2622 evene·

134 2652 215 2710 niscor
224 2672 282 2710 una
293 2659 380 2711 necte
393 2656 429 2709 ad
438 2656 602 2710 secundum
615 2655 754 2711 duntaxat
770 2659 944 2711 nocturnum
999 2657 1044 2708 rat
1054 2669 1240 2726 nequaquam
1252 2655 1359 2710 debere
1371 2657 1535 2729 negligere,
1549 2659 1624 2713 dues
1633 2657 1749 2712 tandem
1763 2657 1833 2712 illuc

136 2745 217 2800 sexies
232 2747 261 2800 in
282 2745 410 2800 eeclesia
426 2749 454 2800 et
474 2745 662 2815 campanario
678 2744 788 2800 tulmen
817 2761 944 2815 percus·
1000 2741 1117 2812 irat-res,
1131 2742 1194 2813 jam
1212 2747 1281 2814 pest
1295 2744 1446 2800 biennium
1462 2746 1524 2801 sere
1547 2747 1756 2815 transmissos,
1782 2761 1834 2800 rex

134 2829 207 2902 sisse,
221 2838 277 2889 etc.
1000 2830 1076 2884 idem
1087 2831 1223 2886 alacriter
1231 2833 1319 2887 nimis
1329 2834 1449 2904 reecpit,
1460 2835 1729 2906 eisqueeeelesiem
1737 2835 1834 2889 Beatae

158 2921 253 2978 Missio
268 2923 299 2978 in
314 2920 484 2978 Sardiniam
497 2923 647 2994 impedita.
664 2953 698 2962 -
713 2924 772 2978 Per
782 2923 859 2978 idern
876 2927 944 2978 tem·
961 2907 1100 2974 CMoriae
1117 2921 1145 2974 in
1157 2920 1221 2975 loce
1237 2922 1287 2991 qui
1302 2922 1409 2976 dicitur
1429 2924 1560 2993 Bubalia,
1575 2940 1690 2978 necnon
1706 2927 1735 2978 et
1758 2923 1834 2977 San-

132 3021 175 3075 pus
187 3011 270 3084 legati
280 3027 317 3066 ex
327 3015 409 3081 parto
420 3011 580 3065 Baresonis
592 3012 675 3082 regis
684 3011 828 3067 Sardiniae
837 3013 874 3066 ad
888 3013 944 3066 hee
999 3011 1077 3063 ctum
1091 3008 1182 3062 [iliam
1193 3009 1334 3065 deilonte
1344 3010 1453 3066 Sancto
1462 3013 1651 3083 eumintegro
1663 3012 1728 3082 ipae
1737 3014 1835 3066 monte

132 3109 220 3154 venere
234 3101 411 3168 eoenobium,
433 3115 486 3169 per
501 3115 577 3171 quos
599 3100 685 3156 beate
712 3102 870 3156 llenedielo
887 3102 944 3156 elue
999 3095 1254 3151 admonastcrium
1270 3100 1755 3171 constituendumperpraeceptum
1768 3115 1835 3154 een·

131 3197 218 3258 magna
237 3194 264 3243 et
276 3189 382 3258 optima
400 3189 486 3258 pallia
497 3205 550 3243 rex
560 3190 638 3243 idem
658 3191 869 3260 transmittens,
882 3193 946 3244 erat

132 3271 177 3327 sibi
189 3277 294 3348 aliquot
305 3292 343 3331 ex
358 3282 459 3331 nostra
473 3279 704 3349 congregatione
716 3278 822 3332 fratres
832 3279 867 3332 ad
883 3295 944 3332 mo-

132 3365 271 3420 nasterium
295 3359 532 3420 ¹constituendum
553 3367 721 3435 transmitti,
744 3366 896 3436 spendens
918 3372 945 3421 et

134 3451 560 3526 pollicensnraximuminregno
576 3471 631 3510 suo
643 3456 755 3510 nostris
769 3456 945 3510 utilitatibus

134 3533 718 3612 honoremetcommodumproventurum,
732 3545 758 3597 si
774 3544 945 3598 monasticae

135 3626 265 3699 religionis
276 3631 416 3700 studium,
429 3631 573 3687 haetenus
593 3632 726 3703 partibus
741 3632 944 3704 illisincogni-

136 3713 192 3784 lum,
201 3721 322 3790 qualiter
332 3720 408 3789 apud
420 3735 475 3774 nos
484 3723 554 3774 tunc
565 3721 667 3792 vigere
678 3724 858 3790 perceperat,
868 3721 945 3790 apud

138 3805 410 3878 eesdeineepsnobis
419 3809 606 3864 studentibus
615 3813 813 3864 assuesceret.
825 3809 892 3864 Mox
899 3825 945 3863 ve·

138 3892 253 3951 notabilis
270 3898 373 3967 Peter,
390 3896 551 3952 deliberate
567 3898 702 3967 oonsilio,
729 3898 884 3953 duodecim
909 3899 945 3952 de

139 3977 287 4039 melioribus
302 3984 393 4056 hujus
419 3986 545 4041 coenobii
562 3985 817 4058 tratribus-elegit,
842 3987 945 4056 eisque

136 4059 179 4116 Ἢ]
192 4069 351 4128 divinarum
362 4073 584 4143 Scripturarum
596 4075 725 4142 codieeS,
738 4091 804 4128 curn
815 4075 944 4130 diversis

1000 3186 1092 3240 cessit
1108 3201 1174 3240 eum
1193 3187 1307 3241 celenis
1323 3190 1459 3243 etservis
1481 3189 1706 3260 quamplurimis
1723 3194 1751 3243 et
1766 3205 1833 3242 cum

1001 3275 1474 3345 substantiisacpossessionibus
1484 3279 1609 3350 magnis
1624 3278 1707 3332 iluna
1720 3276 1835 3331 remulu-

1001 3364 1049 3417 tus
1065 3363 1100 3417 ab
1117 3363 1226 3417 lienum
1245 3365 1317 3419 alter
1333 3381 1385 3419 rex
1402 3366 1519 3436 ejudem
1534 3367 1690 3436 Sardiniae,
1715 3366 1833 3422 nornine

1001 3451 1295 3523 Torchyterius,lecrt
1306 3458 1333 3508 et
1344 3455 1408 3524 ipse
1420 3455 1581 3510 chartulam
1591 3456 1748 3511 oblationis
1760 3471 1834 3524 suae,

1000 3543 1029 3594 et
1039 3540 1204 3594 transmisit
1212 3542 1247 3595 ad
1261 3542 1317 3597 hoe
1328 3545 1597 3616 monasterium‚'de
1607 3545 1837 3600 Saneloscilieet

1000 3628 1153 3684 Vincentio
1178 3631 1213 3684 de
1243 3631 1388 3702 Taberna,
1419 3637 1474 3688 eto.
1496 3635 1532 3688 ad
1562 3635 1775 3690 monasterium
1796 3649 1835 3687 ex

1000 3718 1044 3773 eis
1052 3720 1323 3774 constituendum...
1339 3722 1382 3775 ad
1392 3722 1834 3794 Pisanospraeterealegatusab

1000 3809 1691 3879 Alexandropapasimulcumrnonaehonoslre
1703 3813 1834 3866 directus

1000 3900 1056 3965 est,
1068 3899 1108 3965 ut,
1126 3897 1184 3951 nisi
1196 3898 1350 3953 anathema
1365 3901 1473 3955 vellent
1488 3902 1682 3972 apostolieum
1697 3902 1835 3970 protinus

1000 3985 1138 4054 experiri,
1162 3999 1282 4041 eausam
1303 3988 1378 4042 beati
1394 3988 1563 4060 {Benedietn
1586 4005 1673 4060 qnam
1697 3989 1838 4060 nequiter

1000 4072 1202 4144 abripuerunt,
1224 4091 1260 4129 ex
1277 4076 1392 4149 integro
1417 4079 1610 4133 redderent...
1634 4078 1683 4149 qui
1708 4076 1833 4132 salisia-

135 4150 310 4216 ecelesiastici
331 4163 490 4217 ministerii
512 4164 700 4234 apparatibus
721 4180 753 4217 ae
775 4168 944 4219 sanctorum
959 4171 985 4231 Ι)
1001 4163 1146 4217 cientes...
1164 4164 1194 4216 in
1207 4164 1361 4219 Desiderii
1375 4169 1504 4237 gratiana
1516 4167 1686 4222 redierunt.

130 4239 283 4303 patrociniis
294 4250 441 4320 plurimis,
456 4267 541 4322 quem
554 4255 582 4306 ct
592 4253 779 4307 diversarum
788 4268 887 4306 rerum
899 4269 946 4306 su-

128 4321 475 4417 lelleculemabundnnter
485 4340 752 4409 praebens,neenen
764 4341 944 4410 etebbatem,

126 4414 162 4470 ltu
174 4415 234 4477 illis
244 4440 378 4494 praeesse
394 4425 523 4490 deberet,
540 4427 709 4493 instituens
723 4428 811 4481 nimis
827 4443 878 4482 ees
890 4427 945 4482 lre-

122 4499 236 4565 luillae
254 4512 322 4567 illue
338 4530 404 4567 eum
419 4514 627 4585 Caietanorum
649 4532 724 4570 nave
740 4516 859 4570 direxit.
886 4515 945 4570 Ve-

118 4586 276 4655 rumlamen
294 4602 355 4656 Deo
371 4603 565 4674 permittente,
583 4606 611 4658 ct
631 4603 738 4658 Satana
754 4604 943 4674 impediente,

116 4675 153 4720 ¹⁸⁸
180 4688 286 4744 endem
307 4690 410 4744 eodem
426 4695 556 4760 tempere
577 4692 613 4746 ad
630 4692 765 4747 ellectum
790 4693 946 4763 pervenire

115 4764 166 4860 ”¹⁰¹¹-
186 4779 290 4845 petuit.
308 4778 408 4833 Pisani
423 4780 569 4851 siquidem
586 4783 713 4835 maxima
724 4782 885 4836 Sardorum
900 4784 947 4836 in·

115 4843 192 4915 ”dle
206 4866 292 4936 ducti,
304 4884 370 4922 cum
378 4869 440 4939 jam
451 4870 547 4924 nostri
557 4870 593 4924 ad
609 4871 736 4925 insulam
758 4888 824 4941 quea
841 4871 947 4925 lilium

114 4941 236 5033 *fleatur
249 4972 393 5027 prospere
414 4959 487 5013 satis
503 4963 610 5014 eventu
628 4960 817 5029 transissent,
835 4963 863 5014 et
877 4975 947 5013 sca·

115 5018 180 5086 ⁹¹¹¹ss
192 5045 308 5115 egressi
319 5049 516 5115 opportunum
524 5048 723 5119 navigationis
733 5052 848 5117 tempus
858 5051 947 5101 alten·

121 5105 225 5210 dPJ'ent,
238 5148 275 5186 ex
290 5133 455 5203 improvise
470 5151 562 5206 super
574 5136 640 5190 illos
653 5151 719 5191 cum
730 5136 850 5190 armatis
863 5135 947 5188 navi-

125 5210 176 5294 gns
191 5222 318 5290 veniunt,
335 5224 373 5288 et,
389 5225 445 5275 tam
462 5227 582 5277 nostros
598 5240 685 5294 quam
702 5227 828 5278 eeteros
843 5238 947 5278 omnes

127 5291 273 5363 indiscrete
285 5309 412 5364 simulet
427 5311 516 5365 nimis
528 5311 672 5383 injuriose
690 5315 859 5378 tractantes,
879 5312 947 5367 uni-

130 5390 203 5449 lel'sa
217 5397 373 5467 diripiunt;
390 5400 607 5471 insuperetiam
621 5401 771 5471 praedietae
787 5401 946 5472 legationis

131 5476 484 5576 plincipempatibulojam
502 5489 643 5561 parebant
654 5490 791 5546 crudeles
810 5489 948 5562 elligere,

134 5570 179 5626 nui
193 5575 390 5634 monasticum
413 5577 556 5652 habitum,
573 5579 701 5656 quodam
714 5594 751 5637 ex
772 5579 886 5637 nostris
907 5579 950 5636 illi

1043 4258 1107 4313 Viri
1121 4252 1257 4311 illustres
1274 4256 1518 4310 Cassinenscs—
1527 4254 1585 4309 Sed
1601 4270 1666 4309 cum
1677 4254 1838 4323 praedictus

1002 4341 1838 4417 apostolicusmegnaeadmodumeireahoemenasterium

1002 4436 1168 4491 devotionis
1182 4436 1324 4490 existeret
1335 4436 1517 4505 suggerente
1528 4431 1838 4502 pariteretinstigante

1004 4525 1206 4580 Hildebrando
1238 4523 1457 4591 archidiacono,
1480 4522 1506 4576 si
1531 4537 1606 4593 quos
1623 4537 1661 4577 ex
1675 4520 1730 4575 hae
1752 4520 1838 4574 demo

1002 4614 1112 4669 iratres
1129 4631 1145 4667 a
1161 4614 1267 4667 domno
1288 4613 1392 4667 abbate
1408 4612 1562 4682 acquirere
1577 4613 1701 4682 poterat,
1718 4610 1765 4664 vel
1782 4624 1837 4663 suo

1002 4704 1086 4759 lateri
1102 4702 1137 4757 ad
1155 4702 1392 4757 aeclesiasticum
1412 4701 1608 4755 ministerium
1631 4699 1774 4766 sociabat,
1791 4698 1838 4753 vel

1004 4796 1083 4849 certe
1099 4793 1128 4846 in
1140 4792 1297 4862 episcopos
1310 4791 1374 4844 sive
1383 4792 1505 4845 abbates
1517 4789 1678 4843 honorilice
1687 4801 1840 4858 promove·

1002 4874 1839 4952 bat.TodinumigiturBerardiblaesorumcomitisfilium

1005 4973 1128 5026 Romam
1144 4970 1180 5024 ad
1195 4985 1228 5024 se
1248 4968 1436 5034 accersitum,
1453 4967 1482 5020 in
1498 4965 1691 5021 Lateraucnsi
1713 4963 1839 5034 patriar·
1899 4979 1903 4984 ·

1005 5061 1071 5116 chio
1088 5059 1388 5126 levitam'constituit3
1405 5055 1728 5124 uldemariumquoque
1744 5051 1839 5107 lelieis

1005 5149 1165 5215 memoriae,
1193 5149 1340 5218 llapuanm
1369 5143 1776 5214 civitatisprudentissimum
1805 5155 1840 5195 ae

1005 5238 1133 5294 nobilem
1150 5238 1300 5304 clericum,
1318 5241 1345 5290 ct
1361 5232 1502 5288 llichurdi
1517 5232 1661 5302 principis
1677 5232 1746 5287 olim
1762 5232 1841 5286 nota·

1004 5328 1090 5398 rium,
1106 5326 1156 5397 qui
1172 5341 1257 5380 meus
1269 5326 1298 5378 in
1314 5322 1510 5379 conversione
1524 5322 1666 5394 magister
1676 5321 1837 5389 exstiterat,

1005 5416 1113 5487 quique
1137 5416 1167 5469 in
1184 5415 1318 5469 abbatem
1334 5411 1476 5466 iratribus
1500 5412 1529 5465 in
1553 5411 1720 5466 Sardiniam
1736 5409 1840 5464 missis

1004 5504 1116 5560 dudum
1132 5504 1227 5560 iuerat
1257 5502 1420 5570 ordinatus,
1446 5504 1603 5574 postquam
1632 5515 1776 5556 reversus
1803 5495 1840 5551 ad

1004 5594 1217 5659 monasterium
1233 5596 1289 5666 est,
1305 5591 1471 5650 inscelesia
1485 5591 1584 5650 Sancti
1600 5588 1761 5659 laurentii,
1772 5599 1873 5744 quaal
