3900 6112
119 287 161 350 93
813 271 941 337 blesa
964 266 1124 336 PRIMUS
1219 276 1226 285 '
1806 252 1846 318 ⁹4

121 503 208 555 nem,
239 501 266 541 si
289 482 430 553 vincaris,
453 496 511 536 non
538 479 663 534 habebis
688 475 903 531 confusionem.
924 471 956 527 Si
971 465 999 529 Α
1015 470 1094 523 tanto
1118 480 1241 521 munere
1261 465 1401 534 suscepto
1416 462 1534 531 rediret,
1557 461 1630 516 adeo
1645 460 1753 531 quippe
1768 452 1843 512 aestu

119 576 202 630 enim
232 573 332 628 minus
355 572 478 642 adeptus
508 568 617 637 fueris,
643 565 785 623 obediens
794 583 801 629 ;
822 562 852 618 si
877 562 955 632 plus,
1012 559 1142 612 torrente
1167 553 1207 597 1⁵⁸
1222 554 1361 626 fatigatus
1387 554 1454 621 est,
1477 553 1508 604 ut
1529 565 1595 604 cum
1617 548 1654 603 ad
1676 545 1844 603 ecclesiam

124 663 318 718 obedientem
333 661 425 715 debes
444 673 513 714 esse
534 657 662 728 diligens
686 653 829 709 Omnibus
853 651 908 705 has
926 650 957 704 io
1012 661 1107 716 usque
1117 643 1294 715 pervenerit,
1307 643 1538 710 vixoampanam
1549 636 1635 708 (lae),
1649 637 1737 709 cujus
1748 635 1844 690 tintin-

122 752 248 831 Cbristq
262 752 387 804 virtutes
399 746 592 815 sectantibus,
604 749 688 798 actus
700 747 727 797 et
737 742 869 796 moribus
878 752 959 794 reco·
1010 734 1119 789 nebulo
1137 731 1280 804 episcopii
1292 730 1463 803 dignitatem
1478 725 1684 782 vindicandam
1699 726 1756 780 sibi
1771 724 1844 778 indi·

124 840 259 896 lentibus
268 840 307 894 sit
321 838 417 910 gratia
432 841 461 891 et
475 850 533 906 pax
543 835 573 888 in
587 837 738 888 aeternum.
1010 837 1077 876 care
1087 821 1216 888 deberet,
1229 821 1290 889 vix,
1300 821 1429 889 inquam,
1441 830 1494 887 pre
1505 815 1640 870 molestie
1652 812 1840 884 aegritudiuis

1008 925 1129 964 movere
1140 909 1277 978 potuerit.
1291 908 1415 962 Textum
1425 921 1497 959 vero
1513 902 1718 975 evangelicum
1729 914 1800 954 auro
1811 901 1838 953 et

1008 987 1840 1068 lapidibuspulchreinsignitum,sedetmultoscodiccs,

1008 1101 1084 1157 quos
1100 1101 1203 1140 seeum
1213 1084 1316 1153 attulit,
1334 1083 1479 1139 aecclesie
1492 1082 1544 1136 Dei
1558 1079 1661 1134 matris
1677 1077 1840 1132 concessit.

1006 1172 1061 1239 Qui
1075 1176 1178 1244 postea
1193 1173 1222 1228 in
1233 1174 1297 1242 ipso
1307 1172 1467 1225 valitudine
1479 1173 1507 1223 in
1519 1173 1629 1224 tantum
1638 1165 1794 1233 laboravit,
1812 1166 1843 1217 ut

1007 1263 1057 1316 vix
1073 1263 1161 1317 unius
1183 1262 1253 1315 anni
1275 1259 1423 1315 curriculo
1444 1259 1555 1314 rexerit
1579 1256 1764 1324 aeeclesiam3
1789 1253 1842 1306 mi-

1007 1366 1183 1423 gransquea
1199 1350 1321 1418 saeculo,
1331 1350 1360 1404 in
1370 1348 1473 1404 cadem
1487 1341 1840 1402 basiliensanctaelfaries

1008 1440 1043 1493 ad
1058 1439 1376 1510 meridianamplagam
1393 1436 1562 1491 tumulatur.

1030 1528 1146 1597 estut.)
1156 1527 1305 1582 Precibus
1315 1526 1454 1581 lietberti
1460 1524 1595 1579 mooeclri
1601 1522 1735 1595 rejectis,
1750 1519 1841 1574 Tetdo

1008 1617 1163 1687 episcopus
1180 1615 1370 1686 subrogatur.
1395 1614 1448 1670 lllo
1471 1616 1567 1668 eutem
1591 1612 1637 1667 die
1652 1626 1715 1665 sues
1731 1607 1841 1663 dormi·

1007 1705 1097 1759 tionis
1113 1718 1179 1758 oum
1196 1704 1331 1774 patribus
1346 1703 1463 1771 sortito,
1475 1702 1594 1773 quidam
1611 1700 1771 1754 aelbertus
1788 1712 1839 1751 no-

1008 1792 1096 1862 mine,
1108 1791 1272 1847 monachus
1287 1792 1316 1845 in
1332 1791 1400 1845 ville
1410 1790 1547 1858 Solemia,
1560 1805 1627 1859 qu‘a
1643 1788 1679 1842 ab
1695 1786 1768 1841 urbe
1785 1785 1840 1839 hae

1009 1884 1074 1936 octo
1090 1879 1219 1935 millibus
1231 1881 1328 1949 distet,
1339 1895 1388 1934 res
1403 1879 1497 1934 sancti
1507 1877 1640 1949 Dyonisii
1648 1874 1838 1945 procurabat.

1007 1968 1062 2033 Qui
1075 1969 1292 2039 depositionem
1303 1968 1435 2039 episcopi
1446 1967 1580 2036 audiens,
1598 1967 1711 2019 honore
1720 1963 1839 2035 quidem

148 2059 195 2114 9⁰·
212 2058 286 2127 (89.)
312 2058 532 2130 Ubiprt'mofess
557 2057 815 2114 Ctimemetlsium
836 2055 952 2110 Wilbo·
1007 2062 1144 2117 saeculari
1167 2065 1280 2133 eaptus,
1297 2063 1439 2133 primates
1470 2060 1596 2115 civitatis
1618 2058 1711 2130 pretio
1727 2071 1839 2111 eonve-

118 2149 180 2203 dunr
194 2148 260 2203 sibi
286 2147 354 2203 dari
374 2148 539 2218 episcopum
561 2162 576 2200 a
596 2162 669 2218 rege
686 2146 849 2217 petierant.
867 2144 953 2200 Hunc
1005 2151 1130 2206 nieudos
1147 2151 1305 2219 estimavit,
1321 2154 1350 2204 et
1372 2155 1404 2204 ut
1426 2149 1507 2204 illum
1530 2147 1677 2203 communi
1694 2143 1839 2216 suffragio

120 2238 270 2306 primores
286 2235 546 2290 Cameracensium
560 2250 644 2289 —ex
660 2235 707 2289 his
730 2234 808 2289 euim
826 2234 953 2306 originis
1005 2240 1178 2310 episcopum
1187 2240 1246 2294 sibi
1256 2240 1292 2293 ab
1308 2239 1483 2309 imperatore
1500 2236 1766 2307 freripostulorent,
1777 2248 1834 2286 me-

119 2326 225 2379 claram
240 2325 438 2396 propaginem
450 2324 585 2378 trahebat
598 2355 634 2363 —
648 2339 706 2378 uua
721 2324 882 2395 eademque
897 2339 952 2379 vo·
1005 2343 1064 2398 gna
1078 2328 1205 2399 largitus
1221 2329 1265 2382 eis
1281 2341 1412 2395 munera,
1430 2327 1521 2380 multo
1541 2325 1653 2395 majora
1669 2320 1836 2393 spopondit.

116 2413 224 2468 luntete
240 2413 417 2481 acclamant,
434 2413 614 2485 directisque
628 2413 797 2484 imperatori
817 2413 951 2484 epistolis
1004 2415 1059 2480 Qui
1075 2417 1173 2470 statim
1190 2416 1303 2471 oberati
1319 2414 1357 2457 ¹57
1368 2415 1545 2487 legationem
1561 2410 1729 2482 imperatori
1744 2408 1837 2462 mise-

119 2519 183 2557 eom
197 2502 293 2557 multo
309 2502 411 2557 favore
427 2501 487 2556 sibi
501 2502 604 2557 donari
619 2503 793 2572 episcopum
807 2504 951 2572 expostu—
1004 2507 1080 2571 runt,
1091 2507 1119 2559 et
1130 2506 1160 2558 ut
1171 2505 1229 2558 sibi
1239 2519 1327 2575 quem
1336 2504 1472 2574 legerunt
1484 2501 1660 2575 pontificem,
1673 2500 1738 2569 ipse
1749 2497 1836 2551 etiam

115 2590 183 2644 lent.
200 2591 269 2646 Nec
285 2590 405 2645 difficile
429 2590 597 2660 imperator,
615 2593 765 2662 comperta
789 2591 866 2645 bona
887 2591 952 2661 opi·
1005 2586 1837 2664 consentiensdigneturconcedere,rogaveruut.Videas

124 988 135 1011 ν
155 965 273 1019 Ouoma
287 961 432 1017 dactilicis
449 961 557 1015 actoris
568 958 711 1030 quaeritur
726 956 811 1026 ipsis.

125 1051 155 1107 Si
161 1051 321 1107 numeris?
334 1051 462 1121 primum
472 1048 590 1115 faciunt,
600 1046 771 1116 apicemque
780 1043 954 1111 secundum,

122 1141 329 1210 Octavumque
343 1139 447 1194 decem
461 1138 509 1192 bis
524 1136 613 1204 ducti,
630 1135 734 1205 sieque
749 1132 874 1188 novenis

119 1230 238 1283 Tertius
256 1228 411 1300 ingeritur,
429 1228 553 1298 quartus
568 1224 638 1279 hinc
652 1238 722 1278 esse
736 1222 864 1290 duobus,

122 1316 267 1382 Quattuor
281 1319 311 1371 et
325 1316 410 1370 denis
425 1315 555 1386 quintus,
572 1329 640 1367 mox
655 1312 782 1382 denique
797 1313 901 1364 sextus

121 1405 257 1462 Undenis
273 1402 392 1476 legitur,
409 1403 550 1458 bisbinis
566 1404 721 1471 septimus,
739 1404 826 1470 etque

120 1493 237 1548 Limitat
255 1494 286 1547 in
302 1493 433 1548 numeris
448 1496 493 1547 ter
508 1491 589 1546 senis
605 1491 725 1544 ultimus
741 1487 824 1544 ordo.

119 1581 208 1646 Queis
223 1581 316 1636 simul
331 1581 421 1635 illatis
437 1581 568 1635 theorica
583 1593 699 1633 summa
713 1580 849 1632 secratur

120 1670 286 1742 Virginitas
300 1670 417 1740 enimae,
428 1670 620 1738 mandataque
635 1667 711 1721 dena
725 1664 884 1736 refulgent,

120 1758 190 1824 Quae
206 1759 260 1828 qui
270 1758 400 1812 custodit
411 1758 477 1812 coeli
493 1758 552 1812 sibi
566 1756 673 1828 gaudie
689 1755 769 1809 sistit
783 1751 868 1823 (194),

122 1848 268 1902 Admouet
284 1847 332 1901 bic
347 1846 438 1902 ludus
452 1846 612 1902 tabulatum
627 1859 752 1916 pergere
767 1842 891 1909 clerum,

152 1936 284 1990 Nomina
297 1936 439 1990 virtutum
454 1935 581 1989 condere
596 1948 654 2005 quo
670 1934 796 1988 valeant.
813 1955 824 1980 ιι

118 2681 207 2734 aione
219 2679 312 2746 illius,
324 2693 392 2734 mox
402 2679 655 2749 precibuseorum
667 2679 830 2734 voluntario
847 2678 964 2749 aflectu„
1005 2697 1076 2736 vero
1092 2681 1252 2751 imperator
1267 2681 1356 2753 quod,
1369 2681 1436 2753 quia
1448 2685 1533 2734 antea
1543 2677 1715 2732 wiboldum
1729 2690 1836 2728 secun·
1927 2720 1929 2725 ,

115 2768 280 2839 adquievit,
297 2783 516 2837 assensumque
538 2767 682 2835 tribuens,
709 2783 811 2822 eorum
830 2768 953 2840 legatio·
1004 2770 1074 2824 dum
1085 2770 1349 2825 suamelectionem
1361 2770 1440 2824 facili
1451 2763 1835 2835 assensueorumpreoibus

112 2871 183 2911 nem
199 2857 332 2911 libenter
345 2857 485 2926 implerit.
1004 2857 1145 2927 attribuit,
1155 2858 1222 2912 ideo
1237 2859 1324 2912 etiam
1332 2856 1372 2899 158
1382 2857 1551 2914 admittendi
1563 2855 1736 2926 episcopum
1744 2851 1836 2906 facul·

147 2943 195 2999 al.
206 2942 278 3013 (90.)
294 2944 409 2999 Italiam
422 2945 524 3016 pergit
543 2944 581 2999 ad
597 2960 698 3017 roqenr
711 2961 767 3017 pro
783 2945 857 3000 dono
872 2946 952 3017 epis·
1003 2949 1091 3001 tatem
1107 2962 1162 3001 suo
1173 2947 1282 3002 vellent
1298 2948 1425 3001 fortasse
1441 2945 1563 3000 arbitrio
1581 2942 1729 2998 reservari
1746 2957 1752 2993 :
1770 2956 1837 2993 cum

107 3034 210 3104 copii‚·
223 3034 280 3088 sed
288 3034 357 3088 aesti
361 3050 394 3088 vo
402 3035 513 3088 itinere
522 3032 673 3105 fatigatus,
682 3042 836 3106 postquam
846 3049 952 3090 rever·
1005 3036 1084 3089 omni
1100 3035 1232 3104 profecto
1256 3035 1454 3105 refragatione
1469 3049 1573 3088 eorum
1595 3029 1735 3102 legationi
1750 3027 1835 3082 effec-

104 3139 163 3176 sus
178 3127 240 3189 est,
254 3139 312 3177 non
321 3123 487 3194 multopost
499 3123 580 3177 obiit.
593 3122 696 3177 Statim
706 3138 778 3194 ergo
790 3123 951 3179 Wiboldus
966 3115 1835 3233 ctumimpcrtirenegavit.Verumquidemaltioreeonsilio

105 3212 148 3264 de
158 3226 319 3265 consensu
330 3212 517 3282 imperatoris
527 3213 637 3267 certior
647 3212 753 3282 factae,
763 3212 951 3282 pulsantibus
1004 3218 1174 3282 preventuS,
1200 3213 1369 3281 luidonem,
1393 3204 1489 3266 s'acris
1515 3209 1647 3263 moribus
1669 3208 1835 3272 strenuum,

106 3300 203 3353 etiam
222 3299 344 3368 prefatae
367 3299 452 3355 urbis
475 3301 658 3370 primatibus.
677 3301 710 3353 ad
734 3301 951 3372 imperatorem,
1005 3317 1063 3355 non
1087 3302 1201 3355 modice
1230 3303 1386 3369 literatum,
1422 3299 1525 3370 primis
1555 3300 1641 3368 atque
1669 3293 1835 3364 majoribus

104 3388 674 3458 quitunctemporisinpartibusltalia
688 3390 951 3460 morabaturuee),
1005 3389 1141 3444 Saxoniae
1157 3392 1355 3462 progenitum,
1371 3387 1558 3444 Coloniensis
1580 3384 1725 3440 aecclesiae
1741 3379 1837 3436 saneti

105 3477 283 3531 adtentum
299 3492 406 3532 munus
423 3478 645 3546 suscipiendum
669 3479 710 3531 ire
732 3477 862 3532 festinat.
884 3478 954 3532 Erat
1005 3478 1140 3533 Severini
1154 3479 1348 3549 prepositum,
1360 3480 1428 3534 lieet
1442 3478 1625 3537 renitentem,
1643 3473 1711 3545 quia
1724 3483 1836 3540 pravos

106 3572 213 3622 autem
230 3565 369 3620 estivam
379 3568 507 3636 tempus,
516 3567 592 3636 quod
610 3567 637 3620 ei
652 3567 778 3620 ruaxime
795 3568 859 3636 ipso
871 3568 900 3619 in
912 3567 954 3621 iti·
1005 3583 1104 3623 mores
1114 3571 1142 3623 ct
1154 3568 1335 3623 ferocitatem
1347 3568 1478 3622 audierat
1488 3561 1759 3627 cameracensium,
1771 3571 1838 3612 con·

106 3671 183 3711 nere
195 3654 299 3710 abitus
309 3654 461 3709 etreditus
477 3654 620 3711 obfuerat.
638 3654 789 3709 Namduin
801 3656 952 3726 diguitatis
1004 3660 1138 3726 patenter
1152 3662 1249 3712 tameo
1264 3658 1300 3711 ad
1318 3656 1476 3727 pastoralis
1496 3652 1651 3725 regiminis
1666 3645 1836 3703 sublimavit

779 3796 923 3859 VARIAE
946 3797 1190 3861 LECTIONES.

146 3932 187 3976 ¹⁵⁸
202 3935 369 3988 torrentem
383 3929 408 3985 l.
447 3928 486 3973 ¹5⁷
501 3931 630 3986 oberreti
644 3928 669 3985 t.
709 3928 748 3974 1⁵⁸
759 3936 827 4003 post
842 3932 917 3986 lianc
934 3945 989 3986 uno
1007 3947 1063 3986 vor
1073 3948 1160 3988 erasa
1174 3934 1204 3987 in
1223 3935 1237 3988 l
1245 3976 1250 3986 .

913 4047 1052 4115 NOTAE.
1813 4061 1827 4096 ⁰

111 4178 209 4231 Porro
226 4176 256 4228 in
267 4174 344 4228 aleis
358 4177 421 4228 tres
438 4174 549 4228 faciunt
558 4174 686 4228 unitates
701 4174 730 4227 in
741 4173 904 4243 primaalea
913 4174 949 4241 Α,
1009 4173 1092 4227 binis
1101 4174 1165 4243 (D),
1181 4180 1268 4245 atque
1280 4175 1570 4245 ultimusordo(apex
1581 4173 1719 4241 nominis)
1728 4170 1837 4226 limitat

112 4249 141 4301 in
156 4245 296 4301 secunda
312 4244 345 4309 E,
358 4246 386 4298 iu
402 4247 487 4299 tertia
498 4251 594 4300 autem
610 4244 631 4299 l.
648 4245 711 4299 Nec
725 4248 823 4314 potest
837 4244 949 4299 contin·
1008 4244 1040 4297 in
1057 4244 1189 4300 numeris
1203 4247 1340 4300 tersenis
1348 4246 1402 4313 (S).
1413 4246 1502 4310 Queis
1509 4245 1599 4300 simul
1606 4244 1700 4298 illatis
1715 4242 1836 4311 (quibus

113 4321 276 4442 geresorte
288 4315 415 4384 Keritas,
426 4315 485 4370 nisi
496 4316 568 4370 aler
576 4317 606 4370 in
615 4316 770 4384 superiore
779 4331 834 4369 sua
845 4330 949 4383 super·
965 4313 992 4374 D
1009 4315 1150 4369 versibus
1166 4314 1268 4369 decem
1279 4316 1367 4370 simul
1383 4317 1516 4385 scriptis)
1528 4315 1660 4370 theorica
1670 4327 1781 4368 summa
1790 4327 1836 4367 sa·

133 4390 177 4442 cie
194 4389 252 4441 has
263 4391 328 4440 tres
340 4387 466 4440 unitates
481 4389 608 4441 teneant.
620 4387 684 4440 lam
696 4389 792 4440 autom
804 4386 830 4439 si
845 4386 949 4456 exigas
1009 4391 1112 4438 crater
1126 4384 1252 4440 efficitur
1266 4401 1351 4441 sacra
1363 4402 1477 4441 summa
1493 4386 1626 4458 mystica,
1638 4384 1752 4440 seilicet
1767 4384 1836 4451 vox)

114 4474 218 4513 omnes
243 4457 367 4511 vocales
382 4459 465 4512 vocis
481 4458 613 4525 Ii‘aritas,
635 4457 750 4510 deficiet
763 4459 791 4511 te
807 4470 898 4511 unum
912 4458 948 4524 Α,
1014 4454 1202 4529 Virginitas(
1216 4477 1225 4502 ιι
1240 4456 1304 4511 hauc
1319 4475 1377 4514 vox
1393 4460 1470 4512 enim
1481 4459 1584 4513 decem
1599 4457 1704 4512 litteris
1720 4470 1837 4523 compo·

115 4546 178 4583 nam
194 4532 317 4583 constat
332 4528 449 4583 duobus
465 4529 516 4581 Ab
531 4533 559 4582 et
575 4543 632 4582 uuo
649 4528 670 4581 l.
686 4527 767 4582 Facit
782 4527 879 4598 itaque
895 4543 949 4596 po·
1007 4527 1094 4581 nitur.
1113 4550 1124 4574 ι»
1141 4527 1242 4595 Coov.)
1258 4529 1374 4584 Animae
1384 4530 1578 4602 mandataque
1594 4529 1669 4584 dena
1685 4526 1837 4597 refulgent

114 4605 250 4681 testatem
271 4598 441 4680 'wiboldus
461 4601 567 4653 iterum
583 4597 769 4668 projiciendi,
787 4600 815 4652 et
830 4598 949 4667 pericli·
1007 4597 1046 4721 ql«
1065 4599 1167 4675 decem
1191 4613 1299 4653 versus
1327 4617 1481 4655 numerum
1505 4601 1638 4673 decalogi
1664 4599 1804 4655 referunt.
1823 4620 1833 4641 ι·

115 4672 203 4737 tandi,
221 4687 249 4725 ει
263 4674 357 4740 Jeotrs
373 4669 446 4724 aleis
465 4671 612 4724 dabuntur
627 4671 657 4722 in
672 4669 775 4723 harum
791 4669 949 4738 superficie
1032 4679 1120 4735 or,v.);
1146 4685 1207 4742 quac
1224 4671 1272 4740 qui
1294 4672 1431 4738 custodit,
1458 4672 1525 4727 coeli
1549 4672 1609 4726 sibi
1623 4671 1729 4743 gaudia
1754 4667 1837 4721 sistit

117 4742 265 4812 superiori
278 4740 418 4808 binaAA,
431 4745 458 4794 ct
469 4757 558 4794 unum
569 4742 589 4794 l.
604 4739 656 4793 Vel
668 4744 747 4795 certe
758 4740 844 4794 unica
853 4740 949 4793 solum
1006 4740 1176 4809 (procurat).
1193 4738 1234 4792 lta
1248 4742 1375 4797 eflicitur
1390 4742 1586 4797 VlBOLDVS.

116 4813 185 4881 alea,
203 4827 274 4883 quae
291 4811 426 4865 vocalem
441 4810 465 4864 Ε
480 4810 568 4866 habet
581 4812 611 4865 in
637 4811 770 4879 monade,
786 4811 891 4864 iterum
905 4809 949 4880 je·
1043 4810 1117 4881 (195)
1143 4812 1184 4865 lbi
1209 4809 1263 4865 fait
1283 4814 1349 4868 Otto
1371 4830 1397 4868 a.
1423 4813 1546 4868 eet-964
1569 4817 1597 4866 et
1620 4808 1744 4867 eet-972
1757 4809 1835 4864 med.

116 4883 215 4938 cienda
229 4884 292 4950 est,
310 4885 342 4936 ut
363 4882 391 4936 si
413 4882 462 4936 det
477 4882 611 4937 vocalem
627 4880 662 4947 Α,
680 4880 846 4936 confeceris
870 4881 949 4951 quod

118 4957 214 5009 attinet
227 4954 268 5009 ad
279 4952 401 5009 vocales
416 4967 520 5007 vocem
531 4952 654 5007 Karitas
662 4971 671 5018 ,·
688 4952 735 5007 sin
746 4952 854 5021 minus,
870 4955 949 5006 totus

116 5024 209 5093 jactus
225 5025 321 5080 fuerit
335 5022 444 5077 inanis.
459 5022 548 5078 Coov.

127 5094 222 5173 ,·'¹⁹⁴l
238 5096 262 5150 1.
288 5110 315 5150 e.
333 5094 369 5149 Si
390 5109 492 5149 onoma
507 5094 638 5163 (nomen)
662 5095 774 5149 actoris
797 5094 950 5163 (auctoris)

120 5168 190 5236 ipsis
204 5166 345 5221 numeris
354 5165 505 5220 dactilicis
512 5167 664 5234 (versibus
675 5164 867 5233 hexametris)
879 5181 952 5235 qure-

67 5296 69 5301 ,
122 5238 325 5313 riturtsupple
336 5237 676 5307 ;dicaccipe).Primum
688 5237 799 5308 apicem
810 5236 950 5305 (nominis

67 5318 69 5353 1
122 5307 254 5377 litteram)
267 5315 299 5363 et
308 5307 470 5363 secundam
482 5314 511 5362 et
522 5313 585 5362 octa
593 5324 655 5362 rum
667 5307 779 5362 faciunt
790 5307 891 5362 decem
903 5307 952 5361 bis

123 5377 195 5434 ducti
215 5377 359 5449 tnumeri,
376 5378 396 5431 i.
413 5393 439 5433 e.
462 5378 604 5433 vicesima
620 5377 767 5450 alphobeti
783 5378 878 5431 littera
895 5379 949 5447 V),

124 5450 214 5522 sicque
230 5450 348 5507 tertius
361 5449 450 5519 (apex
465 5450 605 5519 nominis)
620 5450 772 5521 ingeritur
787 5449 950 5519 (scribitur)

125 5524 240 5577 aaronis
259 5524 353 5591 (nona
366 5519 465 5576 littere
478 5520 518 5590 1);
534 5520 604 5576 irinc
619 5527 742 5593 quartus
758 5534 825 5573 esse
839 5519 952 5646 legitur

125 5589 226 5648 dnobus
235 5590 543 5663 (secundnlitteraB):
557 5599 586 5648 et
596 5593 715 5666 quintus
726 5595 863 5663 quattuor
886 5593 952 5647 eois

127 5659 174 5730 10),
186 5662 399 5737 morderique
413 5669 518 5721 sextas
531 5664 658 5721 undenis
672 5662 731 5736 (b);
746 5662 890 5735 septimus
901 5662 952 5719 bis

1006 4878 1080 4963 Cum
1104 4886 1200 4938 autem
1226 4880 1404 4956 Engranuus
1429 4885 1457 4939 d.
1481 4884 1517 4956 25,
1538 4883 1606 4950 Dec,
1623 4879 1675 4937 965
1698 4881 1793 4939 adhue
1808 4880 1838 4937 in

1008 4968 1086 5006 vivis
1108 4953 1205 5024 fuerit,
1230 4952 1356 5026 ejusque
1382 4969 1543 5010 successor
1571 4953 1739 5008 ansbertus
1762 4955 1837 5007 teste

1008 5026 1110 5078 nostro
1137 5027 1268 5096 quinque
1296 5028 1383 5082 anuis
1407 5025 1526 5093 sederit,
1557 5039 1647 5094 porro
1677 5023 1837 5079 Wiholdus

1007 5109 1108 5165 uuum,
1121 5095 1211 5166 hujus
1223 5096 1278 5152 iter
1288 5113 1347 5152 nou
1363 5096 1467 5151 cadere
1483 5098 1580 5165 potest
1590 5094 1648 5149 nisi
1660 5095 1690 5149 in
1705 5098 1838 5150 aestatem

1007 5181 1033 5219 a.
1063 5163 1111 5219 971
1139 5171 1188 5222 aut
1209 5167 1271 5223 97⁰2.
1301 5168 1384 5232 Quod
1405 5167 1431 5221 si
1456 5182 1565 5220 annum
1587 5164 1639 5219 9722
1669 5167 1836 5233 statuimus,

1009 5236 1153 5291 Wilboldi
1178 5240 1277 5294 obitus
1293 5238 1411 5292 caderet
1426 5237 1454 5290 in
1469 5237 1599 5292 medium
1615 5253 1640 5290 a.
1657 5236 1719 5306 973,
1740 5238 1838 5307 itaque

1007 5312 1075 5389 post
1092 5309 1202 5365 obitum
1217 5309 1330 5365 Ottonis
1345 5308 1367 5362 l.
1392 5308 1501 5362 Verum
1525 5309 1561 5363 ab
1583 5309 1639 5362 hoc.
1655 5309 1720 5378 ipso
1735 5307 1838 5361 Ottono

1008 5378 1050 5432 rllr
1074 5396 1284 5436 successorem
1308 5380 1404 5434 adhue
1419 5380 1517 5434 datum
1532 5379 1693 5434 Tetdonern
1709 5380 1837 5449 legimus

1008 5452 1270 5577 gqpiteeqequqqtie,
1286 5451 1362 5575 qnde
1379 5451 1518 5576 lqlitboldo
1534 5466 1631 5505 annus
1645 5449 1694 5504 971
1713 5450 1790 5503 med.
1803 5478 1839 5487 ·-

1045 5536 1104 5574 am
1146 5564 1152 5576 .
1182 5539 1205 5576 rr
1229 5539 1285 5576 un
1308 5536 1486 5576 usvueur.

1046 5590 1119 5662 (196)
1135 5593 1207 5648 llaec
1228 5608 1369 5662 campana
1392 5593 1576 5666 aldegundis
1591 5595 1704 5662 vooeta,
1721 5588 1838 5661 quando

1009 5664 1169 5733 episcopus
1183 5663 1334 5721 Camereei
1348 5667 1571 5737 praesenserat,
1589 5663 1696 5735 quovis
1712 5669 1838 5728 vespere
