3900 6112
110 345 172 413 719
589 337 793 406 unauelct
810 335 1115 404 CLUNIAOENSIS
1134 333 1334 400 MONAGHI

112 552 141 604 et
153 548 183 600 in
193 546 324 617 qualibet
334 544 427 598 missa
438 541 552 612 private
563 540 704 595 deberent
715 537 773 610 agi,
786 537 863 592 sieut
871 535 945 590 alias
956 530 987 598 λ
1000 536 1086 591 mittit
1101 536 1130 589 in
1146 533 1278 605 calicem,
1293 534 1368 589 duas
1385 549 1476 604 super
1489 534 1636 604 patenam,
1647 533 1702 589 etv

112 637 222 691 dictum
246 636 302 689 est.
320 633 404 687 Unus
420 632 517 686 autem
532 630 744 697 ministrorum,
762 625 813 697 qui
828 640 947 694 semper
1000 625 1094 694 perali
1118 625 1189 694 tegit
1213 625 1377 693 utramque.
1404 623 1490 678 Prius
1514 626 1613 677 nmen
1628 636 1702 693 supe

111 726 170 779 duo
186 724 293 778 debent
309 735 389 788 esse,
405 723 488 773 stans
499 717 792 786 eumtlabelloprepe
803 714 944 769 sacerdo·
1001 714 1134 782 calicem,
1152 713 1261 784 digitos
1276 711 1386 782 quibus
1407 712 1513 784 tetigit,
1531 711 1693 784 diligenter

111 817 181 882 tem,
194 829 230 868 ex
242 826 300 882 que
311 823 479 865 muscarum
492 806 641 862 infestatio
654 819 817 875 exsurgere
830 803 941 873 incipit,
1002 804 1121 871 excutit,
1138 818 1175 855 uc
1189 801 1259 872 quid
1270 800 1345 855 forte
1360 802 1436 855 iuter
1450 799 1648 872 frangendum
1659 798 1698 856 de

112 901 206 956 donec
222 899 348 968 liniatur,
365 913 415 952 cas
428 911 531 951 arcere
550 896 737 963 asnorificio,
753 896 781 949 et
793 894 830 948 ab
848 893 942 962 altari,
1002 891 1120 947 Domini
1141 890 1315 960 adhaeserit3
1344 904 1449 944 manus
1476 889 1594 944 interim
1622 903 1693 944 cum

112 1005 167 1043 seu
182 989 219 1043 ab
235 988 300 1059 ipso
317 987 470 1041 sacerdote
481 1001 540 1040 neu
550 984 684 1056 negligit.
698 985 848 1038 Diaconus
859 997 942 1049 vere,
1002 980 1100 1035 studio
1112 979 1253 1034 claudens
1264 978 1332 1033 etin
1343 979 1462 1034 modum
1473 978 1572 1033 erucis
1581 978 1617 1032 ad
1628 978 1702 1048 pecti

112 1070 942 1144 subdiaconus,etunusministrorum,sidiesiestusest,
1002 1066 1702 1139 enas,vertitseprimumdiaconorevereuteriu

108 1166 239 1220 acclines
254 1166 358 1235 postea
378 1166 496 1217 manent
517 1163 642 1225 orationi
664 1160 778 1216 intenti.
795 1160 883 1215 Notat
901 1162 945 1212 ta·
1002 1163 1030 1214 et
1045 1159 1177 1213 casulam
1201 1173 1267 1211 oum
1283 1156 1400 1211 duobus
1419 1155 1526 1212 mediis
1544 1155 1648 1228 digitis
1669 1171 1702 1228 p<

109 1251 649 1323 niendiaconusquandosacerdosad
659 1249 815 1321 Supplices
825 1256 947 1319 terega·
1001 1249 1138 1303 osculum
1161 1248 1239 1301 inter
1261 1247 1382 1301 brachia
1406 1247 1526 1317 aptanti,
1551 1246 1626 1301 daus
1654 1245 1697 1301 illi

108 1360 174 1398 mus
186 1341 344 1396 inclinatus
364 1357 397 1395 se
413 1341 552 1408 erexerit,
567 1342 596 1395 et
610 1343 679 1395 tunc
696 1354 814 1410 queque
830 1338 895 1408 ipse
911 1353 944 1392 se
1001 1336 1310 1404 deindesubdiaoono,
1322 1338 1350 1390 et
1360 1335 1390 1390 in
1400 1336 1588 1406 precedendo
1600 1337 1702 1391 contra

109 1433 240 1500 elevans,
251 1435 284 1485 ut
294 1433 420 1501 quatuor
430 1430 551 1500 digitos,
564 1429 673 1499 quibus
685 1427 872 1482 Dominicum
882 1442 945 1480 eor·
1001 1428 1073 1492 tum,
1097 1426 1214 1480 duobus
1229 1424 1383 1493 ministrie,
1400 1426 1437 1479 ad
1452 1424 1586 1480 ultimum
1601 1425 1702 1480 venien

110 1537 166 1593 pus
179 1520 360 1592 tangendum
372 1521 400 1573 et
414 1518 604 1572 dividendum
617 1519 672 1586 est,
687 1515 824 1572 abluatin
834 1519 947 1586 partem
1001 1516 1126 1589 gradum
1142 1518 1208 1569 aute
1233 1514 1402 1586 analogium
1425 1514 1473 1569 dat
1486 1529 1590 1585 pacem
1613 1516 1702 1568 caeter

110 1614 178 1665 ante
187 1609 390 1680 supradictum
401 1608 590 1662 armariolum
598 1606 736 1662 secessit.
746 1605 782 1660 Et
790 1605 946 1660 sciendum
1001 1604 1134 1659 adnotari
1142 1604 1340 1666 decrevimus
1351 1600 1702 1675 inquinquepraecipuist

111 1701 249 1772 queniam
264 1714 324 1753 nen
339 1697 426 1752 medo
451 1712 504 1767 pro
525 1696 622 1750 aalma
646 1695 751 1765 ipsius,
778 1694 828 1765 qui
849 1694 948 1763 ipsum
1000 1692 1695 1763 tibustotoconventui,caeterisautemdiebus,

111 1788 273 1857 urceolum,
302 1802 360 1858 que
390 1801 466 1856 aqua
488 1784 632 1853 tunditur,
659 1787 687 1839 ct
710 1782 864 1852 concham,
890 1797 947 1853 qua
1001 1778 1702 1854 SabbatisinquibuseveniuatjejuniaQuatuar

112 1875 286 1946 suscipitur,
313 1874 402 1942 dedit,
430 1873 484 1928 sed
508 1875 577 1943 pest
597 1872 775 1927 offerendam
801 1873 859 1926 tam
883 1872 947 1940 ipse
1002 1867 1702 1942 rum,etexceptismissisJ'eJuniiinfestivitati]

112 1979 200 2035 quam
215 1962 359 2017 sacerdes
373 1978 479 2016 manus
491 1961 531 2015 ibi
543 1961 699 2015 abluentes
709 1959 947 2015 baneeolleotam
1003 1960 1190 2033 dragesimae,
1208 1962 1235 2014 et
1245 1958 1517 2030 reliquisjejuniis,
1531 1958 1560 2011 in
1570 1956 1702 2028 quibust

112 2052 226 2107 dicunt:
239 2051 373 2120 OremuS,
384 2051 532 2120 Absolve,
543 2050 676 2119 Domine,
687 2050 823 2118 animam,
834 2048 947 2117 tumuli,
1003 2049 1159 2104 duedecim
1181 2048 1339 2103 lectionum
1363 2047 1505 2114 evenerit,
1531 2046 1650 2118 quaudo
1669 2062 1702 2102 ur

112 2145 180 2210 oto,
196 2143 256 2193 tam
271 2140 329 2194 alte
349 2141 381 2192 ut
397 2138 535 2193 conversi
557 2138 722 2207 audientes,
738 2137 789 2209 qui
803 2138 861 2193 sibi
881 2153 947 2191 ser·
1004 2137 1135 2207 offertur,
1160 2140 1188 2191 et
1202 2153 1258 2207 pax
1284 2138 1333 2191 uni
1358 2136 1514 2191 adiacono
1538 2135 1637 2205 datur,
1663 2135 1702 2190 sir

111 2230 204 2296 vlunt,
218 2228 336 2297 possint
350 2227 532 2298 respendere
547 2227 654 2281 Amen.
672 2226 779 2298 Digitia
795 2226 904 2281 ablutis
921 2227 949 2279 et
1003 2242 1122 2297 pacem:
1140 2226 1169 2280 in
1184 2227 1268 2281 tertia
1283 2230 1311 2280 et
1321 2227 1423 2298 quinta
1434 2225 1518 2294 teria,
1531 2229 1560 2280 et
1574 2224 1702 2280 Sabbata

111 2318 213 2386 tersia,
230 2316 266 2370 ad
281 2316 379 2371 lecum
394 2315 444 2370 ubi
455 2315 592 2386 primitus
606 2315 730 2371 acolinis
745 2316 882 2371 manebat
897 2330 947 2368 re·
1005 2316 1108 2370 dexter
1119 2316 1230 2370 chorus
1240 2316 1320 2369 vadit
1330 2315 1366 2369 ed
1380 2330 1494 2385 pacem,
1507 2317 1617 2385 praeter
1630 2313 1702 2368 illuu

53 2428 57 2435 ·
112 2407 162 2476 dit,
179 2404 327 2476 altiusque
339 2405 487 2459 inclinans
503 2405 641 2460 continue
658 2420 691 2460 se
707 2405 804 2476 erigit,
821 2409 948 2474 postme·
1005 2406 1075 2475 quid
1091 2405 1121 2460 in
1135 2407 1221 2459 necte
1231 2405 1363 2476 contigit;
1379 2404 1410 2458 in
1421 2403 1562 2467 secunda,
1580 2404 1699 2474 quarta,

113 2494 183 2548 dum
198 2496 281 2548 stans
296 2495 325 2547 et
337 2493 495 2564 diligenter
517 2493 683 2548 observans
698 2493 816 2564 quando
834 2494 869 2547 ad
886 2492 950 2547 Per
1006 2496 1142 2563 sinister,
1168 2495 1198 2548 in
1213 2493 1375 2548 Dominicis
1400 2494 1497 2548 autem
1520 2490 1699 2560 alternatim,

113 2585 208 2655 ipsum
224 2587 330 2637 etcum
344 2582 408 2654 ipse
423 2587 453 2637 et
464 2583 496 2636 in
511 2583 585 2653 ipse,
602 2597 708 2636 cruces
722 2597 816 2652 super
832 2582 949 2637 sacrifl—
1006 2584 1118 2642 chorus
1133 2585 1163 2637 in
1179 2599 1246 2653 una,
1263 2583 1337 2638 alter
1356 2583 1385 2637 in
1400 2581 1502 2651 altera,
1518 2580 1596 2635 sieut
1611 2580 1702 2636 altera

114 2671 191 2727 cium
206 2669 305 2725 tacere
320 2669 441 2740 incipiat
452 2671 605 2725 sacerdes.
618 2669 701 2734 Quod
717 2685 787 2724 mex
800 2673 832 2725 ut
842 2670 950 2725 viderit
1006 2674 1155 2743 cipiuntur
1170 2672 1281 2743 hymni,
1291 2670 1495 2742 antiphoaaect
1505 2669 1623 2741 psalmi,
1633 2669 1670 2724 ab
1680 2685 1702 2725 u

113 2759 264 2815 moderate
280 2773 314 2812 ac
328 2757 507 2826 pedetentim
521 2757 557 2811 ad
574 2758 665 2812 altare
689 2758 846 2828 accedens,
864 2759 949 2830 prius
1005 2762 1036 2816 in
1051 2778 1108 2816 una
1123 2761 1317 2830 hebdomada,
1334 2760 1370 2814 ab
1386 2760 1476 2815 altere
1492 2759 1521 2814 in
1538 2759 1604 2813 alia.
1623 2757 1653 2813 Si
1670 2773 1702 2814 ve

101 2849 250 2911 ‚dextrum
269 2861 362 2901 cornu
380 2846 492 2915 altaris,
515 2846 621 2901 deinde
642 2847 778 2903 dextrum
793 2847 950 2902 humerum
1007 2851 1068 2905 stiti
1082 2850 1191 2905 suntin
1207 2850 1309 2920 cappis
1325 2864 1380 2905 seu
1394 2849 1423 2903 in
1434 2849 1521 2917 albis,
1536 2849 1702 2903 secundum

115 2935 949 3006 sacerdotisoseulatur,etposteacerporeleeumduobus
1006 2942 1065 2994 tem
1080 2940 1195 2994 ordinis
1209 2939 1293 2994 ibunt
1307 2939 1343 2993 ad
1358 2953 1470 3008 pacem,
1487 2940 1518 2992 ut
1532 2938 1628 3007 primo
1644 2937 1702 2992 leet

114 3025 222 3080 mediis
237 3023 339 3095 digitis
354 3039 459 3078 manus
473 3024 584 3079 dextrae
596 3041 634 3080 cx
647 3042 703 3080 una
713 3028 796 3096 parte
806 3029 948 3095 removet,
1008 3028 1103 3097 dotes,
1120 3030 1197 3082 sicut
1212 3030 1282 3082 sunt
1299 3029 1426 3098 priores,
1450 3027 1582 3082 seeundo
1605 3026 1702 3082 diaeer

115 3119 144 3171 et
158 3113 303 3170 sacerdos
324 3128 363 3166 ex
377 3112 478 3182 altera,
495 3129 561 3167 eum
578 3114 687 3185 quibus
703 3118 732 3169 et
752 3114 872 3169 ealieem
895 3129 950 3184 per
1007 3117 1182 3172 subdiaconi
1193 3117 1298 3171 deinde
1313 3117 1373 3186 alii,
1386 3116 1464 3170 sicut
1478 3116 1550 3170 ordo
1567 3129 1702 3170 corume

114 3204 245 3260 medium
266 3206 382 3271 teneas,
405 3217 508 3271 parum
532 3203 702 3272 sublevare,
720 3204 789 3258 dum
806 3204 950 3258 sacerdes
1007 3208 1171 3262 extremum
1187 3204 1370 3260 conversi.Si
1384 3208 1480 3260 autem
1495 3204 1585 3275 aliqui
1599 3203 1702 3260 santii

115 3295 186 3349 dicit
199 3294 263 3347 Per
276 3290 372 3346 omniu
396 3291 513 3359 saecula,
527 3296 595 3360 etc,
609 3294 638 3346 et
656 3292 832 3361 posmodum
852 3294 950 3363 ipsum
967 3261 995 3329 ⁰
1008 3299 1036 3351 et
1047 3295 1136 3366 aliqui
1147 3296 1177 3349 in
1187 3294 1274 3363 albis,
1287 3298 1316 3349 et
1325 3294 1415 3365 aliqui
1426 3294 1455 3347 iu
1468 3294 1577 3349 troeeis
1588 3295 1636 3348 vel
1649 3309 1702 3349 euc

117 3381 271 3453 corporale
285 3395 322 3434 ex
334 3379 437 3433 eadem
452 3381 533 3448 parte
545 3394 749 3450 superponere
759 3386 908 3451 procurat,
923 3385 951 3437 ct
1009 3385 1138 3441 cundum
1161 3385 1333 3456 dignitatem
1355 3382 1468 3438 ordinis
1491 3383 1577 3453 prius
1592 3382 1677 3437 ibunt
1692 3381 1702 3436 l

116 3472 233 3527 tandem
249 3467 369 3522 radiens
381 3469 448 3537 post
459 3467 644 3522 sacerdotem
659 3469 808 3537 inlocum,
823 3471 874 3525 ubi
890 3475 951 3525 erat
1009 3473 1121 3545 cappis,
1139 3473 1244 3528 deinde
1260 3472 1309 3542 qui
1320 3472 1349 3526 in
1362 3472 1448 3542 albis,
1461 3475 1613 3541 postremo
1625 3471 1676 3542 qui
1685 3471 1702 3526 ir

116 3559 211 3632 prius,
224 3557 329 3611 iterum
339 3554 462 3609 acclinis
474 3559 580 3624 manet,
594 3558 688 3612 denec
699 3559 725 3612 ei
737 3574 752 3611 a
766 3559 950 3614 subdiacone
1009 3578 1064 3617 seu
1075 3563 1199 3617 cucullis
1210 3565 1305 3631 erunt,
1316 3561 1394 3615 sieut
1403 3576 1521 3629 semper
1530 3563 1618 3631 prout
1626 3560 1663 3615 ad
1671 3575 1702 3615 ee

116 3642 951 3719 patenaargentaaofferatur.Quisubdiaeenusnonprius
1010 3668 1077 3707 nem
1093 3654 1236 3706 venerunt
1247 3666 1327 3706 seua
1342 3651 1449 3704 domno
1460 3650 1565 3705 abbate
1579 3648 1670 3704 levati
1680 3663 1702 3706 si

119 3752 153 3792 se
183 3732 281 3806 erigit,
296 3746 392 3802 neque
413 3731 450 3786 de
473 3731 548 3802 loco,
574 3733 604 3787 in
625 3749 684 3805 quo
708 3739 776 3805 poet
795 3736 951 3792 diaconum
1010 3743 1069 3796 sint
1085 3745 1231 3810 cauteres,
1247 3741 1311 3794 sive
1327 3739 1479 3795 conversi.

119 3823 245 3880 acclinis
257 3837 294 3876 ex
307 3836 364 3891 quo
374 3819 502 3875 Sanctus
509 3821 669 3893 iueoeptum
677 3823 783 3894 tuerat,
791 3830 950 3892 manserat,
1047 3830 1213 3884 Notandum
1226 3832 1324 3883 tamen
1336 3828 1476 3899 quoniam
1488 3827 1517 3882 si
1529 3828 1656 3883 domnus
1669 3826 1702 3882 ab

119 3913 242 3979 recedit,
259 3910 352 3964 donee
366 3924 383 3962 a
399 3908 552 3964 sacerdote
562 3909 676 3965 Panem
692 3919 824 3968 nostrum
840 3914 869 3967 in
881 3914 951 3968 Ora·
1010 3921 1074 3988 pter
1089 3918 1215 3988 aliquam
1231 3916 1434 3972 rationabilem
1456 3932 1577 3971 causam
1594 3915 1702 3987 quemli

119 4005 199 4059 tiene
223 3998 375 4054 Dominica
399 3997 524 4053 dicatur.
548 3997 608 4054 Sed
631 4002 699 4055 tuuc
724 4002 792 4057 inde
806 4002 952 4057 secedens
1011 4021 1130 4061 versum
1142 4005 1284 4060 levaverit
1299 4005 1328 4060 ia
1340 4005 1466 4075 capitulo
1477 4007 1505 4060 et
1519 4005 1549 4059 in
1564 4004 1702 4060 retectori

119 4096 208 4164 atqua
223 4088 396 4144 reverenter
410 4086 563 4156 incedens,
582 4091 611 4143 et
625 4089 782 4145 linteamen
797 4091 833 4146 de
848 4095 951 4162 patena
1012 4095 1144 4150 ordinem
1160 4095 1240 4149 illum
1258 4095 1405 4163 servabit3
1422 4094 1457 4148 ad
1468 4109 1571 4163 pacem
1586 4109 1660 4150 vero
1674 4096 1702 4150 et

120 4179 293 4247 devolvens,
309 4190 456 4246 manuque
469 4175 648 4231 linteaminis
663 4182 745 4248 parte
760 4179 890 4234 involuta
906 4180 951 4250 ip·
1012 4184 1190 4253 munionem,
1208 4183 1286 4236 sieut
1300 4184 1328 4236 et
1341 4182 1377 4236 ad
1394 4197 1497 4252 aquam
1518 4182 1702 4238 benedictam

120 4263 765 4336 samtenens,partemejusdemtinteamiais
776 4269 905 4339 pendere
916 4286 953 4324 ex
1012 4273 1080 4327 dum
1096 4271 1228 4326 ordinem
1239 4270 1447 4326 conversionis
1458 4270 1521 4325 ibit.
1539 4270 1702 4326 Privatisar

120 4356 266 4414 industria
289 4353 369 4421 iacit,
395 4355 427 4407 ut
447 4353 591 4407 diaconus
616 4371 733 4427 queque
758 4372 825 4413 cum
851 4359 953 4432 digitis
1011 4362 1069 4417 bus
1085 4375 1261 4428 conversus,
1278 4360 1328 4430 qui
1340 4360 1432 4414 servit
1445 4359 1481 4414 de
1493 4359 1702 4430 candelabro,t

120 4446 227 4503 mediis
248 4442 417 4499 linteamine
439 4441 580 4496 involutis
603 4445 735 4500 eamdem
759 4449 895 4517 patenam
916 4449 953 4503 ab
1012 4452 1130 4506 indutus
1145 4452 1200 4520 est,
1217 4449 1331 4519 primus
1346 4453 1501 4519 postquam
1518 4447 1663 4503 sacerdes
1677 4464 1702 4505 aa

119 4539 188 4607 ipse
204 4530 356 4588 osculante
372 4529 532 4584 cimanum
547 4532 706 4604 accipiens,
721 4535 802 4590 linita
816 4535 953 4592 Oratione
1012 4540 1080 4594 dum
1096 4540 1219 4608 venerit,
1234 4538 1314 4592 vadit
1324 4537 1360 4591 ad
1370 4539 1523 4606 pacembt
1533 4538 1702 4594 sacerdotal

122 4622 284 4688 Dominica,
308 4618 411 4673 efferat
436 4620 597 4685 sacerdoti;
614 4627 734 4692 prepter
755 4625 834 4695 qued
854 4628 949 4681 tamen
972 4619 1198 4698 Dpreoedcutc,
1219 4628 1362 4682 diaconus
1387 4626 1423 4680 ad
1444 4626 1535 4680 altare
1560 4627 1685 4698 accedit,

121 4713 259 4785 pollicem
266 4711 295 4764 et
305 4707 432 4763 indicem
440 4708 559 4763 minime
567 4709 722 4782 disjungit,
732 4712 886 4769 sieuttunc
896 4731 953 4770 neu
1011 4718 1135 4783 bestias,
1148 4717 1195 4771 vel
1210 4718 1237 4770 si
1251 4717 1354 4786 plures
1365 4715 1484 4785 tuerint,
1497 4719 1527 4769 ut
1537 4715 1567 4769 in
1579 4716 1702 4770 Dominis

77 4844 80 4851 .
123 4800 269 4875 disjunxit
284 4796 400 4869 quande
412 4796 534 4852 ealieem
545 4814 612 4852 cum
623 4801 778 4857 sacerdote
788 4802 906 4859 levavit.
919 4804 955 4859 Et
1012 4808 1055 4879 git
1070 4810 1098 4861 et
1108 4806 1219 4872 dividit,
1235 4821 1310 4876 quas
1326 4806 1467 4860 sacerdes
1483 4821 1542 4859 nea
1558 4805 1672 4874 divisit,
1687 4821 1702 4860 e

122 4892 278 4949 sciendum
300 4885 439 4958 quoniam
458 4886 600 4957 quidquid
625 4888 661 4943 de
684 4890 826 4959 praedicta
850 4895 954 4962 patena
1011 4895 1138 4964 dimittit,
1155 4897 1186 4949 ut
1201 4895 1236 4948 de
1251 4894 1342 4949 altera
1358 4893 1432 4963 ipse,
1450 4894 1485 4947 da
1498 4893 1590 4948 altera
1606 4909 1702 4949 sacer«

122 4981 245 5052 privatis
260 4976 366 5033 diebus
378 4974 580 5031 subdiaconus
596 4975 674 5047 iacit,
688 4978 831 5035 beeidem
841 4981 870 5036 ia
887 4983 952 5036 due
1012 4984 1185 5048 municetur,
1199 4987 1227 5037 et
1238 4982 1274 5050 si,
1286 4983 1457 5052 priusquam
1469 4982 1614 5037 sacerdos
1627 4983 1702 5038 rede

125 5070 219 5124 decim
234 5065 413 5121 lectionibus
428 5063 476 5117 ille
491 5064 703 5135 ministrorum,
719 5069 770 5139 qui
790 5072 858 5139 post
873 5069 955 5125 illum
1012 5072 1095 5143 cerit,
1112 5087 1258 5142 nusquam
1269 5075 1366 5124 tamen
1380 5069 1500 5124 recedit.
1516 5070 1587 5124 Men
1597 5086 1702 5127 veron

122 5171 242 5213 manere
257 5154 343 5224 solet,
355 5168 445 5226 agere
460 5153 624 5208 consuevit.
636 5155 799 5227 Postquam
809 5172 880 5212 vera
893 5159 954 5214 dia·
1015 5177 1107 5215 canus
1124 5164 1151 5215 et
1166 5160 1292 5214 ministri
1304 5174 1405 5230 pacem
1416 5158 1594 5228 acceperint,
1607 5174 1702 5214 manui

125 5259 219 5304 eenus
230 5243 378 5299 sacerdoti
392 5243 527 5312 patenam
537 5242 651 5313 obtulit,
666 5243 808 5316 ibiprope
819 5248 955 5304 dextrum
1014 5250 1045 5306 ia
1057 5249 1181 5322 piscina,
1198 5265 1264 5320 quae
1280 5253 1325 5303 est
1340 5262 1430 5319 prope
1445 5246 1548 5317 altare,
1563 5263 1624 5301 non
1640 5263 1701 5321 aeg

126 5349 219 5392 cornu
233 5329 335 5386 altaris
351 5329 484 5400 orationi,
502 5331 528 5385 si
543 5332 629 5402 sapit,
646 5331 777 5389 intentus
792 5340 889 5392 maaet
903 5353 955 5393 ao·
1014 5339 1215 5394 subdiaconus
1229 5339 1365 5409 patenam
1379 5351 1497 5391 auream
1512 5336 1550 5391 ad
1560 5335 1686 5392 calicem

72 5460 76 5465 -
126 5423 222 5490 clinis,
237 5418 623 5475 deneePeromniaaoecuta
638 5421 811 5478 saeculorum
828 5425 953 5481 dicatur.
1012 5430 1082 5498 tem,
1098 5443 1185 5499 quam
1210 5429 1352 5498 posuerat
1367 5441 1458 5496 super
1480 5425 1683 5493 armariolum,

122 5507 370 5567 Sacerdosuet‘e
382 5507 539 5577 *accipiens
554 5524 618 5582 eam
640 5526 706 5565 cum
722 5512 828 5568 mediis
852 5514 953 5586 digitis
1012 5532 1127 5588 ponens
1142 5531 1233 5586 super
1247 5516 1348 5584 altare,
1369 5519 1398 5570 et
1413 5514 1502 5569 simul
1522 5514 1702 5570 linteolum<

125 5599 207 5672 ponit
216 5612 306 5672 super
317 5595 469 5666 corporale
480 5597 516 5650 ad
524 5598 627 5665 pedem
638 5598 749 5669 calicis,
762 5603 954 5677 etpostquem
1012 5607 1043 5661 iu
1057 5609 1228 5660 transverse
1250 5605 1361 5674 altaris,
1388 5607 1416 5660 et
1434 5607 1538 5676 postea
1553 5607 1611 5660 etat
1631 5604 1702 5660 laeli

53 5672 83 5751 l
123 5685 955 5774 tregerit.boetianae·‹unameparticnlumamt‹rmeesest
1005 5693 1650 5779 succlinatouiumelatentrumeoraualtaris
1666 5709 1702 5751 us
