3900 6112
620 335 850 402 opuscula
865 335 1034 399 SPURIA.

94 548 163 602 tuas
182 545 317 616 supplico
333 544 551 608 miserationes,

97 634 200 690 Matris
215 634 319 688 merita
338 635 365 687 et
381 634 540 698 orationes,

87 725 201 780 ntorum
216 722 346 795 omnium
368 720 611 787 intercessiones,

87 824 135 865 em
149 808 330 882 egojugiter
344 812 409 864 tuas
425 809 593 879 passiones.

87 898 119 954 ait
133 897 280 969 pensandi
293 899 323 952 te
338 896 480 967 copiosus
496 896 594 959 fletus,

96 985 153 1042 sim
167 985 330 1041 recordans
345 986 404 1040 tuis
420 984 559 1054 lacrymis
573 984 713 1053 repletae,

87 1077 135 1129 :ut
150 1090 300 1147 nunquam
316 1074 373 1128 sim
383 1073 440 1128 nisi
455 1073 484 1125 in
501 1077 537 1127 tae
548 1073 645 1137 laetus,

87 1178 173 1220 neum
188 1162 338 1235 gaudium,
360 1164 388 1217 et
403 1177 486 1216 amor
501 1164 645 1216 secretus.

87 1268 150 1308 mnc
167 1251 253 1307 Matri
264 1251 388 1322 Virgini,
406 1251 511 1319 anima,
526 1249 654 1317 intende,

87 1342 181 1413 uipsa
197 1340 294 1396 dolcat
308 1339 365 1394 sub
381 1354 469 1394 cruce
485 1337 644 1409 perpende,

88 1445 155 1485 cum
169 1429 314 1496 vulneret,
329 1442 434 1499 preces
450 1442 518 1482 mox
534 1426 680 1496 impende,

96 1519 140 1574 illi
155 1518 316 1574 condoleas
330 1518 470 1589 lacrymis
490 1515 622 1572 ostende.

89 1608 172 1660 ntum
192 1621 235 1675 es,
252 1603 395 1672 Genitrix,
411 1604 491 1658 intus
506 1603 645 1671 cruciata,

87 1697 160 1750 tenta
175 1692 241 1747 Filii
255 1696 314 1747 tam
329 1691 534 1763 multiplicata;

99 1779 223 1851 Christi,
240 1796 310 1836 vere
327 1795 391 1835 mea
405 1779 559 1849 advocata,

87 1871 110 1926 le
125 1870 235 1943 aliquid
250 1869 347 1941 pande
363 1872 492 1923 exorata.

87 1974 94 2012 ι
107 1956 226 2026 fiducia,
243 1962 272 2013 et
291 1972 356 2012 mee
371 1960 503 2028 patrona,

87 2045 221 2101 tudicitiac
232 2045 357 2100 rutilans
374 2061 491 2111 corona,

87 2150 179 2190 oscus
195 2134 311 2205 spiritu,
329 2136 465 2206 quamvis
486 2151 543 2190 non
558 2152 696 2206 persona,

102 2229 166 2298 ipsa
182 2227 302 2297 doceas,
318 2227 432 2299 loquar,
451 2228 542 2283 Mater
556 2230 642 2283 bona.

87 2332 127 2372 tre
142 2332 231 2383 nunc,
249 2316 382 2385 Domina,
399 2332 490 2386 super
504 2332 608 2372 omncs
623 2319 722 2390 digna,

89 2421 103 2460 e
119 2405 279 2475 despicias,
296 2419 413 2474 precor,
429 2421 446 2459 o
460 2405 607 2477 benigna!

87 2493 228 2549 rrulnera
244 2495 358 2548 concite
373 2493 517 2566 designa3

87 2583 245 2638 amatariae
260 2583 350 2637 verba
366 2583 402 2636 da
418 2584 574 2655 condigna.

87 2670 231 2741 espondes
247 2670 382 2725 forsitam
398 2687 443 2725 me
459 2687 519 2726 nou
534 2687 604 2727 esse
621 2676 717 2745 talem,

87 2757 99 2795 c
114 2741 265 2796 miseriam
281 2742 397 2797 reveles
410 2745 564 2812 poenalem,

87 2828 133 2884 uis
148 2829 259 2883 ultimis
275 2831 374 2884 servis
390 2846 459 2885 esse
471 2833 624 2903 aequalem,

98 2920 195 2987 petam
208 2918 331 2989 gratiam
347 2922 403 2974 nte
419 2921 588 2989 specialem.

87 3005 161 3074 scio,
176 3005 309 3074 Domina,
325 3022 372 3061 me
388 3008 520 3079 indigum
535 3024 615 3064 esse.

87 3092 98 3148 l
113 3096 264 3149 accusanti
280 3110 325 3149 me
342 3096 448 3165 poterit
463 3098 592 3153 obesse?

87 3181 141 3238 Deo
157 3183 302 3253 supplico,
319 3183 410 3255 Virga
425 3186 527 3255 stirpis
543 3186 640 3255 lesse,

87 3270 129 3326 eis
142 3271 283 3341 precibus
294 3272 428 3343 digneris
442 3273 559 3329 adesse.

87 3359 137 3413 tois
154 3374 212 3415 nou
227 3360 323 3414 omnia
339 3375 386 3415 me
401 3361 486 3417 lateri
504 3378 582 3433 vere,

87 3450 106 3502 tt
119 3449 315 3519 peccaverim,
330 3465 466 3519 promere
481 3452 607 3518 sincere,

88 3537 97 3590 i
110 3536 247 3607 plurima,
258 3537 394 3608 quaedam
409 3540 545 3610 reticere,

87 3624 149 3680 indo
164 3626 288 3680 crimina
302 3626 378 3682 bene
397 3629 551 3699 poenitere.

87 3713 175 3770 Mater
190 3715 363 3783 clementiae,
381 3716 445 3772 haec
460 3721 529 3774 sunt
543 3720 616 3774 dura
631 3723 733 3792 verba,

87 3802 127 3859 ob
143 3801 246 3859 dolori
263 3819 334 3858 vera
352 3809 431 3875 sunt,
448 3806 516 3862 licet
531 3808 590 3863 sint
605 3811 719 3865 acerba.

87 3892 135 3948 teri
150 3892 229 3947 sicut
241 3897 297 3963 est,
316 3909 374 3948 nou
389 3895 452 3949 vult
465 3911 549 3952 mens
565 3900 712 3970 superba3

87 3995 166 4052 rogo,
181 3997 254 4036 sana
268 3997 314 4036 me
330 3982 368 4036 ob
381 3983 488 4039 salutis
504 3987 604 4043 verba.

87 4069 100 4123 i
115 4069 257 4124 confiteor
269 4085 354 4125 omne
371 4073 480 4127 crimen
498 4089 603 4145 meum,

87 4159 124 4214 tis
141 4159 280 4213 omnibus
296 4158 389 4215 fatear.
404 4176 451 4216 me
467 4178 560 4234 reum,

87 4262 107 4301 aa
121 4248 283 4318 cognoscis
299 4264 345 4303 me
360 4248 521 4306 offendisse
537 4252 640 4325 Deum,

87 4336 142 4391 laet
156 4336 222 4404 ipse
237 4351 295 4406 me,
312 4352 426 4407 precor,
445 4354 519 4412 coge
534 4357 609 4397 eum.

87 4424 113 4478 vi
126 4424 267 4493 superbia
282 4428 310 4479 et
322 4427 397 4480 mala
413 4430 600 4500 cogitatione,

87 4512 158 4580 erbo,
177 4528 266 4582 opere
282 4519 310 4568 et
325 4516 496 4585 omissione,

87 4604 162 4670 actu,
180 4602 301 4657 naribus
314 4605 343 4657 et
357 4604 515 4675 auditione,

87 4690 239 4762 agligcutia
255 4695 283 4746 ct
298 4692 500 4748 delectatione.

87 4778 106 4832 ri
120 4778 229 4833 malitia
244 4782 273 4833 et
286 4794 428 4849 perverso
442 4797 533 4850 more,

89 4869 98 4919 t
112 4868 240 4938 proximi
253 4868 367 4923 modico
383 4883 492 4939 amore,

88 4956 200 5017 varitia,
218 4956 303 5011 irael
318 4957 428 5025 livore,

95 5045 205 5110 acedia,
221 5044 299 5115 odio,
316 5050 445 5117 torpore.

89 5134 128 5188 ibi
143 5133 296 5200 confiteor,
314 5140 341 5188 ct
358 5134 564 5206 omnipotenti,

87 5225 184 5278 torum
195 5223 282 5278 coelui
300 5223 453 5279 vobiscum
471 5229 608 5293 manenti,

90 5328 104 5365 r
118 5311 157 5366 ob
168 5312 305 5366 meritum
321 5311 412 5366 divini
424 5315 570 5385 tormenti,

88 5399 274 5471 culpabilem,
291 5402 406 5454 veniam
427 5401 463 5455 da
478 5404 595 5472 petenti.

87 5488 179 5559 {uatis
194 5487 369 5543 lestussum
383 5504 464 5560 eaepe
479 5491 686 5566 delinquendo,

87 5577 259 5649 mantulum,
277 5592 293 5632 o
309 5578 450 5648 clemens,
468 5583 609 5653 osteud03

87 5668 114 5721 la
126 5665 225 5722 omnia
239 5664 292 5721 tibi
306 5682 384 5723 nuuc
399 5671 582 5741 commendo,

803 523 830 587 Α
849 542 888 598 Ut
902 547 933 597 tu
946 544 1012 614 ipsa
1027 543 1127 597 salves
1138 557 1185 596 me
1205 546 1261 596 ista
1277 542 1446 597 auferendo.

885 631 942 686 Sed
958 631 1028 703 quid
1041 646 1110 703 ago,
1126 630 1261 686 referens
1273 632 1380 685 sordes
1396 631 1547 695 foeditatis,

849 719 969 775 Auditui
981 719 1113 792 Virginis
1130 735 1254 774 summae
1269 719 1406 790 puritatis
1417 719 1431 770 ‘t

849 808 1010 876 Horresco,
1028 808 1217 863 sanctissima
1235 807 1329 862 Mater
1348 806 1474 877 pictatis,

849 898 890 952 lta
905 896 986 968 loqui
999 896 1121 952 auribus
1138 897 1197 951 tuis
1212 895 1342 950 illibatis.

884 985 1059 1056 Expavesco
1073 1000 1110 1040 ne
1125 1001 1141 1039 a
1155 1000 1203 1040 me
1217 983 1318 1040 forsan
1334 987 1362 1037 ta
1377 989 1494 1038 avertas

848 1074 955 1130 Multas
970 1074 1006 1131 ob
1022 1075 1193 1146 putredines
1209 1075 1284 1128 intra
1298 1088 1344 1127 me
1360 1073 1499 1140 insertas,

847 1162 905 1218 Sed
920 1162 1090 1234 pertesum
1106 1162 1250 1232 deprecor
1264 1161 1299 1215 ad
1315 1177 1360 1216 me
1375 1164 1403 1216 te
1415 1165 1572 1215 convertas

847 1251 880 1306 lu
894 1267 952 1323 quo
968 1254 1010 1307 tot
1024 1250 1162 1306 miserias
1178 1250 1337 1322 cognoscis
1352 1253 1411 1304 tam
1422 1253 1529 1304 certas.

882 1341 936 1409 Tu,
953 1356 1020 1411 quae
1031 1343 1098 1394 vota
1112 1340 1242 1393 omnium
1253 1341 1298 1408 pia
1315 1339 1451 1406 intueriS,

785 1444 792 1453 ·
846 1428 988 1501 Nunquid
1002 1428 1058 1484 soli
1069 1428 1178 1482 misero
1195 1426 1266 1481 mihi
1281 1427 1352 1481 dura
1368 1427 1428 1480 eris
1439 1426 1466 1485 ‘ll

846 1516 1127 1574 Curmiserioordim
1142 1518 1243 1570 notum
1256 1530 1363 1570 nomen
1380 1516 1471 1585 geris,

845 1605 876 1662 Si
891 1604 962 1661 mihi
976 1605 1084 1676 petenti
1100 1607 1127 1659 te
1143 1619 1202 1659 non
1217 1603 1393 1658 miseraris?

881 1694 964 1749 Hanc
980 1692 1223 1749 consuetudinem
1237 1695 1359 1763 propter
1372 1707 1419 1746 me
1434 1707 1492 1746 nou
1509 1693 1605 1746 mutes

844 1784 902 1839 Per
917 1797 1004 1855 quam
1018 1779 1100 1837 soles
1115 1781 1235 1836 miseris
1251 1780 1374 1835 reddere
1392 1781 1515 1847 salutes,

801 1890 829 1958 B
845 1871 907 1927 Nec
918 1885 975 1937 me,
991 1870 1127 1943 quamvis
1145 1870 1273 1939 impium,
1291 1869 1401 1940 flagito,
1417 1868 1541 1936 refutes,

843 1958 902 2015 Sed
916 1964 975 2015 tuae
987 1958 1207 2015 clementissine
1222 1959 1251 2012 in
1266 1973 1313 2012 me
1324 1959 1459 2012 virtutes.

880 2048 1058 2114 Recordare,
1072 2048 1205 2114 Domina,
1220 2062 1282 2117 praa
1298 2047 1413 2101 cunctis
1429 2041 1568 2116 perlecta,

842 2138 915 2204 Quia
930 2139 967 2194 ob
983 2135 1146 2209 culpabiles
1162 2135 1243 2190 luisti
1259 2135 1362 2204 electa,

844 2228 936 2281 Mater
950 2230 1071 2297 propter
1084 2225 1222 2291 miseroS,
1236 2224 1289 2277 Uei
1304 2238 1337 2278 es
1353 2223 1465 2292 allecta,

844 2317 923 2390 Ergo
939 2315 1021 2369 salva
1037 2315 1174 2381 miseros,
1192 2317 1292 2367 nostra
1309 2328 1380 2381 spes
1391 2314 1489 2367 erecta

878 2406 919 2460 Te
934 2419 986 2475 pro
1002 2403 1055 2471 eis,
1069 2403 1201 2471 Domina,
1220 2401 1299 2455 Deus
1314 2404 1361 2455 est
1376 2402 1545 2473 ingressus

843 2494 898 2547 Pro
918 2493 962 2546 eis
978 2490 1115 2545 miserias
1130 2487 1275 2542 humanas
1289 2503 1463 2558 perpessus,

841 2583 899 2636 Pro
913 2581 999 2651 ipsis,
1015 2579 1132 2634 ridente
1149 2583 1186 2646 te,
1204 2579 1234 2631 iu
1249 2577 1402 2631 tormentis
1421 2576 1532 2639 fessus,

842 2672 884 2725 Ac
900 2668 1003 2725 mortis
1019 2667 1165 2740 angustiis
1181 2681 1233 2736 pro
1250 2667 1308 2719 illis
1324 2668 1369 2720 est
1384 2681 1520 2735 pressus.

876 2758 956 2831 Ergo
972 2757 1069 2824 nobis,
1087 2756 1218 2824 Domina,
1240 2755 1299 2808 reis
1321 2755 1364 2809 sis
1378 2755 1488 2824 parata,

840 2849 1009 2918 Eorumque
1024 2845 1155 2899 intimum
1171 2844 1238 2897 audi
1249 2859 1295 2898 me
1309 2845 1421 2914 rogate,

841 2936 986 2991 Memento
1001 2949 1055 3003 pro
1072 2933 1180 3004 quibus
1194 2947 1228 2987 cs
1244 2935 1353 2986 tantum
1370 2932 1504 2997 exaltata,

840 3026 875 3081 Et
890 3038 944 3094 pro
960 3024 1068 3093 quibus
1080 3025 1128 3075 tua
1143 3025 1189 3075 est
1204 3020 1304 3091 proles
1319 3022 1501 3074 tormentata.
1528 3028 1531 3034 ·

876 3114 957 3168 Meas
970 3126 1088 3182 preceS,
1105 3109 1238 3176 Domina,
1255 3109 1389 3179 digneris
1398 3108 1509 3176 audire,

840 3203 876 3258 Et
891 3217 968 3256 nunc
983 3200 1054 3254 etin
1070 3200 1222 3268 posterum
1237 3211 1356 3266 semper
1371 3196 1540 3266 subvenire,

840 3291 898 3346 Fac
913 3292 979 3344 tuas
993 3290 1081 3359 atque
1098 3286 1213 3341 Domini
1227 3286 1330 3356 plagas
1346 3299 1393 3340 me
1411 3285 1509 3354 ferire,

840 3379 875 3434 Et
890 3381 918 3432 in
934 3376 1024 3432 corde
1035 3374 1149 3447 jugiter
1160 3374 1265 3428 devote
1280 3373 1402 3428 sentire.

874 3466 1004 3521 Olracta
1018 3463 1170 3519 doloribus
1192 3466 1274 3518 stans
1290 3462 1348 3516 sub
1364 3462 1462 3517 crucis
1477 3477 1529 3515 ara

839 3555 882 3610 Ex
898 3555 957 3609 nati
971 3552 1147 3608 vulneribus
1163 3550 1248 3622 plena
1267 3554 1296 3605 ct
1311 3549 1427 3604 amarat

839 3645 881 3699 Da
896 3642 968 3697 mihi
983 3645 1095 3713 partem
1110 3640 1232 3707 doloris,
1249 3654 1286 3693 ne
1298 3639 1341 3692 sis
1356 3653 1455 3706 avara,

838 3731 910 3799 Quas
924 3733 1017 3802 larga,
1035 3732 1063 3784 et
1078 3729 1170 3785 libera
1185 3727 1261 3782 dicta
1279 3742 1312 3782 es
1328 3731 1356 3782 et
1372 3743 1472 3798 gnara.

874 3820 976 3875 Omen
991 3815 1112 3872 liduoial
1132 3817 1225 3870 Mater
1240 3814 1413 3882 Salvatoris,

839 3908 886 3964 Me
900 3905 1043 3978 transfige
1057 3904 1156 3976 gladio
1172 3919 1241 3958 mox
1256 3903 1297 3956 tui
1311 3903 1432 3971 doloris,

839 3997 904 4051 Dita
919 4009 965 4049 me
976 4009 1013 4048 ex
1026 4007 1148 4046 munere
1163 3990 1284 4061 perfecti
1299 3993 1419 4060 amoris,

839 4084 874 4139 Et
888 4084 934 4138 dic
947 4098 1020 4138 meae
1036 4082 1140 4135 animae
1156 4080 1215 4132 vim
1230 4079 1272 4132 tui
1287 4078 1432 4133 moeroris.

875 4173 970 4239 Nunc,
987 4184 1065 4224 nunc
1080 4182 1215 4238 praesens
1232 4167 1337 4237 spiritu
1349 4167 1441 4220 Meter
1455 4165 1627 4236 singularis,

840 4263 881 4316 Ue
894 4261 953 4316 tuis
968 4256 1120 4314 doloribus
1135 4254 1244 4326 aliquid
1260 4253 1401 4326 loquaris,

838 4349 921 4416 Quod
932 4349 1050 4417 placere
1059 4344 1156 4398 valeat
1169 4343 1228 4397 tuis
1243 4343 1341 4397 servis
1357 4341 1466 4408 charis,

839 4439 874 4493 Et
888 4453 940 4493 eos
952 4448 1112 4507 aspergere
1127 4432 1265 4502 lacrymis
1282 4431 1402 4485 amaris.

1065 4522 1166 4576 Mater
1183 4520 1261 4576 Filio
1280 4535 1440 4591 compassa.

796 4588 825 4657 Ῑ)
874 4614 1044 4684 importuna
1059 4612 1165 4677 anima,
1182 4609 1282 4664 ourad
1298 4625 1343 4663 mo
1359 4608 1404 4662 sio
1416 4607 1536 4673 clamas,

838 4704 930 4768 Quam
940 4705 998 4756 tem
1013 4715 1116 4771 parum
1131 4699 1249 4766 recolis,
1268 4702 1296 4752 et
1311 4703 1368 4753 tam
1384 4712 1487 4767 parum
1503 4711 1584 4750 amas

840 4791 898 4848 Sed
913 4790 988 4845 dicis
1003 4789 1125 4843 audisse
1137 4791 1164 4841 te
1181 4788 1216 4841 de
1232 4802 1278 4841 me
1293 4787 1358 4856 pias
1369 4785 1473 4853 famas,

840 4880 875 4935 Et
886 4879 923 4934 cb
935 4880 990 4934 hoc
1005 4876 1155 4932 audaciter
1170 4877 1205 4930 ad
1217 4891 1263 4931 me
1278 4875 1321 4930 sic
1336 4873 1493 4929 acclamas.

875 4968 962 5023 Modo
979 4968 1004 5020 si
1018 4965 1120 5020 audire
1135 4965 1183 5018 vis
1198 4979 1302 5034 paenas
1318 4978 1391 5017 meae
1410 4961 1515 5016 mentis

840 5055 989 5111 crucifixo
1006 5053 1078 5108 Filio
1094 5068 1158 5107 meo
1178 5051 1370 5117 condolentis,

841 5146 992 5199 Vanitatcs
1006 5142 1103 5213 abjice
1122 5140 1222 5195 cordis
1238 5139 1445 5207 discurrentis,

841 5235 875 5288 Et
890 5235 1016 5287 lamenta
1031 5231 1118 5285 animi
1134 5230 1168 5284 da
1181 5227 1393 5297 compatientis.

876 5323 945 5377 Sine
960 5322 1029 5375 fletu
1043 5320 1138 5373 anima
1153 5318 1218 5372 haec
1228 5316 1329 5372 audire
1345 5316 1414 5384 noli,

842 5413 898 5468 Ubi
916 5425 962 5464 me
972 5410 1016 5462 sic
1031 5406 1157 5476 compati
1172 5404 1257 5460 vides
1271 5420 1344 5459 meac
1360 5405 1446 5475 proli,

842 5500 900 5557 Ubi
915 5499 988 5553 fudit
1002 5497 1147 5567 lacrymas
1163 5493 1269 5548 multas
1285 5492 1394 5548 Factor
1408 5496 1478 5565 poli,

841 5588 899 5645 Ubi
914 5590 1038 5642 mortem
1054 5583 1173 5640 sustulit
1186 5583 1356 5638 Dominator
1372 5584 1438 5638 soli.

876 5677 911 5732 Et
923 5674 1067 5747 inprimis
1081 5672 1216 5745 alloquor
1234 5674 1263 5728 ta
1278 5671 1467 5728 certificando
