3908 6112
63 292 125 359 585
726 285 955 350 opuscula
976 284 1136 349 SPURIA
1730 286 1789 350 586

63 489 174 559 Orita,
195 489 331 545 carnales
344 489 420 543 vitas
433 487 469 542 ad
483 487 607 543 nihilum
626 483 785 557 redigens!
806 467 934 540 ovital
956 500 1061 539 nomen
1070 490 1312 552 tnumnoverunt,
1322 486 1792 561 quoniamnonderclinquisquae

63 582 144 633 certe
156 578 304 633 contraria
314 577 415 631 mundi
424 576 507 632 vitael
521 575 576 641 Qui
589 576 668 630 enim
678 574 740 628 vult
751 576 778 630 te
790 573 900 628 hahere
954 580 1060 628 rentes
1069 579 1107 642 tc,
1120 574 1241 628 Domina
1252 573 1347 643 (Psel.
1361 579 1410 641 ιιι).
1423 574 1508 630 Certe
1521 578 1569 648 qui
1580 586 1702 648 sperant
1712 579 1741 632 iu
1751 582 1787 648 te,

62 682 98 721 se
112 665 239 738 affligat,
259 665 381 721 delicias
394 670 524 736 respuat,
545 665 670 719 delicata
684 677 810 734 quaeque
826 677 897 716 con·
957 660 1111 715 mutabunt
1127 660 1501 731 fortitudinemassumcnt
1510 680 1624 734 pennas
1635 668 1789 744 utaanleu,

63 760 191 826 temnat3
207 758 238 809 et
255 754 304 826 qui
326 754 452 824 amplius
477 752 669 807 mortificatus
686 752 784 819 luerit,
802 757 829 805 te
841 765 900 804 am·
955 755 1078 804 current
1087 756 1117 803 ct
1128 766 1183 805 nou
1193 749 1380 816 laborabunt,
1393 752 1530 806 volabunt
1539 758 1568 807 ct
1584 769 1639 808 non
1650 755 1791 810 deliniant

62 842 143 916 plius
158 842 371 914 possidebit.0
384 842 552 896 vitadivina
565 841 729 896 tortillcaus
745 842 898 911 potestate,
955 837 1026 906 (isa.
1045 840 1105 907 xe).
1122 837 1177 903 Qui
1196 855 1255 893 non
1279 841 1410 909 sperabit
1433 841 1462 894 in
1485 846 1522 911 te,
1542 857 1609 912 quae
1623 847 1652 897 et
1665 843 1791 913 adiuvas

62 933 269 1003 impetratione
280 931 409 986 divinam
418 929 592 1002 sapientiam
600 930 754 998 exhalans,
762 932 791 983 et
801 927 900 982 divina

63 1024 213 1093 vegetam
227 1019 366 1075 bonitate.
382 1019 414 1074 Si
428 1019 487 1074 vita
504 1034 569 1073 mea
583 1034 627 1087 es,
640 1033 693 1073 cur
707 1032 766 1072 non
781 1031 901 1086 semper

62 1112 191 1181 vegetas
203 1109 293 1164 vitam
305 1109 420 1164 meam?
440 1107 513 1174 Quis
529 1107 600 1161 mihi
612 1107 722 1161 tribuat
736 1108 766 1159 ut
782 1120 901 1174 semper

63 1197 214 1270 gaudeam
227 1196 371 1252 henallcio
385 1195 477 1267 hujus
489 1196 578 1250 ritaet
590 1194 723 1250 dulcedo.
740 1195 818 1249 Vere
832 1193 901 1248 dul-

64 1285 156 1353 cedo,
182 1301 240 1357 qua
261 1284 484 1339 amaritudinem
507 1288 696 1354 peccatorum
717 1281 900 1352 impetrando

64 1373 204 1445 expellis,
216 1389 283 1445 qun
298 1372 385 1428 uobis
398 1373 549 1428 dulcorem
564 1373 668 1444 gratiae
682 1372 824 1443 acquiris,
835 1385 901 1441 quae

956 925 1151 998 desperatos?
1162 927 1196 982 Et
1208 929 1277 999 quis
1289 944 1347 982 nou
1359 929 1569 999 sperabitinte‚
1577 935 1792 1006 propterquam

957 1014 1102 1070 exauditae
1114 1018 1183 1070 sunt
1193 1031 1298 1086 preces
1307 1022 1433 1088 patrum,
1441 1020 1790 1091 oraculaprophetarum,

956 1107 985 1158 et
999 1118 1101 1159 eorum
1115 1103 1271 1175 adimplete
1285 1107 1461 1176 promisse?
1485 1107 1520 1161 Et
1537 1109 1607 1179 quid
1623 1114 1793 1180 potuerunt,

956 1192 1143 1263 patriarche,
1157 1197 1185 1247 et
1198 1194 1350 1263 prophetea
1374 1195 1555 1264 desiderare,
1569 1197 1704 1267 Domino,
1717 1198 1795 1269 quod

956 1284 1051 1351 perte
1066 1296 1125 1335 non
1141 1282 1250 1336 luerint
1264 1284 1418 1337 assecuti?
1438 1284 1469 1338 Si
1488 1287 1599 1355 antiqui
1616 1303 1669 1355 per
1683 1292 1712 1342 te
1728 1287 1793 1342 haec

957 1365 1054 1424 omnia
1069 1370 1245 1438 habuerunt,
1259 1373 1405 1440 quomodo
1419 1388 1485 1442 nos,
1498 1374 1549 1443 qui
1563 1390 1668 1429 sumus
1683 1377 1735 1429 lilii
1752 1378 1794 1431 tui

63 1464 99 1518 ad
111 1464 292 1519 suavitatem
306 1463 409 1533 patriae
421 1462 552 1517 coelestis
567 1460 800 1531 contemplantes
815 1461 903 1514 iutro·
957 1459 1104 1529 sanguine
1120 1459 1264 1530 unigeniti
1277 1459 1340 1530 jam
1356 1461 1510 1532 redempti,
1530 1478 1587 1516 non
1605 1464 1794 1536 liabcbirnuS,

65 1552 162 1622 ducis,
177 1555 206 1606 et
220 1552 337 1606 demum
350 1552 386 1606 ad
399 1552 494 1622 ipsam
509 1549 722 1621 possidendam
734 1548 867 1603 adducis.
879 1547 903 1602 Ο
959 1546 1039 1617 quod
1052 1546 1237 1602 voluerimus
1252 1549 1424 1619 postulare?
1435 1550 1501 1604 Non
1513 1551 1614 1607 dubito
1626 1553 1704 1622 quod
1719 1552 1745 1607 si
1759 1554 1795 1608 ad

65 1639 161 1695 dulcis
172 1639 404 1712 Domina,cujus
417 1641 481 1694 sela
493 1641 636 1695 memoria
648 1639 785 1694 allectum
798 1636 901 1691 dulce*
957 1638 986 1690 te
1003 1635 1150 1704 vonimus,
1167 1635 1344 1692 habebimus
1366 1638 1444 1708 quod
1469 1639 1616 1695 volumus.
1632 1640 1664 1695 ln
1680 1645 1707 1696 te
1722 1657 1794 1715 ergo

67 1732 119 1798 rat,
137 1728 229 1800 cujus
251 1729 464 1800 magnitudinis
476 1729 625 1783 meditatio
649 1729 777 1782 mentem
796 1726 902 1794 elevat,
960 1727 1070 1794 speret,
1083 1724 1134 1795 qui
1149 1724 1302 1795 desperat;
1314 1726 1364 1796 qui
1376 1726 1484 1795 dellcit,
1496 1728 1532 1782 ad
1549 1731 1576 1783 tc
1592 1734 1691 1784 currat
1706 1732 1795 1786 contl-

69 1816 157 1889 cujus
167 1817 359 1888 pulchritudo
372 1819 490 1873 oculum
502 1818 675 1873 interiorem
690 1815 844 1885 exhilarat,
857 1830 904 1868 cu·
918 1838 943 1899 Β
959 1811 1082 1880 deuter,
1098 1812 1135 1866 ad
1150 1816 1178 1866 te
1193 1818 1292 1868 vcnrat
1306 1815 1355 1885 qui
1371 1815 1434 1869 vult
1449 1816 1560 1886 aliquid
1574 1817 1733 1888 impetrare
1748 1820 1797 1874 di-

66 1905 114 1977 jna
126 1906 309 1962 amoenitetis
321 1905 503 1961 immensitas
515 1922 568 1961 cor
583 1904 750 1961 meditantis
762 1899 902 1961 inebriati
959 1901 1053 1955 cende
1067 1916 1073 1956 :
1090 1901 1192 1955 Salve.
1203 1901 1276 1967 Quis
1293 1918 1310 1956 a
1325 1907 1373 1958 tua
1389 1904 1565 1960 salutatione
1576 1905 1730 1962 decaetero
1742 1923 1798 1963 noe

68 1994 246 2061 ODomiua,
262 2011 330 2066 quaa
352 1995 433 2066 rapis
452 1995 541 2050 corda
563 1995 684 2051 dulcore
701 1997 766 2064 tuo,
783 1997 811 2048 et
826 2007 904 2047 nunc
959 1990 1068 2059 poterit
1083 1989 1258 2061 prohibere,
1278 2006 1315 2045 ex
1327 2007 1386 2062 quo
1403 1994 1447 2046 sic
1462 2009 1496 2047 es
1512 1994 1605 2048 llater
1619 1997 1648 2049 et
1663 1995 1797 2080 Domina,

68 2098 241 2153 cormeum,
249 2082 530 2154 Domina,rapuisti;
543 2088 571 2138 et
583 2083 644 2154 ubi,
654 2098 769 2155 quaeso,
777 2081 905 2152 posuisti

69 2171 156 2241 illud,
168 2174 202 2227 ut
214 2172 312 2242 ipsum
323 2172 437 2226 valeam
458 2171 616 2226 inveniret
636 2172 776 2242 Nunquid
791 2172 822 2225 in
837 2171 906 2224 sinu

69 2258 907 2332 tua,utmeipsuminreniam,collocasti?Nunquidioter

68 2351 115 2403 tua
131 2349 228 2404 ubera
244 2349 396 2419 posuisti?
415 2348 547 2404 fortusse
562 2348 612 2404 uhi
625 2349 752 2418 posuisti
772 2347 858 2414 illud,
876 2349 906 2401 ut

68 2439 146 2509 quod
159 2436 317 2509 friguerat,
332 2453 434 2493 amore
448 2441 496 2492 tuo
510 2452 691 2492 succensum
705 2437 830 2504 calcllal,
845 2440 875 2489 ut
890 2453 906 2489 a

67 2531 95 2582 te
103 2529 234 2598 nequeat
245 2527 388 2596 separari.
396 2525 420 2580 Ο
428 2528 558 2596 rapalrix
569 2524 718 2580 cordiuml
730 2525 853 2589 Quando
864 2541 907 2578 rc·

68 2616 178 2671 stitues
187 2615 263 2669 mihi
277 2632 328 2668 cor
341 2617 458 2670 meunr‘?
470 2615 565 2680 Quare
577 2616 621 2668 sic
631 2615 719 2668 corda
730 2614 905 2682 simplic-ium

963 2078 1037 2145 vita,
1064 2079 1188 2134 dulcedo
1202 2085 1232 2134 el
1252 2095 1323 2151 spes
1343 2084 1473 2135 nostrat
1499 2079 1572 2145 Quis
1590 2099 1663 2155 ergo
1684 2100 1722 2139 ex
1741 2100 1800 2155 quo

963 2167 1077 2238 Regina
1093 2183 1141 2237 es,
1166 2184 1183 2221 a
1200 2171 1247 2222 tua
1264 2170 1430 2223 reverentia
1447 2187 1501 2225 nos
1515 2172 1622 2240 poterit
1635 2172 1800 2242 impedire?
1884 2225 1887 2231 .

961 2254 1800 2325 Nonsolumhominee,scduniversaeetiamcreuturmto

961 2342 1140 2398 Genitricem
1157 2344 1208 2397 llei
1225 2346 1362 2398 salutent..
1382 2346 1537 2416 Universa,
1557 2349 1689 2413 bomine,
1702 2365 1755 2417 per
1772 2354 1799 2403 tc

962 2436 1030 2486 suut
1045 2436 1219 2498 restaurata,
1230 2439 1258 2485 ct
1270 2450 1357 2487 surun
1368 2432 1557 2488 Criinlitorcrn
1572 2452 1624 2505 prr
1636 2441 1663 2489 le
1676 2452 1798 2504 recupe-

963 2524 1029 2575 rant
1044 2521 1194 2587 universa,
1216 2525 1245 2573 ut
1267 2522 1326 2574 sibi
1342 2522 1440 2575 dcl-‚ilo
1456 2524 1558 2576 culino
1575 2525 1633 2578 sint
1650 2526 1795 2594 subiecta.

961 2608 1049 2663 Certe
1065 2610 1170 2663 mirum
1186 2610 1303 2662 videtur
1321 2612 1398 2679 {quod
1420 2616 1497 2665 lllltts
1526 2618 1652 2666 ummius
1670 2620 1801 2667 ‹tus-suta

70 2704 174 2774 rapis?
187 2702 286 2768 Quare
300 2703 484 2774 violentiam,
503 2705 561 2758 imo
581 2703 814 2758 benevolentiam
833 2703 906 2755 luris
963 2703 1011 2751 tua
1022 2699 1288 2769 salutationc,quin
1299 2715 1416 2767 scirqrer·
1427 2706 1454 2753 lc
1465 2703 1645 2754 laudaturum
1660 2709 1800 2771 ternpore,

68 2792 199 2848 amicis?
218 2792 359 2864 Nunquid
370 2792 416 2847 vis
430 2794 528 2863 ipsum
548 2793 668 2847 tenere?
682 2791 755 2846 Cum
771 2791 842 2845 illud
854 2808 869 2844 a
880 2794 908 2845 te
964 2789 991 2840 ct
1006 2788 1122 2842 salutet.
1145 2789 1202 2841 Sed
1219 2789 1288 2857 quial
1305 2790 1350 2841 est
1370 2794 1396 2843 lc
1413 2791 1458 2842 bis
1474 2791 1619 2857 salutare,
1643 2793 1699 2845 nisi
1723 2798 1749 2846 te
1773 2795 1805 2847 ut

67 2880 202 2952 postulo,
213 2879 284 2935 mihi
299 2880 431 2951 arrides3
447 2884 476 2936 et
489 2881 587 2936 statim
601 2885 651 2935 tua
667 2880 822 2934 dulcedine
835 2894 908 2934 con·
965 2874 1118 2929 Dominam
1133 2877 1307 2946 angelorum
1319 2881 1346 2932 et
1356 2877 1506 2932 hominum
1518 2882 1672 2934 revereri?
1684 2881 1718 2934 lit
1730 2882 1801 2951 quid

69 2969 189 3039 sopitus
202 2970 338 3040 quiesco,
359 2985 426 3023 rum
442 2971 472 3024 in
485 2986 530 3025 me
544 2985 696 3038 reversus,
710 2969 816 3024 iterum
837 2968 909 3023 illud
964 2966 1010 3018 est
1027 2964 1150 3018 salutem
1167 2965 1321 3034 replicare,
1338 2966 1396 3020 nisi
1422 2967 1473 3020 tibi
1496 2969 1561 3021 sine
1583 2969 1640 3022 line
1660 2984 1802 3024 reveren·

69 3056 202 3130 postulo,
219 3071 268 3112 me
282 3056 473 3127 amplexaris,
491 3057 673 3126 dulcissima,
691 3059 719 3111 et
732 3057 831 3111 statim
843 3058 908 3111 inc·
965 3051 1033 3106 tiam
1048 3053 1210 3107 exhiberet
1226 3054 1301 3118 Quid
1318 3058 1363 3108 cst
1379 3059 1405 3108 tc
1420 3056 1550 3111 salutare
1561 3061 1589 3109 et
1601 3057 1708 3112 iterum
1725 3058 1804 3113 salu·

68 3145 157 3202 hrior
164 3148 217 3200 tuo
225 3146 428 3201 amoreNunc
438 3161 596 3201 cormeum
605 3160 664 3201 non
674 3145 907 3200 discernuatuo.
964 3142 1038 3212 tare,
1049 3141 1106 3196 nisi
1121 3141 1256 3210 salutem,
1271 3147 1300 3196 ct
1314 3143 1420 3197 salutis
1435 3145 1630 3213 prolectume
1647 3149 1685 3212 te,
1701 3146 1803 3201 Domi-

70 3233 136 3290 Nee
146 3232 231 3289 aliud
244 3236 345 3305 petere
356 3235 420 3289 scio
431 3250 448 3288 a
458 3239 487 3290 te
497 3235 554 3290 nisi
565 3238 657 3291 tuum.
671 3234 739 3304 Sed,
750 3250 853 3307 exquo
865 3236 909 3289 sic
965 3246 1003 3284 na
1018 3231 1188 3301 postulare?
1203 3231 1277 3295 Quid
1292 3231 1457 3286 salutamus
1469 3234 1612 3288 etiterum
1626 3235 1800 3304 salutamus,

69 3326 118 3379 aet
127 3337 291 3380 cormeum
300 3327 352 3379 tuo
362 3339 462 3380 amore
472 3323 659 3392 inebriatum,
668 3329 717 3380 tuo
727 3340 829 3379 amore
839 3339 908 3379 con·
964 3319 1025 3374 nisi
1039 3323 1070 3375 ut
1085 3323 1142 3373 tam
1157 3320 1283 3375 interius
1294 3337 1382 3391 quam
1396 3324 1529 3376 exterius
1543 3338 1599 3393 per
1614 3327 1653 3391 te,
1667 3323 1801 3394 Domina,

70 3412 502 3485 sopitum,guhernacumtuo,
514 3412 585 3468 etin
598 3413 910 3485 sauguinehgnicon·
965 3408 1125 3463 salubriter
1140 3409 1367 3464 custodiamur?
1387 3410 1462 3474 Quid
1482 3416 1543 3480 cet,
1567 3412 1675 3484 saluto,
1695 3418 1724 3468 et
1746 3413 1802 3468 ite-

70 3515 162 3557 aarra
177 3505 207 3556 et
221 3502 251 3556 in
265 3500 360 3557 latere
372 3502 424 3556 lilii
434 3503 475 3557 tui
484 3503 606 3573 colloca,
615 3506 646 3557 ut
655 3503 751 3558 solum
762 3517 828 3573 quea
838 3518 909 3556 een·
965 3514 1046 3568 rum,
1068 3498 1177 3569 saluto,
1200 3500 1260 3553 nisi
1285 3500 1352 3571 quia
1373 3504 1431 3555 tuae
1447 3503 1624 3557 reverentiae
1646 3507 1803 3574 utrumque

70 3589 112 3645 tia
126 3590 251 3658 sentiat,
270 3592 300 3645 et
321 3590 418 3646 solum
440 3590 543 3663 diligat
564 3606 631 3662 quae
651 3595 681 3646 tu
701 3607 793 3655 amas,
808 3605 867 3646 nou
880 3591 910 3646 in

71 3680 165 3748 terra,
183 3679 284 3735 sedin
300 3678 375 3736 caelo
397 3681 436 3734 sit
455 3683 562 3735 tecum.
583 3677 621 3735 Ol
644 3679 762 3734 beatum
782 3696 834 3735 cor
849 3682 908 3750 est,

72 3767 121 3822 cui
135 3766 298 3823 detumeat
312 3783 441 3839 semper,
453 3768 499 3823 rel
513 3768 598 3839 quasi
614 3784 744 3838 semper,
757 3769 911 3823 Dominam

72 3855 229 3920 meditari:
242 3856 290 3912 cui
302 3856 402 3911 datum
422 3860 469 3913 est
488 3873 609 3929 semper
625 3857 702 3913 inter
715 3857 837 3912 delicias
851 3858 910 3912 Do-

73 3943 145 3998 mini
155 3944 296 4016 gloriari;
309 3960 425 4001 necnon
434 3947 559 4016 compati
571 3945 636 4000 Filii
648 3944 913 4017 passioniomira·

72 4031 910 4104 hiliaatamabiliscordisdulcedo,cuicaeteraetpatrem,

72 4123 199 4177 matrem
206 4121 331 4191 attilius,
339 4121 428 4178 velea
435 4138 503 4194 quae
511 4123 548 4176 ad
556 4123 640 4192 ipsos
649 4126 792 4194 spectant,
800 4122 913 4177 letidis-

73 4206 912 4280 aimaclamaravidentur.0dulcissimaDomina,dulcis·

74 4295 325 4353 aimumlructum
333 4297 909 4369 habeus,dulcissimecordaattrahans,

61 4384 251 4441 -dnloiseima
265 4387 342 4442 bona
360 4386 503 4459 largiens,
518 4387 691 4443 dulcissima
704 4403 830 4460 qumque
841 4404 911 4458 pro-

74 4472 206 4544 mittens,
219 4472 395 4530 dulcissima
408 4476 497 4531 corda
511 4481 542 4532 tu
556 4477 703 4532 rcddia.O
717 4493 805 4549 quam
815 4477 911 4532 dulcis

965 3586 1115 3642 bominem
1126 3589 1263 3658 expono?
1277 3588 1317 3643 Ut
1331 3589 1401 3660 quid
1415 3605 1505 3659 porro
1519 3595 1547 3645 te
1560 3591 1697 3662 salutavi,
1710 3595 1739 3647 el
1751 3592 1803 3648 ite·

967 3693 1032 3732 rum
1056 3676 1197 3745 salutavi,
1219 3677 1279 3731 nisi
1303 3681 1333 3732 ut
1356 3693 1409 3748 per
1434 3683 1461 3733 te
1482 3680 1575 3735 ileum
1595 3686 1623 3735 et
1643 3681 1802 3754 hominem,

966 3768 1026 3821 nisi
1041 3768 1072 3820 ut
1087 3770 1183 3837 perte
1198 3771 1280 3820 tuum
1295 3766 1401 3821 Filium
1417 3770 1626 3837 possiderem?
1637 3770 1713 3835 Quid
1728 3770 1805 3825 salu·

966 3856 1025 3909 tavi
1040 3859 1079 3924 te,
1095 3856 1153 3909 nisi
1177 3859 1208 3909 ut
1230 3855 1386 3910 redderem
1408 3858 1444 3911 ad
1467 3874 1531 3912 mea
1547 3862 1615 3915 vota
1630 3861 1802 3930 accinctam,

966 3945 1115 4000 etiterum
1131 3944 1267 4012 salutavi,
1285 3944 1343 3997 nisi
1369 3948 1401 3999 ut
1422 3962 1548 4016 propera
1561 3963 1649 4003 essee
1661 3950 1697 4005 ad
1714 3949 1805 4021 perli-

966 4033 1092 4089 cienda?
1117 4032 1175 4086 hut
1198 4036 1277 4086 certe
1292 4033 1387 4102 primo
1404 4035 1553 4090 voluimus
1569 4037 1712 4107 salutare,
1726 4043 1758 4095 ut
1777 4043 1804 4095 te

966 4120 1242 4177 commendaremus
1252 4139 1260 4185 ;
1281 4121 1412 4175 secundo
1429 4128 1460 4176 ut
1477 4126 1547 4192 post
1560 4124 1637 4178 hanc
1654 4127 1805 4182 miseriam

966 4210 1033 4266 Filii
1048 4211 1088 4265 tui
1105 4210 1198 4282 gloria
1213 4211 1424 4280 gauderemus.
1436 4211 1536 4266 Primo
1551 4228 1595 4280 ea,
1607 4213 1739 4284 Domina,
1753 4231 1804 4269 sa-

966 4300 1093 4368 lutanda,
1105 4304 1135 4353 ut
1146 4313 1198 4369 per
1213 4304 1240 4352 te
1257 4298 1381 4370 gratiam
1398 4299 1609 4371 impetremus;
1620 4303 1764 4374 secundo,
1773 4303 1805 4359 ut

966 4405 1019 4460 per
1032 4393 1060 4443 te
1075 4388 1111 4442 ad
1127 4387 1252 4458 gloriam
1268 4389 1434 4442 veniamus

1001 4473 1028 4530 5.
1051 4477 1101 4532 Ad
1116 4482 1154 4545 tc,
1171 4478 1343 4547 adterere,
1361 4478 1430 4549 quia
1446 4483 1491 4546 tu,
1515 4480 1648 4547 Domina,
1670 4483 1761 4537 Deum
1776 4484 1806 4537 ot

74 4561 350 4631 annominemus!
365 4563 478 4620 Ooerte
492 4580 580 4636 quam
592 4566 699 4630 dulcis,
710 4569 836 4636 etquam
849 4556 947 4620 dul-D
967 4566 1115 4621 hominem
1142 4568 1270 4640 genuisti
1284 4583 1291 4637 3
1317 4571 1347 4621 tu
1372 4569 1446 4640 sola,
1474 4571 1608 4639 licutino,
1634 4572 1805 4626 lraereticnm

75 4650 237 4707 cissimain
244 4651 370 4720 deliciis,
378 4653 551 4708 dulcissima
558 4653 671 4709 habens
681 4654 772 4708 ubera
783 4656 910 4725 pietatis,

76 4744 107 4795 ot
121 4754 238 4795 summe
252 4738 422 4796 henedictal
444 4742 527 4797 Tunc
541 4757 687 4813 assequar
699 4758 765 4813 quae
781 4744 909 4813 intendo,

75 4832 147 4884 tunc
159 4829 322 4899 possidebo
337 4830 415 4901 quod
426 4846 526 4902 spero,
538 4832 606 4902 quin
622 4835 653 4888 tu
665 4848 698 4887 cs
714 4848 784 4904 spes
797 4839 910 4889 nostra.

112 4916 220 4974 Nonne
235 4921 266 4973 tu
284 4932 317 4972 es
335 4917 459 4974 Domina
482 4921 592 4991 regni?
610 4936 706 4975 nonne
721 4924 752 4975 tu
767 4936 801 4975 es
819 4922 912 4975 hlatcr

73 5006 204 5076 premii,
217 5005 334 5061 scilicet
343 5004 464 5077 Christi,
475 5007 525 5078 qui
537 5009 585 5063 est
599 5011 751 5079 praemium
766 5010 911 5064 bonorum

75 5093 444 5151 aebeatorumiNonnetu
453 5111 488 5151 es
496 5111 563 5167 quae
573 5112 628 5152 nos
638 5098 909 5153 tantumdesideras

76 5180 225 5236 exaltari?
239 5181 343 5236 Nonne
353 5183 418 5237 sinc
432 5185 650 5255 comparatione
663 5186 730 5254 plus
743 5203 798 5240 nos
810 5188 911 5259 diligis

75 5272 108 5325 et
123 5268 234 5325 bonum
245 5273 380 5325 nostrum
397 5287 541 5340 procuras
555 5290 642 5344 quam
659 5281 751 5331 mater
765 5277 912 5332 carnalis?

76 5356 111 5413 Si
125 5371 200 5428 crgo
214 5372 270 5414 noe
280 5358 328 5412 vis
339 5357 438 5415 lacere
454 5359 614 5431 gloriosos,
624 5360 682 5417 imo
698 5364 831 5434 quidvis,
843 5364 912 5435 quis

967 4656 1139 4725 pravitatem
1157 4657 1350 4725 inlereniisti;
1376 4660 1406 4712 tu
1430 4660 1492 4714 sule
1509 4678 1543 4714 cs
1562 4661 1682 4715 liciniae
1701 4663 1803 4732 regni,

966 4747 998 4799 tu
1013 4744 1077 4799 solo
1093 4760 1126 4799 es
1141 4744 1335 4816 gubernatrix
1349 4749 1473 4817 praenrii.
1498 4750 1546 4803 ⁴td
1564 4755 1594 4803 te
1609 4756 1730 4803 matrum
1747 4767 1801 4804 uo-

967 4836 1069 4899 stram,
1086 4834 1122 4887 ed
1137 4836 1165 4888 te
1181 4836 1328 4889 nutricem
1352 4843 1495 4904 nostruin,
1520 4838 1555 4891 all
1579 4844 1606 4891 te
1628 4840 1805 4907 aujubircm

967 4926 1108 4988 nostram,
1119 4923 1154 4976 nd
1169 4926 1197 4976 le
1216 4930 1307 4985 reru,
1320 4941 1387 4994 quae
1403 4942 1458 4979 uos
1473 4927 1556 4979 larus
1568 4944 1584 4980 e
1596 4928 1721 4981 laribus
1738 4941 1804 4995 pec·

967 5013 1109 5080 catorum,
1126 5027 1193 5081 quae
1209 5028 1265 5067 nos
1285 5016 1453 5068 consolaris
1468 5017 1555 5068 etium
1571 5016 1600 5069 in
1616 5016 1804 5070 incunabulis

969 5101 1134 5170 vagientes,
1148 5100 1239 5155 lactas
1253 5104 1394 5171 parvulos
1406 5104 1588 5173 esurientem
1602 5106 1660 5158 tuis
1672 5106 1805 5160 brachiis

969 5192 1175 5243 srnlcnhunur
1185 5191 1294 5243 intirnri
1306 5191 1492 5261 detinentem
1510 5201 1539 5246 tu
1551 5210 1620 5248 rere
1634 5195 1805 5248 consolidas

968 5278 1148 5346 vulneratos,
1166 5278 1202 5331 ad
1226 5278 1350 5333 salutem
1377 5281 1513 5348 perducis
1538 5287 1679 5353 aegrotus,
1697 5290 1725 5337 et
1746 5299 1806 5337 non

967 5366 1064 5420 solum
1080 5371 1172 5420 ninter
1186 5371 1213 5422 ct
1227 5367 1340 5435 nutrix,
1358 5369 1413 5422 sed
1434 5369 1521 5423 etiem
1546 5372 1660 5425 triadica
1676 5371 1751 5426 lectu
1768 5390 1803 5426 es

75 5444 457 5517 poteritprohihaietouid
465 5450 543 5504 enim
552 5449 645 5504 hahes
655 5450 733 5505 aliud
744 5451 842 5507 facere
853 5453 913 5507 nisi
967 5454 1161 5525 miserorum,
1177 5471 1243 5526 quaa
1259 5473 1316 5509 ιιιιιι
1334 5456 1522 5528 derelinquis
1539 5459 1801 5530 derelinquentes,

75 5533 187 5590 Filium
201 5534 369 5592 exhibere?
388 5535 455 5607 lpse
478 5541 525 5592 est
546 5538 693 5609 rneritum,
715 5543 743 5595 et
757 5543 912 5612 praemium
966 5559 1033 5616 quaa
1050 5546 1158 5615 recipis
1174 5545 1332 5616 fugientes,
1350 5563 1416 5616 qiua
1432 5563 1465 5601 es
1480 5549 1606 5621 Regina,
1621 5551 1795 5619 Imperatria

74 5622 364 5696 ametgloria
373 5628 476 5681 nostra
485 5628 542 5697 est,
552 5625 681 5698 Sperent
690 5629 802 5702 ergoiu
815 5636 854 5701 te,
864 5632 914 5703 qni
967 5635 996 5688 et
1011 5633 1134 5690 Domina
1143 5633 1401 5707 angelorumque
1413 5635 1797 5703 blandimentisnosallicis,

161 5781 442 5850 Pamncxldx
1590 5795 1645 5881 ili
