3900 6112
103 288 193 355 '1⁰01

787 286 964 352 DlALOGl
981 320 1016 337 -
1039 287 1118 351 LIB.
1142 288 1187 352 ΙΙΙ

1760 295 1840 362 1002

110 505 167 561 pro
183 491 303 559 recepta
322 487 447 542 sanitate
471 487 584 559 gratias
600 487 747 554 reterens,
763 487 800 543 ob
825 469 1090 542 retribu-Arunt:
1114 503 1240 559 cumque
1269 489 1412 544 salutatos
1428 506 1480 545 eos
1509 492 1643 548 studiose
1672 495 1841 565 quiessent

110 580 223 634 tionem
239 578 310 632 tanti
321 576 463 645 muneris,
477 578 763 647 optimosuperejus
779 577 949 646 sepulerum

111 667 213 723 oblato
228 665 328 738 pallio,
345 666 480 737 gaudens
496 666 647 720 discessit.

147 755 184 810 Et
206 756 347 827 quoniam
370 755 405 810 de
420 755 605 810 mirabilibus
621 755 674 809 Dei
691 755 836 824 coepimus
852 755 950 809 iacere

109 846 302 909 mentionem,
316 843 396 915 quod
411 842 687 914 mihiipsieontigit,
701 843 950 913 silentiopraetcr-

110 934 246 990 eundum
260 949 318 988 uon
336 931 417 997 duxi,
434 932 550 986 dicente
571 932 722 1001 Scriptura
738 932 815 1002 quod
840 932 950 985 Secre-

111 1029 174 1078 tum
182 1023 269 1094 regis
277 1021 638 1089 absconderehouumest,
653 1036 742 1090 opera
753 1020 885 1074 veroDei
892 1037 951 1074 ma·

110 1110 263 1166 nil'estaro
271 1108 650 1165 aarevetarelrouorilicum
659 1116 704 1163 cst
714 1108 798 1177 (Tob.
808 1116 867 1177 ιιι).
878 1107 950 1162 Cum

109 1200 189 1254 intra
200 1198 436 1269 annospueritiae
451 1198 617 1267 positus,vi
631 1197 758 1251 febrium
773 1196 948 1251 laborarem.

108 1287 208 1343 beatae
224 1287 374 1341 mamoriae
393 1286 535 1355 icaunae,
548 1286 720 1341 reverendae
736 1286 887 1356 dignitatis
906 1301 950 1339 sa·

109 1376 231 1444 cardos,
246 1375 296 1447 qui
310 1380 378 1430 tunc
389 1375 418 1428 in
429 1378 530 1429 nostra
546 1375 752 1430 Beneventaua
769 1375 842 1428 urbe
853 1374 882 1428 in
896 1373 949 1428 Dei

109 1466 238 1520 servitio
267 1462 395 1519 celebris
417 1464 590 1533 habebatur,
608 1463 787 1518 visitationis
804 1463 898 1533 gratia
912 1463 947 1516 ad

108 1568 158 1608 me
173 1568 341 1624 properans
350 1553 439 1606 venit.
452 1552 585 1623 Cumque
595 1552 745 1621 paululum
757 1552 948 1605 oumcaeteris

108 1642 163 1712 qui
176 1641 358 1697 advenerant
384 1642 582 1711 consedisset,
599 1645 628 1695 at
650 1657 696 1695 ma
711 1640 915 1695 vehementius
931 1656 947 1692 a

109 1732 238 1786 tertiano
260 1734 329 1802 typo
352 1732 452 1802 urgeri
468 1731 664 1799 eonspioeret,
692 1733 789 1784 motus
806 1729 948 1784 charitate

1008 576 1179 646 inquireret,
1195 577 1305 631 audivit
1319 578 1355 631 ab
1371 579 1415 632 eis
1432 581 1509 650 quod
1520 597 1597 635 uuus
1607 596 1709 636 eorum
1718 583 1838 655 Protus,

1008 664 1161 719 attcrvero
1174 665 1523 736 livacintbusdioerctur.
1541 671 1577 723 At
1592 671 1652 739 itte,
1664 671 1840 742 obstupore-

1008 757 1084 822 ctuS,
1101 770 1154 808 cur
1182 758 1336 809 venisseut
1363 772 1428 811 oum
1454 761 1706 828 percunctaretur,
1731 759 1772 813 illi
1793 760 1840 813 in-

1007 842 1127 912 quiunt:
1150 843 1196 897 nd
1218 845 1334 911 fratrea,
1361 847 1410 916 qui
1436 846 1523 900 hodie
1552 847 1647 900 nostri
1667 850 1840 902 memoriam

1007 934 1103 985 mente
1133 932 1237 987 devota
1267 934 1410 999 recolunt,
1427 935 1591 989 visitandos
1608 936 1753 990 venimus.
1772 935 1842 990 Erat

1007 1019 1127 1074 euimea
1142 1020 1206 1075 dies
1222 1037 1289 1092 qua,
1303 1038 1355 1091 pro
1366 1023 1485 1077 tlhristo
1501 1022 1595 1077 etluso
1612 1025 1769 1095 sanguine,
1785 1026 1844 1095 pal-

1007 1124 1083 1162 mam
1098 1110 1230 1179 martyrii
1245 1111 1311 1179 ipso
1327 1111 1452 1165 donante
1474 1114 1653 1166 urerucruut.
1680 1111 1753 1166 Cum
1768 1127 1841 1184 ergo

1006 1198 1147 1252 attonitus
1157 1198 1305 1267 paululum
1315 1200 1509 1265 substitisset,
1528 1216 1562 1253 ao
1576 1201 1616 1253 illi
1627 1203 1722 1270 coepto
1736 1201 1841 1255 itincre

1006 1287 1840 1359 monasteriumesscntingressi,adserevcr·sus,certius

1006 1376 1084 1445 quod
1095 1375 1539 1448 audieratoognoseorevotens,
1560 1378 1662 1447 rapido
1677 1393 1730 1432 eos
1748 1393 1840 1433 cursu

1005 1465 1205 1534 prosequitur.
1226 1464 1359 1535 Dumque
1377 1482 1429 1520 eos
1447 1466 1505 1520 huo
1523 1467 1652 1536 illucque
1669 1483 1722 1536 por
1735 1482 1838 1521 mona-

1006 1553 1129 1608 sterium
1151 1553 1284 1608 stauliose
1302 1555 1475 1624 requireret,
1506 1570 1540 1607 ac
1562 1554 1680 1608 minime
1703 1555 1837 1609 invenire

1005 1647 1118 1712 posset,
1145 1657 1280 1713 quosque
1297 1643 1354 1696 sibi
1372 1643 1526 1696 obviantes
1546 1644 1730 1714 interrogare
1748 1644 1837 1714 eoepit

1005 1730 1056 1784 ubi
1082 1734 1184 1784 essent
1204 1731 1340 1785 monachi
1359 1732 1407 1802 qui
1436 1731 1522 1785 modo
1556 1748 1657 1786 seeum
1679 1731 1836 1802 loquentes

109 1834 203 1891 quam
217 1834 289 1891 erga
305 1833 353 1873 me
375 1818 513 1886 habebat,
531 1819 671 1887 surrexit,
690 1833 725 1871 ac
740 1817 882 1888 pertusus
897 1831 948 1870 ora
964 1805 989 1866 B
1005 1820 1215 1873 monasterinm
1239 1823 1341 1874 essent
1366 1820 1519 1890 ingressi?
1538 1819 1597 1873 Sed
1621 1819 1662 1873 illi
1679 1820 1791 1873 nullum
1806 1820 1837 1873 in

108 1907 255 1978 lacrymis
276 1908 354 1962 lenta
369 1923 442 1963 vace
462 1907 617 1962 Dominum
642 1908 801 1975 invocans,
831 1922 948 1962 manum
1004 1908 1367 1963 monasteriumintroissc
1382 1907 1581 1977 praeteritlum
1597 1908 1837 1978 seaudissepro·

110 1997 202 2068 capiti
218 2011 283 2052 meo
298 1997 449 2066 imposuit,
461 2000 490 2051 ct
509 1996 613 2064 febris,
624 2011 691 2065 quaa
707 2011 753 2050 me
769 1996 868 2051 acrius
879 1996 951 2051 inle-
1003 1995 1078 2050 lessi
1100 1995 1307 2061 sunt.Quade
1334 1999 1481 2065 rouperto
1502 1996 1588 2050 datur
1619 1995 1754 2067 intelligi,
1783 2012 1836 2051 eos

110 2087 222 2155 stabat,
238 2101 306 2140 mox
321 2084 448 2157 effugata
464 2085 616 2140 discessit.
1001 2085 1052 2155 qui
1063 2085 1343 2155 sibijapparuerant,
1361 2091 1483 2139 sanctas
1499 2085 1644 2154 Martyres
1672 2085 1794 2138 Pratum
1809 2086 1837 2138 ot

147 2173 191 2228 Ea
202 2174 378 2245 etiamsquae
395 2174 494 2228 Leone
509 2174 614 2228 abbate
632 2174 804 2229 monasterii
820 2173 849 2227 S.
867 2173 949 2227 Pauli
1000 2173 1208 2242 Hyacinthum,
1224 2188 1349 2242 quorum
1360 2172 1507 2226 festivitas
1523 2189 1557 2225 co
1573 2173 1619 2226 dio
1630 2172 1837 2227 celebrabatur

112 2261 549 2334 apostoli(tl-l8t,secundoab
559 2263 631 2317 urhe
641 2262 951 2317 Romamilliariooon-
1000 2261 1145 2314 veraciter
1160 2260 1265 2314 fuisse.
1282 2260 1352 2324 Quae
1365 2261 1461 2314 omnia
1473 2260 1576 2314 cadom
1593 2260 1694 2314 ordine
1709 2260 1834 2315 aFirmo

112 2352 219 2420 stituti,
236 2352 528 2407 ubisacratissimum
544 2351 612 2423 ejus
628 2351 948 2422 corpussignisprodi·
1000 2349 1091 2418 hujus
1103 2349 1277 2402 monasterii
1293 2354 1430 2403 veterano
1445 2347 1598 2415 monacho,
1609 2348 1835 2417 nepotcsoilicet

110 2441 232 2513 giisque
252 2456 415 2495 coruscans
430 2443 588 2494 veneratur
607 2444 635 2493 et
664 2440 780 2507 colitur,
803 2440 948 2493 referente
997 2438 1093 2508 ipsius
1116 2438 1199 2503 Adae,
1216 2452 1276 2507 quo
1293 2438 1341 2490 illo
1370 2436 1442 2490 mihi
1460 2437 1561 2490 Itomae
1576 2437 1692 2506 positus
1708 2436 1832 2507 dixerat,

112 2531 254 2601 cognovi,
270 2530 300 2582 in
317 2529 397 2582 calce
413 2527 503 2598 hujus
520 2528 612 2583 libelli
627 2528 761 2582 scribere
773 2528 948 2582 curabolli·
997 2542 1140 2581 reversus
1153 2527 1189 2579 ad
1202 2526 1422 2593 monasterium,
1446 2528 1511 2578 acta
1527 2525 1621 2578 fuisse
1632 2525 1760 2594 percepi.

109 2618 287 2672 cebatenim
298 2617 376 2687 quod
392 2616 451 2671 sibi
470 2617 563 2670 aldam
578 2616 847 2671 reverendissimus
864 2617 947 2670 valde
1034 2615 1092 2668 Hic
1107 2617 1195 2668 tinem
1210 2614 1297 2668 iaciat
1319 2614 1410 2684 hujus
1431 2613 1487 2667 diei
1508 2613 1615 2666 oratio:
1642 2615 1787 2682 quatenus
1804 2613 1833 2667 in

110 2706 278 2761 monachus
294 2709 322 2760 et
337 2710 440 2761 custos
464 2706 601 2761 ecelesiae
622 2704 714 2776 hujus
738 2705 834 2759 nostri
848 2721 948 2759 mona·
996 2703 1109 2759 honore
1133 2706 1279 2758 tantorum
1308 2705 1470 2772 martyrum
1490 2702 1567 2755 liber
1589 2702 1644 2754 iste
1661 2700 1832 2771 conclusus,

110 2795 198 2849 storii
213 2793 346 2848 retulerit
372 2793 439 2864 quia
455 2778 581 2863 quadam
593 2792 651 2862 dic,
668 2792 736 2847 dum
762 2793 839 2847 idem
855 2809 947 2848 vene·
996 2797 1128 2847 recreato
1144 2791 1295 2862 perhujus
1311 2792 1408 2845 noctis
1419 2790 1545 2861 spatium
1561 2789 1833 2857 animo,adcaete1·a

110 2882 216 2938 rabilis
243 2881 335 2935 Adam
351 2886 463 2951 portam
489 2882 658 2936 monasterii
677 2881 713 2935 ad
737 2881 855 2951 aliquod
871 2897 946 2952 opus
997 2897 1063 2952 quae
1082 2884 1194 2936 restant
1209 2882 1379 2934 sanctorum
1397 2880 1479 2944 heta,
1496 2879 1629 2948 ipsorum
1644 2877 1832 2948 omniumque

111 2970 281 3026 laciendum
305 2973 387 3025 esset
404 2985 560 3041 egressae,
576 2968 634 3024 duo
652 2969 783 3040 juvenes
798 2970 827 3022 in
845 2969 947 3025 habitu
990 2969 1315 3038 sanctorumprecibus
1326 2968 1429 3038 adjuti,
1447 2967 1572 3022 fideliter
1587 2965 1752 3021 enarrando
1774 2982 1829 3020 ve-

112 3058 253 3116 monachi
267 3059 325 3113 sihi
346 3058 377 3112 in
397 3058 462 3128 ipso
483 3057 602 3112 introitu
619 3058 790 3112 monasterii
807 3059 945 3113 obviave-
997 3060 1124 3113 niamus.
1800 3068 1803 3073 ·

145 3219 251 3287 (tt-te>
264 3219 456 3290 Argumentis
469 3217 592 3271 loannis
603 3217 692 3271 Bosei
709 3216 809 3271 relatis
822 3217 852 3270 in
867 3217 942 3271 Bibt.
998 3220 1095 3272 monte
1113 3216 1224 3271 Casia..
1237 3232 1300 3285 cap.
1318 3216 1361 3268 ⁶25.
1380 3215 1552 3269 liiraculum
1570 3230 1640 3268 vero
1653 3214 1827 3284 praedictum

111 3290 292 3346 Floriac.de
322 3289 533 3360 jurisdictione
559 3288 729 3342 monasterii
743 3287 842 3342 Sancti
862 3289 944 3342 Pauli
998 3288 1049 3342 SS.
1085 3292 1203 3358 martgr.
1229 3287 1353 3340 Protiet
1375 3285 1530 3355 Hyacinthi
1550 3288 1685 3339 narratur
1704 3285 1824 3339 etiamn

110 3362 147 3416 de
158 3360 385 3430 Urbe,tcmpore
397 3360 506 3414 Leonis
517 3358 643 3427 abbatia,
655 3359 770 3413 cuinam
784 3374 946 3430 congrega·
1000 3359 1098 3413 Leone
1122 3359 1185 3412 Ost.
1212 3359 1241 3411 in
1265 3358 1386 3425 Chron,
1412 3357 1461 3410 lib.
1478 3374 1507 3424 u,
1538 3371 1602 3426 cap.
1617 3357 1661 3417 48,
1679 3358 1707 3410 ct
1723 3357 1828 3410 al’etr.

110 3433 184 3488 tioni
208 3431 349 3485 subesset
371 3431 470 3486 Castu.
492 3447 529 3484 an
544 3446 616 3484 vero
632 3430 776 3496 Cluniae,
792 3431 946 3498 respondit

110 3502 259 3558 lauretus
276 3503 305 3556 in
320 3502 370 3556 lib.
386 3503 427 3556 Dc
444 3501 530 3557 exist.
543 3517 623 3572 corp.
641 3501 734 3556 saneti
749 3500 899 3555 Benedicti
914 3501 944 3554 in

999 3430 1080 3498 litae,
1090 3429 1141 3484 lib.
1159 3444 1215 3484 ms,
1233 3429 1275 3484 [ie
1291 3433 1347 3482 ort.
1359 3430 1519 3499 justorum,
1533 3443 1595 3497 cap.
1607 3426 1651 3481 te.

1441 3639 1817 3653 -ss—

705 3784 910 3896 LlBllll
949 3777 1252 3894 TERTIUS

664 3961 720 4027 Qui
748 3965 795 4015 est
822 3960 859 4014 de
887 3955 1042 4012 miraculis
1064 3955 1139 4010 alibi
1170 3955 1277 4025 gestis.

846 4074 1080 4090 ..ι-,-

144 4175 278 4245 Expletia
287 4174 414 4241 duobus,
424 4174 533 4230 Christi
544 4177 636 4247 gratia
645 4177 811 4241 comitante,
823 4173 942 4241 libellis,

110 4279 189 4337 quos
205 4262 241 4317 de
262 4264 414 4318 miraculis
430 4265 492 4334 Dai,
509 4265 556 4318 vel
573 4266 602 4319 in
618 4265 674 4319 hoc
691 4265 837 4334 coenobio,
850 4264 897 4318 vel
912 4264 942 4316 in

997 4163 1830 4242 legisauctoritatepostpositadivinahumanaqueomnia

998 4261 1205 4322 miscerentur,
1218 4255 1291 4309 adeo
1305 4258 1336 4307 ut
1346 4253 1474 4323 populus
1489 4252 1672 4320 electionem,
1689 4254 1717 4306 et
1734 4267 1831 4306 saeer-

108 4352 169 4408 aibi
184 4351 313 4406 subditis
328 4352 422 4421 cellis,
439 4353 505 4422 ipso
521 4353 664 4424 largiente
688 4355 809 4423 patratis
829 4353 942 4408 deseri·
956 4373 983 4433 D
999 4350 1082 4404 dotes
1112 4343 1374 4412 consecrationem,
1396 4340 1564 4412 donumque
1578 4340 1672 4394 sancti
1688 4339 1827 4411 SpirituS,

109 4441 238 4511 psimus,
254 4441 290 4495 ad
316 4441 515 4496 narrationem
530 4444 605 4496 tertii
621 4443 801 4497 eoncedente
817 4441 940 4496 Domino

107 4528 318 4584 veniamusllt
332 4530 400 4600 quia
416 4533 533 4598 caetera,
546 4547 612 4602 quoe
624 4534 705 4585 extra
734 4530 825 4602 hujus
842 4547 940 4585 mona-

108 4617 195 4672 sterii
211 4616 339 4672 claustra
357 4618 526 4687 factasunt,
544 4635 669 4690 quaeque
685 4621 752 4674 visu
771 4620 818 4674 vel
842 4619 942 4674 auditu

108 4706 308 4777 percepimus,
326 4707 427 4762 inaliis
439 4708 671 4763 duobuslibcllis
686 4709 782 4763 adhuc
794 4708 942 4762 exaranda

111 4799 277 4863 remanent,
294 4811 392 4867 operae
409 4799 536 4867 pretium
547 4798 618 4852 mihi
635 4798 795 4852 videtureb
811 4797 877 4867 ipso
895 4813 941 4851 ca·

107 4884 168 4955 pite
184 4882 943 4957 Ecclesiaeexordiumsumere,siequcposteaseria·

107 4972 162 5027 tim
178 4973 254 5043 stylo
277 4977 475 5044 prosequente
495 4975 531 5028 ad
546 4974 666 5046 singula
682 4975 813 5029 membra
830 4975 941 5028 venire.

143 5062 222 5116 Dum
249 5061 340 5133 igitur
353 5062 410 5132 (aa)
426 5063 605 5135 negligentia
631 5062 817 5118 sacerdotum
829 5061 942 5116 ltaliae

107 5154 193 5207 racto
209 5151 362 5223 religionis
378 5152 636 5220 tramitepeulatim
647 5151 941 5206 devianslabesacta-

103 5243 201 5305 retur,
218 5239 247 5294 in
262 5243 371 5293 tantum
380 5240 454 5294 mata
466 5241 793 5308 cousuetudoadolovit,
805 5243 835 5294 ut
846 5256 940 5295 sacrae

144 5360 204 5431 (49)
229 5364 302 5417 Vide
319 5360 477 5444 Lauretum
492 5365 528 5418 ad
542 5363 652 5446 Chaon.
675 5364 803 5446 Ost.,lib.
823 5382 852 5430 u,
876 5380 940 5434 cap.

107 5434 538 5587 {antealtaria-utut:
557 5435 940 5574 tturutttztaut:

105 5574 830 5719 deturbabitartabaturian

254 5762 384 5822 Parnon.
400 5761 527 5822 CXLIX.

998 4437 1076 4508 quod
1097 4434 1191 4507 gratis
1206 4432 1340 4501 accipere
1358 4433 1386 4484 ct
1401 4429 1576 4484 daredivina
1589 4429 1827 4483 auctoritatesta·

998 4528 1091 4581 tutum
1111 4523 1215 4590 luerat,
1241 4521 1307 4575 data
1325 4520 1502 4589 acceptaque
1516 4533 1569 4588 per
1584 4534 1690 4572 manus
1705 4517 1830 4587 pecunia

997 4615 1077 4670 ducti
1091 4612 1213 4666 avaritia
1238 4609 1417 4672 veudereut;
1438 4607 1476 4660 ita
1492 4608 1542 4660 vix
1557 4607 1695 4678 aliquanti
1712 4606 1829 4661 inveni-

998 4705 1099 4758 rentur
1112 4701 1173 4772 qui‚
1189 4714 1248 4754 non
1260 4697 1351 4768 hujus
1369 4696 1527 4751 Simonicae
1542 4696 1636 4767 pestis
1652 4694 1828 4766 contagione

998 4791 1108 4860 foedati,
1117 4789 1324 4843 mundicoram
1336 4786 1398 4840 Deo
1409 4790 1555 4855 praecepta
1564 4784 1826 4839 Dominioaobser·

996 4884 1101 4935 vantes
1132 4879 1303 4932 existerent.
1334 4875 1433 4945 ltaque
1448 4888 1515 4927 eum
1530 4873 1638 4944 vulgus
1655 4871 1831 4927 elericorum

996 4969 1140 5040 perviam
1155 4963 1436 5021 elirenataeliccutiaa
1452 4962 1567 5015 nemina
1578 4961 1830 5032 prohibentegra·

997 5058 1124 5125 daretur,
1142 5057 1296 5123 caeperunt
1311 5053 1368 5121 ipsi
1379 5049 1545 5120 presbyteri
1561 5065 1594 5103 ac
1610 5048 1752 5104 diacones
1767 5049 1831 5121 (qui

997 5147 1102 5201 traditu
1116 5144 1363 5199 sibisaeramouta
1380 5138 1531 5193 [lominica
1552 5138 1660 5192 mundo
1677 5139 1766 5192 eorde
1778 5154 1829 5194 ca-

998 5226 1830 5307 stoquecorporetractaredebebant)laicorummoretitl)

998 5361 1073 5415 culis
1097 5358 1270 5421 invaluerat,
1288 5356 1316 5407 et
1345 5351 1494 5421 praecipue
1510 5350 1540 5404 in
1555 5349 1720 5421 Germania,
1737 5355 1768 5406 ut
1783 5353 1830 5407 in-

998 5435 1136 5486 cestuosa
1144 5426 1284 5497 conjugia
1292 5423 1392 5478 cleriei
1405 5437 1464 5475 nou
1473 5424 1583 5475 tantum
1594 5423 1711 5490 publiea
1722 5423 1830 5477 inirent

996 5504 1051 5560 sed
1067 5507 1094 5556 ct
1112 5495 1367 5570 impudentissime
1390 5498 1619 5564 propugnarent,
1638 5510 1704 5548 eum
1727 5509 1830 5549 amnes

1017 5590 1070 5630 ene
1086 5587 1140 5642 per
1164 5569 1301 5623 vitiorum
1317 5565 1440 5635 abrupta
1455 5564 1623 5634 praecipites
1639 5568 1668 5620 et
1692 5568 1829 5636 tanquam

996 5592 1123 5702 furentis
1139 5641 1206 5714 equi
1217 5654 1271 5711 per
1285 5637 1466 5709 voluptatum
1482 5650 1606 5690 suarum
1621 5650 1741 5705 campas
1755 5634 1877 5756 iero-¹

1641 5749 1679 5806 82
