3908 6112
110 264 192 330 1035·

781 266 1017 330 GUILLELMI
1043 268 1169 332 APULI

1765 269 1843 337 10³6

110 463 253 534 Corpora,
271 480 337 536 quae
349 466 461 536 campis
477 468 506 520 ct
524 465 610 537 aquis
625 465 776 522 inhumata
793 465 945 539 jacebant.
957 447 990 512 Α
1003 463 1089 522 Nunc
1105 465 1281 537 hi,nuncilli
1297 466 1594 541 fugiuntqnefugant
1605 484 1664 542 que
1684 469 1836 543 fugantem

109 552 183 607 Cum
198 553 312 609 Graecis
329 554 451 607 aderant
465 554 594 624 quidam,
604 570 680 626 quos
695 558 847 625 pessimus
863 570 948 611 error

112 640 237 696 Fecerat
252 645 396 711 amenteS,
413 645 441 697 et
455 643 490 698 ab
510 643 576 713 ipso
597 660 703 698 nonren
719 644 876 713 habebant,

114 730 204 784 Plebs
220 731 296 785 solet
309 731 367 784 ista
382 731 497 785 Patrem
506 748 572 786 cnm
580 732 698 787 Christo
711 733 950 804 dicerepassum,

111 818 146 873 Et
162 819 251 874 fronti
267 819 360 890 digito
376 819 495 891 signum
512 820 610 875 crucis
625 821 765 891 imprimit
791 838 859 892 nno,

113 907 180 961 Non
191 908 277 962 aliam
294 908 359 962 Nati
372 923 530 977 personam
545 925 633 979 qnam
650 910 745 965 Patris
761 927 841 981 esse,

112 996 196 1050 Hanc
212 997 299 1052 etiam
315 996 408 1051 sancti
420 996 595 1067 spiraminis
612 1014 682 1054 esse
705 1000 861 1055 docebant.

112 1084 150 1138 Hi
165 1083 253 1139 simul
265 1085 301 1138 ad
316 1085 425 1140 bellum
441 1090 611 1156 properant,
629 1103 713 1143 mens
729 1091 866 1145 omnibus
883 1106 950 1160 una,

113 1174 210 1242 Vires,
227 1189 302 1246 quas
318 1174 443 1228 blicbael
459 1175 610 1245 amiserat,
628 1179 659 1230 ut
673 1183 856 1248 reparentur.

115 1261 200 1317 Hunc
215 1264 312 1316 tamen
327 1278 397 1317 esse
414 1262 518 1319 ducem
535 1269 614 1319 vetat
628 1265 754 1335 amplius
770 1267 898 1340 agminis

236 1353 240 1359 ’
756 1354 880 1428 [hujus,

115 1439 233 1509 Imperii
249 1438 306 1494 suh
322 1455 379 1510 quo
398 1443 511 1498 romani
521 1460 592 1499 cura
607 1445 757 1514 manebat,

116 1528 224 1582 Contra
234 1527 433 1600 Normanu0S,
449 1532 517 1602 quia
554 1533 666 1588 nullum
691 1534 898 1604 prosperitatis

114 1615 297 1671 Successum
327 1619 461 1688 obtinuit,
487 1619 582 1691 jubet,
601 1621 794 1694 Exangustus
813 1627 844 1677 ut
859 1623 951 1696 hujus

113 1704 254 1759 Officium
270 1706 385 1776 subeat,
403 1708 519 1763 Danaos
536 1710 678 1780 inpraelia
693 1712 790 1766 ducat.

115 1793 230 1848 Dicitur
244 1794 323 1849 hunc
338 1796 433 1851 vietor
448 1798 591 1868 genuisse
608 1799 736 1854 Basilius
747 1799 806 1869 ille,

115 1881 172 1947 Qui
186 1881 260 1938 duce
277 1884 333 1938 sub
348 1884 424 1939 Melo
440 1885 539 1941 Gallos
555 1887 624 1941 dare
636 1892 720 1961 terga
735 1890 841 1962 coegit.

117 1971 187 2026 lade
202 1971 276 2026 redit
291 1972 406 2027 Siculas
418 1973 542 2029 blicbael
559 1976 729 2032 Dochianus
744 1979 781 2032 ad
796 1994 877 2035 oras.

119 2055 312 2132 Exaugustns
329 2076 391 2130 eos,
405 2079 531 2133 quorum
545 2064 603 2118 sibi
617 2066 723 2121 tradita
738 2083 809 2122 cura
822 2071 878 2138 est,

118 2149 227 2204 Taliter
241 2150 402 2221 alloquitur
419 2167 424 2208 :
442 2153 602 2208 Prudentia
617 2159 716 2210 vestra
731 2156 810 2210 virili

117 2237 289 2293 Conditione
305 2239 411 2310 vigens
427 2256 485 2295 non
501 2257 555 2296 ros
570 2243 716 2312 permittat
735 2245 844 2301 babere

118 2325 176 2382 Cor
190 2326 342 2395 muliebre,
362 2328 427 2384 viri.
445 2328 516 2395 Quae
538 2346 593 2385 vos
613 2331 730 2403 ignavia
746 2349 864 2405 semper

117 2416 203 2488 Cogit
217 2416 291 2471 inire
312 2416 435 2488 fugam?
455 2434 601 2475 memores
626 2424 721 2477 estote
737 2423 879 2494 priorum,

117 2504 248 2570 Quorum
276 2507 437 2562 strenuitas
459 2510 549 2562 totum
565 2509 623 2565 sibi
639 2510 769 2566 subdidit
785 2512 897 2569 orbem.

118 2593 230 2648 Hector
243 2593 386 2650 Achilleis
403 2596 587 2652 fortissimus
602 2599 709 2653 occidit
724 2601 826 2656 armis.

118 2681 209 2753 Troja
229 2682 382 2737 Michaenei
399 2683 455 2755 (30)
471 2687 529 2740 ruit
548 2686 670 2757 ignibus
688 2693 753 2743 usta
769 2689 899 2762 furoris3

119 2770 244 2841 Philippi
261 2774 388 2842 quantus
404 2773 491 2829 luerit
506 2775 601 2846 vigor,
615 2776 696 2831 India
711 2778 809 2844 novit3

119 2860 218 2932 Hujus
235 2861 401 2916 Alexander
415 2864 516 2933 proles
531 2863 695 2919 fortissima
710 2882 807 2922 nonne

119 2949 217 3006 Fortia
225 2950 384 3006 multorum
400 2951 529 3024 subjecit
544 2967 636 3025 regna
651 2954 812 3028 Pelasgis?

118 3039 256 3095 Partibus
272 3040 415 3111 occiduis,
433 3042 605 3097 Graecorum
620 3042 698 3098 fama
714 3045 811 3100 timori

118 3128 262 3184 Omnibus
276 3133 305 3186 et
320 3131 421 3185 mundi
443 3132 618 3203 regionibus
637 3148 706 3188 esse
720 3134 844 3190 solebat.

118 3218 189 3284 Quae
204 3234 291 3291 gens,
303 3219 401 3274 audito
416 3219 589 3276 Graecorum
605 3222 732 3290 nomine,
750 3226 829 3279 stare

118 3308 253 3363 Audebat
268 3310 454 3380 campotvix
469 3311 584 3381 oppida,
603 3316 710 3377 castra,
734 3312 780 3368 vel
794 3313 885 3369 urbes

119 3396 293 3452 Reddebant
302 3400 382 3452 tutos
397 3399 433 3452 ab
449 3415 550 3453 eorum
562 3399 676 3454 viribus
693 3400 813 3470 hostas;

118 3485 208 3555 State,
226 3501 341 3556 precor,
359 3486 457 3556 validi,
474 3503 622 3542 memores
647 3489 767 3543 virtutis
782 3491 879 3561 avita,

118 3574 351 3645 Degeneresque
380 3575 486 3645 pedum
501 3592 560 3631 non
574 3592 630 3631 vos
645 3576 751 3631 fiducia
767 3578 878 3635 reddat.

118 3662 205 3717 Hosti
221 3663 321 3719 adimit
332 3664 411 3718 vires
427 3664 477 3735 qui
490 3668 569 3719 stare
581 3665 707 3720 viriliter
721 3666 817 3722 audet.

118 3752 278 3807 Procurate
289 3753 375 3823 sequi
391 3753 518 3825 vestigia
533 3755 628 3824 prima
644 3757 807 3825 parentum.

117 3842 182 3896 lam
192 3841 263 3913 fuga
273 3841 427 3913 displiceat
442 3885 448 3911 ,
464 3846 543 3897 totus
554 3859 609 3897 vos
625 3845 734 3898 sentiat
744 3845 825 3901 orbis

117 3931 223 3987 Fortes
239 3945 308 3985 esse
322 3932 415 3986 viros
426 3932 493 3987 Non
508 3936 554 3987 est
569 3932 605 3986 ad
620 3931 699 3987 bella
714 3934 861 3990 timendus

1002 554 1135 625 Cumque
1148 554 1198 609 diu
1213 571 1342 628 pugnam
1356 555 1449 611 Gallis
1463 556 1643 627 patientibus
1659 557 1737 630 Argi

1002 643 1121 698 Acriter
1135 644 1289 713 instarent,
1304 644 1434 700 victores
1447 644 1510 716 jam
1526 661 1618 718 prope
1634 645 1715 716 facti,

1001 733 1169 803 Proripitur
1184 733 1282 789 subito
1296 734 1411 789 medios
1425 735 1561 790 Galterus
1578 736 1607 789 in
1622 735 1750 795 hostes:

1003 821 1191 877 Normannos
1206 821 1328 877 hortans
1343 823 1380 877 ad
1390 822 1467 878 bella
1482 823 1581 878 redire
1596 823 1741 896 fugaces,

1003 910 1069 980 lpse
1086 911 1248 966 electorum
1263 912 1402 967 comitum
1422 912 1475 968 fuit
1490 928 1580 982 uauS,
1595 913 1684 967 amici

1005 998 1100 1053 Filius
1115 999 1244 1071 insignis
1258 1017 1265 1070 3
1281 1000 1393 1056 nullum
1410 1004 1560 1057 certamen
1575 1001 1682 1056 Achivi

1004 1087 1125 1158 Experti
1141 1089 1279 1161 gravium
1295 1089 1348 1145 sed
1364 1090 1510 1160 plurimus
1525 1090 1573 1145 lric
1588 1091 1658 1161 quia
1672 1089 1755 1146 miles

1004 1176 1127 1248 Occidit,
1145 1177 1253 1232 heroes
1269 1178 1351 1233 multi
1367 1179 1456 1233 simul
1477 1179 1626 1234 interiere.

1005 1265 1118 1320 Ductus
1134 1266 1269 1321 Adenolfl
1285 1268 1377 1322 miser
1392 1267 1630 1341 Hxaugustusad
1644 1268 1753 1339 urbem,

1005 1353 1200 1409 l'raecedebat
1214 1369 1322 1426 equum
1348 1355 1470 1410 victoris
1489 1355 1525 1410 ab
1541 1356 1628 1411 hosta
1643 1355 1750 1428 ligatas

1005 1442 1162 1497 Ostentare
1177 1441 1224 1497 sui
1240 1458 1375 1514 pompam
1391 1443 1527 1515 cupiente
1542 1443 1694 1514 triumphi.

1006 1530 1065 1585 Ter
1079 1529 1172 1584 Gallis
1189 1530 1239 1585 illo
1254 1531 1378 1586 victoria
1394 1531 1517 1604 contigit
1531 1546 1618 1588 anno.

1006 1618 1149 1674 Confusis
1161 1619 1270 1673 Danais
1283 1618 1344 1690 jam
1361 1636 1433 1692 spes
1448 1623 1494 1675 est
1517 1620 1595 1675 nulla
1611 1621 1734 1691 trophaei

963 1727 991 1793 B
1006 1708 1109 1763 Omnia
1126 1707 1301 1776 praeclarum
1316 1724 1407 1779 snper
1417 1709 1530 1780 Appula
1542 1707 1813 1780 moeniaBarnmtttt,
1830 1792 1835 1801 Ι

1008 1796 1069 1850 lllis
1080 1797 1274 1867 temporibus,
1289 1796 1456 1868 bloncpolis
1472 1801 1500 1852 ot
1516 1798 1699 1867 duvenacns,

1006 1887 1103 1956 Atque
1118 1885 1209 1940 urbes
1224 1884 1290 1940 aliae
1305 1886 1497 1957 quamplures
1511 1886 1621 1942 faedare
1636 1890 1735 1958 spreto

1007 1972 1192 2043 Graecorum,
1210 1977 1327 2044 pactum
1344 1991 1411 2029 cum
1426 1974 1622 2048 Francigenis
1647 1976 1746 2031 iniere.

1008 2061 1078 2116 Inde
1097 2078 1216 2117 manere
1232 2062 1292 2118 Deo
1308 2064 1425 2119 nolente
1440 2063 1550 2118 diutius
1566 2063 1634 2135 ejus

1009 2150 1178 2220 imperium,
1194 2151 1319 2206 moritur
1333 2152 1458 2207 Michael
1473 2151 1540 2223 (32),
1563 2153 1707 2208 Michaele
1734 2152 1813 2223 nepeta

1009 2238 1191 2295 Succedente
1206 2240 1274 2310 sibi,
1290 2241 1340 2312 qui
1355 2240 1568 2297 Constantinus
1583 2246 1612 2297 et
1628 2241 1706 2297 idem

1009 2327 1134 2383 Nomine
1151 2328 1246 2383 dictus
1262 2334 1339 2384 erat:
1365 2329 1532 2400 quemdam,
1564 2329 1699 2386 solamen
1712 2332 1741 2385 ut
1764 2328 1810 2384 inde

1008 2416 1118 2471 Auxilii
1135 2419 1252 2487 caperet
1267 2432 1342 2489 gens
1358 2417 1481 2490 Appula,
1498 2418 1700 2490 synodianum

1009 2505 1152 2575 Destinat,
1170 2506 1218 2561 bic
1233 2507 1365 2574 veniens,
1383 2509 1412 2563 et
1424 2508 1519 2578 primo
1535 2508 1681 2578 appulsus
1702 2506 1811 2578 Hydrea·

1611 2595 1620 2669 [
1638 2594 1763 2666 tumidi),

1010 2684 1139 2755 Legatos
1153 2683 1252 2739 socias
1269 2682 1450 2741 Francorum
1467 2686 1547 2740 misit
1561 2685 1598 2740 ad
1612 2686 1717 2757 urbes,

1009 2771 1047 2828 Se
1059 2772 1151 2842 recipi
1166 2774 1300 2844 rogitans
1311 2791 1318 2840 ;
1335 2774 1439 2829 nolunt
1451 2790 1556 2846 parere
1572 2775 1701 2847 roganti.

1010 2862 1140 2916 Militiam
1157 2877 1295 2934 reparare
1310 2864 1398 2933 cupit,
1416 2864 1469 2918 sed
1486 2864 1577 2919 milite
1593 2865 1684 2919 multo

970 2948 1096 3046 cCaaso
1111 2967 1145 3005 ac
1160 2952 1307 3022 disperso,
1323 2967 1435 3023 paucos
1450 2952 1580 3008 retinere
1595 2952 1720 3009 valebat.

1008 3039 1195 3111 synodianus
1210 3041 1247 3095 ob
1263 3041 1319 3096 hoe
1333 3057 1435 3096 muros
1449 3056 1508 3096 non
1524 3041 1637 3097 deserit
1656 3041 1746 3097 urbis.

1008 3129 1095 3183 Hunc
1109 3132 1206 3184 tamen
1221 3130 1348 3185 edictum
1364 3129 1434 3184 facit
1455 3130 1607 3200 imperiale
1633 3130 1745 3186 reverti.

1007 3217 1096 3272 Multa
1105 3234 1159 3289 per
1172 3219 1229 3273 hoc
1245 3221 1361 3288 tempus
1377 3218 1435 3274 eibi
1449 3219 1637 3288 promittente
1652 3217 1759 3275 Salerni

1005 3306 1144 3378 Principe
1166 3307 1331 3363 Gnaimario
1347 3306 1414 3379 (aa),
1431 3302 1810 3380 Normannicagensfanala·

1700 3395 1763 3468 [mm

1007 3483 1125 3554 Spernit
1139 3484 1291 3554 Aclenolfi3
1307 3485 1362 3541 sed
1377 3500 1411 3541 se
1426 3485 1627 3540 tantummodo
1644 3484 1724 3540 cives

1006 3574 1129 3628 Aversee
1144 3572 1285 3628 dederant
1298 3574 1400 3629 ditioni
1416 3573 1653 3629 Guaimarianae:

1006 3661 1081 3716 Nam
1092 3661 1197 3734 reliqui
1219 3662 1302 3733 Galli,
1318 3678 1394 3734 quoe
1410 3662 1524 3733 Appula
1548 3667 1626 3718 terra
1643 3661 1761 3730 tenebat,

1005 3752 1125 3824 Argyre
1140 3751 1207 3805 Meli
1223 3751 1324 3822 genito
1340 3751 1456 3806 servire
1470 3750 1620 3807 volebant.

1005 3841 1080 3894 Nam
1095 3843 1177 3909 pater
1191 3840 1287 3911 ipsius
1303 3840 1383 3910 prior
1398 3840 1584 3895 introducere
1608 3839 1720 3910 Gallos,

1006 3930 1060 3984 His
1076 3933 1104 3984 et
1120 3930 1149 3982 in
1165 3930 1247 3984 Italia
1262 3929 1377 3984 studuit
1390 3928 1461 3983 dare
1490 3944 1612 3984 munera
1628 3929 1748 4000 primus.

117 4019 299 4075 Francorum
324 4019 461 4090 populus,
487 4035 669 4090 numeroque
686 4022 714 4075 et
728 4021 842 4076 viribus
858 4022 952 4095 impar
1005 4019 1141 4091 Argyros
1155 4034 1277 4089 pauper,
1298 4018 1367 4073 licet
1381 4018 1478 4072 audax
1488 4022 1516 4072 et
1531 4033 1713 4090 generosus,

83 4162 86 4166 .
117 4111 172 4165 His
201 4110 289 4165 dictis
313 4109 427 4163 animos
447 4095 788 4179 Graecorumtaccendit,
805 4112 833 4165 et
847 4127 950 4169 omnes

115 4200 254 4270 Praecipit
281 4199 441 4270 Argolicos
458 4201 594 4252 montana
609 4199 787 4269 relinquere,
802 4201 897 4271 campi

1004 4106 1042 4161 Se
1058 4109 1145 4160 taatae
1160 4107 1240 4177 genti
1256 4106 1400 4161 dominari
1423 4121 1515 4176 posse
1530 4106 1665 4177 negavit,

1005 4194 1077 4250 Cum
1093 4195 1165 4250 nihil
1181 4196 1296 4267 argenti
1312 4194 1407 4251 valeat
1421 4196 1566 4266 praebere,
1583 4194 1720 4250 velauri.

116 4289 255 4355 Quaerere
270 4288 438 4358 planitiem3
455 4287 567 4356 campis
584 4289 612 4340 et
639 4288 736 4342 castra
759 4287 877 4344 locavit.
961 4279 1164 4345 DHisencn
1180 4284 1598 4355 aurumprolltenturamare,
1629 4284 1684 4339 sed
1700 4284 1787 4355 ipsun·

116 4379 327 4450 Exploratores
342 4377 415 4431 Oalli
431 4377 550 4446 misere,
568 4380 687 4446 paratus

116 4467 154 4522 Ut
171 4468 301 4520 Danaum
317 4467 444 4520 videant.
468 4465 613 4519 Referunt
628 4465 663 4518 ad
675 4464 752 4520 bella
766 4467 895 4536 paratae,

114 4556 150 4611 Et
163 4557 337 4610 conmutata
353 4556 493 4607 mutatum
509 4554 604 4607 mente
621 4553 797 4623 magistrum

115 4645 163 4699 Nil
179 4646 311 4699 metuunt
324 4643 416 4715 multi,
433 4642 526 4696 sociis
544 4642 573 4695 in
587 4646 685 4696 monte
701 4642 823 4708 relictis,

114 4734 177 4800 Quo
194 4733 248 4788 tuti
262 4734 394 4801 redeant,
409 4730 497 4786 fuerit
509 4730 536 4785 si
552 4732 628 4786 forte
644 4745 781 4801 necesse,

114 4824 265 4897 Indigenae
280 4822 390 4877 Danais
405 4821 589 4876 descendunt
602 4821 748 4875 auxiliari.

113 4913 214 4984 Campi
230 4913 354 4984 planicie
383 4910 509 4981 populus
533 4911 671 4966 convenit
692 4915 830 4982 uterqu03

112 5001 217 5075 Pugna
227 5003 259 5058 fit
272 5003 339 5056 inde
356 5001 467 5073 gravis,
485 5004 515 5055 ut
529 4999 627 5054 vincat
642 5004 765 5071 uterque
780 5001 903 5058 laborat.

149 5143 194 5219 (30
209 5145 368 5227 Mycenen}
384 5144 466 5200 barn.
603 5214 608 5226 1
808 5214 813 5225 ι
830 5214 836 5225 .

113 5213 170 5282 (ul)
186 5214 304 5269 Barium
320 5218 386 5270 alus
403 5217 510 5272 dicitur
524 5214 637 5286 Apuliae
653 5215 725 5270 urbs
741 5217 896 5270 maritima.

113 5283 220 5410 llllaqulp
232 5285 387 5343 Guilielmo
402 5288 424 5358 l,
442 5289 550 5344 Siciliae
565 5301 637 5358 rege
653 5285 785 5341 funditus
801 5286 951 5343 deletaest

148 5425 204 5495 (θῖ)
219 5426 354 5481 blicherii
369 5429 552 5500 Paphlagoni
564 5428 713 5483 successit
728 5427 795 5499 ejus
811 5442 951 5497 neposex

112 5512 217 5552 sorore
261 5496 385 5553 Alichael
421 5502 605 5569 Calaphates,
641 5499 746 5555 salutis
775 5515 851 5553 anrro
881 5496 948 5555 1043

112 5567 189 5623 Huic
222 5566 433 5625 Constantinus
466 5571 680 5628 Monomaehus
718 5571 823 5626 eodem
856 5584 947 5627 anno.

1006 4374 1100 4447 Cujus
1114 4376 1158 4429 eis
1173 4374 1307 4445 placidus
1319 4374 1415 4428 fuerat
1430 4379 1522 4444 pater.
1538 4374 1606 4443 lpse
1620 4376 1774 4443 precantem

1007 4465 1136 4519 Exaudit
1150 4463 1310 4534 populun,-
1326 4466 1469 4518 nocturno
1485 4466 1617 4532 tempore
1632 4476 1732 4517 secum

1007 4553 1131 4608 Deducit
1146 4552 1253 4607 Harum
1267 4554 1336 4607 natu
1353 4566 1505 4622 sensuque
1517 4551 1647 4621 priores,

1006 4641 1087 4706 Quos
1102 4641 1197 4696 sancti
1213 4640 1318 4695 ductos
1333 4639 1532 4711 Appollinaris
1548 4640 1584 4694 ad
1600 4640 1695 4695 aedem

1007 4730 1116 4785 Taliter
1131 4729 1251 4784 ellatur:
1267 4729 1356 4784 Pretii
1372 4744 1439 4783 cum
1461 4728 1539 4783 nulla
1555 4727 1683 4783 facultas

1008 4820 1051 4874 Sit
1066 4819 1137 4874 mihi
1152 4818 1332 4891 quepossim
1348 4816 1488 4889 populum
1502 4818 1616 4873 donaro
1631 4816 1773 4889 potentem,

1008 4910 1069 4964 Cur
1083 4909 1210 4980 populus
1227 4911 1327 4963 vester
1342 4922 1387 4962 me
1405 4906 1466 4961 vult
1482 4906 1539 4961 sibi
1555 4907 1686 4977 praefore
1701 4904 1784 4960 miror·

1015 4999 1072 5053 Vos
1088 4998 1194 5053 etenim
1209 4995 1278 5051 novi
1293 4996 1424 5051 diversis
1436 4996 1526 5050 rebus
1541 5011 1644 5068 egere,

1007 5141 1098 5279 LFFF)
1127 5209 1322 5281 Hldruntum‚
1352 5224 1419 5281 quae
1446 5212 1475 5264 et
1502 5208 1625 5291 derns
1644 5227 1661 5264 a
1683 5206 1810 5266 metonae

1005 5283 1123 5371 dicitur,
1153 5281 1226 5337 urbs
1255 5284 1301 5336 ost
1329 5281 1359 5335 in
1385 5280 1617 5351 Calabriapuxta
1634 5282 1743 5337 lonium
1754 5277 1810 5332 mett

1011 5354 1112 5494 militiis·
1126 5424 1180 5489 Qui
1207 5422 1394 5478 Guaimarius
1421 5423 1468 5477 bic
1492 5421 1658 5492 appellatur
1678 5418 1809 5478 aliistiat·
1852 5464 1854 5469 .

1010 5496 1141 5550 marinus
1158 5495 1264 5549 dicitur
1279 5494 1393 5549 Salerni
1407 5495 1557 5564 princeps.
1574 5493 1683 5550 Trana.
