<?xml version="1.0" encoding="UTF-8"?>
<!DOCTYPE html PUBLIC "-//W3C//DTD XHTML 1.0 Transitional//EN"
    "http://www.w3.org/TR/xhtml1/DTD/xhtml1-transitional.dtd">
<html xmlns="http://www.w3.org/1999/xhtml" xml:lang="en" lang="en">
 <head>
  <title>
</title>
<meta http-equiv="Content-Type" content="text/html;charset=utf-8" />
  <meta name='ocr-system' content='tesseract 3.04.00' />
  <meta name='ocr-capabilities' content='ocr_page ocr_carea ocr_par ocr_line ocrx_word'/>
</head>
<body>
  <div class='ocr_page' id='page_1' title='image "./patrologiaecurs66unkngoog/patrologiaecurs66unkngoog_0330.png"; bbox 0 0 3908 6112; ppageno 0'>
   <div class='ocr_carea' id='block_1_1' title="bbox 148 251 206 315">
    <p class='ocr_par' dir='ltr' id='par_1_1' title="bbox 148 251 206 315">
     <span class='ocr_line' id='line_1_1' title="bbox 148 251 206 315; baseline 0 0"><span class='ocrx_word' id='word_1_1' title='bbox 148 251 206 315; x_wconf 78' lang='lat'><em>649</em></span> 
     </span>
    </p>
   </div>
   <div class='ocr_carea' id='block_1_2' title="bbox 455 249 1551 317">
    <p class='ocr_par' dir='ltr' id='par_1_2' title="bbox 455 249 1551 317">
     <span class='ocr_line' id='line_1_2' title="bbox 455 249 1551 317; baseline -0.002 -3"><span class='ocrx_word' id='word_1_2' title='bbox 455 250 809 317; x_wconf 82' lang='lat' dir='ltr'><em>CONSUETUDINES</em></span> <span class='ocrx_word' id='word_1_3' title='bbox 831 249 1164 315; x_wconf 84' lang='lat' dir='ltr'><em>CLUNIAGENSES.</em></span> <span class='ocrx_word' id='word_1_4' title='bbox 1180 285 1216 297; x_wconf 86' lang='lat'>—</span> <span class='ocrx_word' id='word_1_5' title='bbox 1241 249 1369 312; x_wconf 84' lang='lat' dir='ltr'>LIBER</span> <span class='ocrx_word' id='word_1_6' title='bbox 1390 250 1551 315; x_wconf 81' lang='lat' dir='ltr'>PRIMUS</span> 
     </span>
    </p>
   </div>
   <div class='ocr_carea' id='block_1_3' title="bbox 1809 250 1870 315">
    <p class='ocr_par' dir='ltr' id='par_1_3' title="bbox 1809 250 1870 315">
     <span class='ocr_line' id='line_1_3' title="bbox 1809 250 1870 315; baseline 0 0"><span class='ocrx_word' id='word_1_7' title='bbox 1809 250 1870 315; x_wconf 78' lang='lat'><em>650</em></span> 
     </span>
    </p>
   </div>
   <div class='ocr_carea' id='block_1_4' title="bbox 148 441 1871 524">
    <p class='ocr_par' dir='ltr' id='par_1_4' title="bbox 148 441 1871 524">
     <span class='ocr_line' id='line_1_4' title="bbox 148 441 1871 524; baseline -0.001 -17"><span class='ocrx_word' id='word_1_8' title='bbox 148 450 247 507; x_wconf 83' lang='lat' dir='ltr'><em>salvos</em></span> <span class='ocrx_word' id='word_1_9' title='bbox 259 450 595 524; x_wconf 79' lang='lat' dir='ltr'><em>iaerepes;salvosiac</em></span> <span class='ocrx_word' id='word_1_10' title='bbox 609 441 1016 521; x_wconf 65' lang='lat' dir='ltr'><em>servosetanoillastuas,d</em></span> <span class='ocrx_word' id='word_1_11' title='bbox 1039 452 1086 519; x_wconf 87' lang='lat' dir='ltr'><em>tae,</em></span> <span class='ocrx_word' id='word_1_12' title='bbox 1111 450 1201 519; x_wconf 90' lang='lat' dir='ltr'><em>Deus,</em></span> <span class='ocrx_word' id='word_1_13' title='bbox 1228 466 1243 504; x_wconf 87' lang='lat' dir='ltr'><em>a</em></span> <span class='ocrx_word' id='word_1_14' title='bbox 1271 465 1324 521; x_wconf 89' lang='lat' dir='ltr'><em>quo</em></span> <span class='ocrx_word' id='word_1_15' title='bbox 1352 455 1454 503; x_wconf 86' lang='lat' dir='ltr'><em>sancta</em></span> <span class='ocrx_word' id='word_1_16' title='bbox 1483 449 1646 504; x_wconf 85' lang='lat' dir='ltr'><em>desideria.</em></span> <span class='ocrx_word' id='word_1_17' title='bbox 1679 450 1871 523; x_wconf 77' lang='lat' dir='ltr'><em>Omnipotens</em></span> 
     </span>
    </p>
   </div>
   <div class='ocr_carea' id='block_1_5' title="bbox 141 539 980 1760">
    <p class='ocr_par' dir='ltr' id='par_1_5' title="bbox 141 539 980 1760">
     <span class='ocr_line' id='line_1_5' title="bbox 148 539 977 612; baseline -0.002 -17"><span class='ocrx_word' id='word_1_18' title='bbox 148 539 287 611; x_wconf 74' lang='lat' dir='ltr'><em>liatpan</em></span> <span class='ocrx_word' id='word_1_19' title='bbox 306 541 338 595; x_wconf 90' lang='lat' dir='ltr'><em>in</em></span> <span class='ocrx_word' id='word_1_20' title='bbox 362 541 472 594; x_wconf 89' lang='lat' dir='ltr'><em>virtute</em></span> <span class='ocrx_word' id='word_1_21' title='bbox 489 546 548 595; x_wconf 91' lang='lat' dir='ltr'><em>tua.</em></span> <span class='ocrx_word' id='word_1_22' title='bbox 573 541 599 595; x_wconf 90' lang='lat' dir='ltr'><strong><em>A</em></strong></span> <span class='ocrx_word' id='word_1_23' title='bbox 621 545 708 612; x_wconf 89' lang='lat' dir='ltr'><em>porta</em></span> <span class='ocrx_word' id='word_1_24' title='bbox 731 539 845 606; x_wconf 79' lang='lat' dir='ltr'><em>inieri,·</em></span> <span class='ocrx_word' id='word_1_25' title='bbox 871 543 898 594; x_wconf 86' lang='lat' dir='ltr'><em>ct</em></span> <span class='ocrx_word' id='word_1_26' title='bbox 920 556 977 593; x_wconf 88' lang='lat' dir='ltr'><em>una</em></span> 
     </span>
     <span class='ocr_line' id='line_1_6' title="bbox 147 628 978 701; baseline -0.004 -17"><span class='ocrx_word' id='word_1_27' title='bbox 147 629 179 684; x_wconf 86' lang='lat' dir='ltr'><em>de</em></span> <span class='ocrx_word' id='word_1_28' title='bbox 190 628 259 683; x_wconf 89' lang='lat' dir='ltr'><em>istis</em></span> <span class='ocrx_word' id='word_1_29' title='bbox 271 629 404 684; x_wconf 79' lang='lat' dir='ltr'>collectis</span> <span class='ocrx_word' id='word_1_30' title='bbox 415 645 421 682; x_wconf 91' lang='lat'>:</span> <span class='ocrx_word' id='word_1_31' title='bbox 433 628 625 701; x_wconf 79' lang='lat' dir='ltr'><em>Omnipotens</em></span> <span class='ocrx_word' id='word_1_32' title='bbox 635 630 818 700; x_wconf 78' lang='lat' dir='ltr'><em>sempiterne</em></span> <span class='ocrx_word' id='word_1_33' title='bbox 828 628 916 697; x_wconf 86' lang='lat' dir='ltr'><em>Deos,</em></span> <span class='ocrx_word' id='word_1_34' title='bbox 925 628 978 682; x_wconf 87' lang='lat' dir='ltr'><em>mi·</em></span> 
     </span>
     <span class='ocr_line' id='line_1_7' title="bbox 147 716 980 790; baseline -0.002 -18"><span class='ocrx_word' id='word_1_35' title='bbox 147 733 251 772; x_wconf 86' lang='lat' dir='ltr'><em>serere</em></span> <span class='ocrx_word' id='word_1_36' title='bbox 260 716 381 772; x_wconf 76' lang='lat' dir='ltr'><em>damulis</em></span> <span class='ocrx_word' id='word_1_37' title='bbox 389 722 419 771; x_wconf 91' lang='lat' dir='ltr'><em>et</em></span> <span class='ocrx_word' id='word_1_38' title='bbox 428 716 595 772; x_wconf 71' lang='lat' dir='ltr'><em>famulabus</em></span> <span class='ocrx_word' id='word_1_39' title='bbox 605 718 665 771; x_wconf 88' lang='lat' dir='ltr'><em>luis</em></span> <span class='ocrx_word' id='word_1_40' title='bbox 677 734 682 772; x_wconf 77' lang='grc' dir='ltr'><em>ι</em></span> <span class='ocrx_word' id='word_1_41' title='bbox 696 725 734 788; x_wconf 89' lang='lat' dir='ltr'><em>et,</em></span> <span class='ocrx_word' id='word_1_42' title='bbox 745 717 860 790; x_wconf 70' lang='lat' dir='ltr'><em>Diripo,</em></span> <span class='ocrx_word' id='word_1_43' title='bbox 872 733 980 789; x_wconf 71' lang='lat' dir='ltr'><em>quaesu-</em></span> 
     </span>
     <span class='ocr_line' id='line_1_8' title="bbox 146 804 976 876; baseline -0.001 -15"><span class='ocrx_word' id='word_1_44' title='bbox 146 822 216 875; x_wconf 86' lang='lat' dir='ltr'><em>mus,</em></span> <span class='ocrx_word' id='word_1_45' title='bbox 232 805 367 871; x_wconf 81' lang='lat' dir='ltr'><em>Domine,</em></span> <span class='ocrx_word' id='word_1_46' title='bbox 384 805 512 862; x_wconf 84' lang='lat' dir='ltr'><em>iemulos</em></span> <span class='ocrx_word' id='word_1_47' title='bbox 538 810 603 860; x_wconf 87' lang='lat' dir='ltr'><em>tuos</em></span> <span class='ocrx_word' id='word_1_48' title='bbox 627 811 657 858; x_wconf 87' lang='lat' dir='ltr'><em>et</em></span> <span class='ocrx_word' id='word_1_49' title='bbox 672 804 817 868; x_wconf 78' lang='lat' dir='ltr'><em>lamulas;</em></span> <span class='ocrx_word' id='word_1_50' title='bbox 839 804 976 876; x_wconf 78' lang='lat' dir='ltr'><em>Larpire,</em></span> 
     </span>
     <span class='ocr_line' id='line_1_9' title="bbox 147 892 979 968; baseline -0.001 -20"><span class='ocrx_word' id='word_1_51' title='bbox 147 909 319 968; x_wconf 71' lang='lat' dir='ltr'><em>quesumus,</em></span> <span class='ocrx_word' id='word_1_52' title='bbox 328 894 459 965; x_wconf 86' lang='lat' dir='ltr'><em>Domine,</em></span> <span class='ocrx_word' id='word_1_53' title='bbox 469 892 589 948; x_wconf 82' lang='lat' dir='ltr'><em>iemulis</em></span> <span class='ocrx_word' id='word_1_54' title='bbox 600 899 629 948; x_wconf 87' lang='lat' dir='ltr'><em>et</em></span> <span class='ocrx_word' id='word_1_55' title='bbox 638 892 804 948; x_wconf 70' lang='lat' dir='ltr'><em>famulabus</em></span> <span class='ocrx_word' id='word_1_56' title='bbox 814 894 887 955; x_wconf 84' lang='lat' dir='ltr'><em>tuis;</em></span> <span class='ocrx_word' id='word_1_57' title='bbox 899 892 979 947; x_wconf 79' lang='lat' dir='ltr'><em>l’rm·</em></span> 
     </span>
     <span class='ocr_line' id='line_1_10' title="bbox 149 980 976 1055; baseline -0.002 -19"><span class='ocrx_word' id='word_1_58' title='bbox 149 982 245 1053; x_wconf 84' lang='lat' dir='ltr'><em>tende,</em></span> <span class='ocrx_word' id='word_1_59' title='bbox 253 980 976 1055; x_wconf 76' lang='lat' dir='ltr'><em>Domineouarumsingulisadhaesubjungitur:</em></span> 
     </span>
     <span class='ocr_line' id='line_1_11' title="bbox 148 1069 978 1143; baseline -0.004 -18"><span class='ocrx_word' id='word_1_60' title='bbox 148 1071 186 1125; x_wconf 83' lang='lat' dir='ltr'><em>Et</em></span> <span class='ocrx_word' id='word_1_61' title='bbox 194 1086 297 1143; x_wconf 89' lang='lat' dir='ltr'><em>pacem</em></span> <span class='ocrx_word' id='word_1_62' title='bbox 308 1076 386 1127; x_wconf 87' lang='lat' dir='ltr'><em>tuam</em></span> <span class='ocrx_word' id='word_1_63' title='bbox 398 1072 512 1127; x_wconf 88' lang='lat' dir='ltr'><em>nostris</em></span> <span class='ocrx_word' id='word_1_64' title='bbox 520 1070 897 1143; x_wconf 77' lang='lat' dir='ltr'><em>courcedeteunporibus3et,</em></span> <span class='ocrx_word' id='word_1_65' title='bbox 905 1069 978 1123; x_wconf 89' lang='lat' dir='ltr'><em>Ani-</em></span> 
     </span>
     <span class='ocr_line' id='line_1_12' title="bbox 148 1156 978 1232; baseline -0.002 -18"><span class='ocrx_word' id='word_1_66' title='bbox 148 1176 200 1214; x_wconf 75' lang='lat' dir='ltr'><em>mae</em></span> <span class='ocrx_word' id='word_1_67' title='bbox 213 1158 390 1215; x_wconf 77' lang='lat' dir='ltr'><em>famulorum</em></span> <span class='ocrx_word' id='word_1_68' title='bbox 407 1165 521 1215; x_wconf 90' lang='lat' dir='ltr'><em>tuorum</em></span> <span class='ocrx_word' id='word_1_69' title='bbox 535 1161 725 1232; x_wconf 83' lang='lat' dir='ltr'><em>requiescant</em></span> <span class='ocrx_word' id='word_1_70' title='bbox 749 1160 781 1213; x_wconf 93' lang='lat' dir='ltr'><em>in</em></span> <span class='ocrx_word' id='word_1_71' title='bbox 794 1173 877 1231; x_wconf 85' lang='lat' dir='ltr'><em>pecc.</em></span> <span class='ocrx_word' id='word_1_72' title='bbox 894 1156 978 1223; x_wconf 89' lang='lat' dir='ltr'><em>Quod</em></span> 
     </span>
     <span class='ocr_line' id='line_1_13' title="bbox 149 1245 978 1319; baseline -0.005 -16"><span class='ocrx_word' id='word_1_73' title='bbox 149 1255 243 1303; x_wconf 83' lang='lat' dir='ltr'><em>tamen</em></span> <span class='ocrx_word' id='word_1_74' title='bbox 257 1248 294 1303; x_wconf 89' lang='lat' dir='ltr'><em>ad</em></span> <span class='ocrx_word' id='word_1_75' title='bbox 310 1247 403 1304; x_wconf 90' lang='lat' dir='ltr'><em>solam</em></span> <span class='ocrx_word' id='word_1_76' title='bbox 426 1247 562 1319; x_wconf 89' lang='lat' dir='ltr'><em>primam,</em></span> <span class='ocrx_word' id='word_1_77' title='bbox 578 1248 647 1318; x_wconf 87' lang='lat' dir='ltr'><em>quie</em></span> <span class='ocrx_word' id='word_1_78' title='bbox 670 1251 739 1302; x_wconf 92' lang='lat' dir='ltr'><em>tunc</em></span> <span class='ocrx_word' id='word_1_79' title='bbox 764 1245 978 1318; x_wconf 85' lang='lat' dir='ltr'><em>quinquagesi-</em></span> 
     </span>
     <span class='ocr_line' id='line_1_14' title="bbox 150 1335 978 1408; baseline -0.005 -16"><span class='ocrx_word' id='word_1_80' title='bbox 150 1352 213 1392; x_wconf 91' lang='lat' dir='ltr'><em>mus</em></span> <span class='ocrx_word' id='word_1_81' title='bbox 227 1336 363 1407; x_wconf 85' lang='lat' dir='ltr'><em>psalmus</em></span> <span class='ocrx_word' id='word_1_82' title='bbox 377 1351 431 1408; x_wconf 88' lang='lat' dir='ltr'><em>pre</em></span> <span class='ocrx_word' id='word_1_83' title='bbox 446 1336 560 1392; x_wconf 89' lang='lat' dir='ltr'><em>nostris</em></span> <span class='ocrx_word' id='word_1_84' title='bbox 575 1339 709 1391; x_wconf 87' lang='lat' dir='ltr'><em>cantatur</em></span> <span class='ocrx_word' id='word_1_85' title='bbox 731 1335 908 1400; x_wconf 75' lang='lat' dir='ltr'><em>abbatibus,</em></span> <span class='ocrx_word' id='word_1_86' title='bbox 924 1349 978 1406; x_wconf 90' lang='lat' dir='ltr'><em>pro</em></span> 
     </span>
     <span class='ocr_line' id='line_1_15' title="bbox 149 1424 980 1497; baseline -0.002 -18"><span class='ocrx_word' id='word_1_87' title='bbox 149 1426 221 1495; x_wconf 88' lang='lat' dir='ltr'><em>ipsis</em></span> <span class='ocrx_word' id='word_1_88' title='bbox 237 1439 355 1497; x_wconf 89' lang='lat' dir='ltr'><em>quoque</em></span> <span class='ocrx_word' id='word_1_89' title='bbox 370 1424 446 1479; x_wconf 87' lang='lat' dir='ltr'><em>solet</em></span> <span class='ocrx_word' id='word_1_90' title='bbox 460 1425 501 1478; x_wconf 89' lang='lat' dir='ltr'><em>ita</em></span> <span class='ocrx_word' id='word_1_91' title='bbox 511 1424 632 1478; x_wconf 88' lang='lat' dir='ltr'><em>mutari:</em></span> <span class='ocrx_word' id='word_1_92' title='bbox 644 1425 750 1478; x_wconf 88' lang='lat' dir='ltr'><em>Annae</em></span> <span class='ocrx_word' id='word_1_93' title='bbox 767 1424 853 1479; x_wconf 85' lang='lat' dir='ltr'><em>nobis</em></span> <span class='ocrx_word' id='word_1_94' title='bbox 868 1439 980 1497; x_wconf 78' lang='lat' dir='ltr'><em>quaesu-</em></span> 
     </span>
     <span class='ocr_line' id='line_1_16' title="bbox 149 1511 979 1584; baseline -0.001 -18"><span class='ocrx_word' id='word_1_95' title='bbox 149 1530 220 1584; x_wconf 89' lang='lat' dir='ltr'><em>mus,</em></span> <span class='ocrx_word' id='word_1_96' title='bbox 236 1513 370 1582; x_wconf 90' lang='lat' dir='ltr'><em>Domine,</em></span> <span class='ocrx_word' id='word_1_97' title='bbox 386 1516 442 1567; x_wconf 89' lang='lat' dir='ltr'><em>etc.</em></span> <span class='ocrx_word' id='word_1_98' title='bbox 469 1513 511 1568; x_wconf 92' lang='lat' dir='ltr'><em>De</em></span> <span class='ocrx_word' id='word_1_99' title='bbox 526 1514 652 1584; x_wconf 86' lang='lat' dir='ltr'><em>quatuor</em></span> <span class='ocrx_word' id='word_1_100' title='bbox 676 1516 774 1566; x_wconf 87' lang='lat' dir='ltr'><em>autem</em></span> <span class='ocrx_word' id='word_1_101' title='bbox 789 1511 911 1581; x_wconf 88' lang='lat' dir='ltr'><em>psalmis</em></span> <span class='ocrx_word' id='word_1_102' title='bbox 928 1511 979 1581; x_wconf 91' lang='lat' dir='ltr'><em>qui</em></span> 
     </span>
     <span class='ocr_line' id='line_1_17' title="bbox 141 1600 979 1673; baseline -0.002 -17"><span class='ocrx_word' id='word_1_103' title='bbox 141 1600 308 1673; x_wconf 73' lang='lat' dir='ltr'><em>quamlibet</em></span> <span class='ocrx_word' id='word_1_104' title='bbox 325 1600 427 1656; x_wconf 88' lang='lat' dir='ltr'><em>horam</em></span> <span class='ocrx_word' id='word_1_105' title='bbox 450 1604 624 1671; x_wconf 87' lang='lat' dir='ltr'><em>sequuntur,</em></span> <span class='ocrx_word' id='word_1_106' title='bbox 646 1600 762 1671; x_wconf 86' lang='lat' dir='ltr'><em>quoties</em></span> <span class='ocrx_word' id='word_1_107' title='bbox 781 1600 839 1655; x_wconf 91' lang='lat' dir='ltr'><em>duo</em></span> <span class='ocrx_word' id='word_1_108' title='bbox 862 1601 979 1671; x_wconf 89' lang='lat' dir='ltr'><em>priores</em></span> 
     </span>
     <span class='ocr_line' id='line_1_18' title="bbox 145 1687 978 1760; baseline -0.002 -16"><span class='ocrx_word' id='word_1_109' title='bbox 145 1690 374 1759; x_wconf 87' lang='lat' dir='ltr'><em>subtrahuntur,</em></span> <span class='ocrx_word' id='word_1_110' title='bbox 389 1692 421 1744; x_wconf 90' lang='lat' dir='ltr'><em>ut</em></span> <span class='ocrx_word' id='word_1_111' title='bbox 435 1688 465 1744; x_wconf 93' lang='lat' dir='ltr'><em>in</em></span> <span class='ocrx_word' id='word_1_112' title='bbox 481 1690 561 1745; x_wconf 87' lang='lat' dir='ltr'><em>omni</em></span> <span class='ocrx_word' id='word_1_113' title='bbox 577 1688 742 1760; x_wconf 88' lang='lat' dir='ltr'><em>Dominica,</em></span> <span class='ocrx_word' id='word_1_114' title='bbox 758 1689 787 1743; x_wconf 91' lang='lat' dir='ltr'><em>in</em></span> <span class='ocrx_word' id='word_1_115' title='bbox 802 1688 879 1743; x_wconf 87' lang='lat' dir='ltr'><em>testo</em></span> <span class='ocrx_word' id='word_1_116' title='bbox 891 1687 978 1742; x_wconf 65' lang='lat' dir='ltr'><em>tille-</em></span> 
     </span>
    </p>
   </div>
   <div class='ocr_carea' id='block_1_6' title="bbox 1039 538 1919 1760">
    <p class='ocr_par' dir='ltr' id='par_1_6' title="bbox 1040 538 1868 785">
     <span class='ocr_line' id='line_1_19' title="bbox 1040 538 1868 610; baseline 0.004 -17"><span class='ocrx_word' id='word_1_117' title='bbox 1040 539 1224 610; x_wconf 83' lang='lat' dir='ltr'><em>senupiterue</em></span> <span class='ocrx_word' id='word_1_118' title='bbox 1248 538 1337 606; x_wconf 90' lang='lat' dir='ltr'><em>Deus,</em></span> <span class='ocrx_word' id='word_1_119' title='bbox 1364 538 1540 604; x_wconf 73' lang='lat' dir='ltr'><em>Praetende,</em></span> <span class='ocrx_word' id='word_1_120' title='bbox 1568 540 1699 594; x_wconf 84' lang='lat' dir='ltr'><em>Domine.</em></span> <span class='ocrx_word' id='word_1_121' title='bbox 1723 539 1868 609; x_wconf 80' lang='lat' dir='ltr'><em>Absolve,</em></span> 
     </span>
     <span class='ocr_line' id='line_1_20' title="bbox 1041 627 1868 700; baseline 0.005 -20"><span class='ocrx_word' id='word_1_122' title='bbox 1041 627 1309 696; x_wconf 86' lang='lat' dir='ltr'><em>Dornrnc,ani1nas.</em></span> <span class='ocrx_word' id='word_1_123' title='bbox 1328 627 1518 697; x_wconf 85' lang='lat' dir='ltr'><em>Omnipotens</em></span> <span class='ocrx_word' id='word_1_124' title='bbox 1532 627 1622 696; x_wconf 85' lang='lat' dir='ltr'><em>Deus,</em></span> <span class='ocrx_word' id='word_1_125' title='bbox 1647 630 1695 700; x_wconf 83' lang='lat' dir='ltr'><em>qui</em></span> <span class='ocrx_word' id='word_1_126' title='bbox 1726 630 1868 685; x_wconf 88' lang='lat' dir='ltr'><em>vivorum.</em></span> 
     </span>
     <span class='ocr_line' id='line_1_21' title="bbox 1041 715 1854 785; baseline 0.006 -18"><span class='ocrx_word' id='word_1_127' title='bbox 1041 716 1084 768; x_wconf 83' lang='lat' dir='ltr'><em>ad</em></span> <span class='ocrx_word' id='word_1_128' title='bbox 1095 716 1225 785; x_wconf 89' lang='lat' dir='ltr'><em>psalmos</em></span> <span class='ocrx_word' id='word_1_129' title='bbox 1233 715 1447 785; x_wconf 83' lang='lat' dir='ltr'><em>pratricenario</em></span> <span class='ocrx_word' id='word_1_130' title='bbox 1457 716 1702 771; x_wconf 77' lang='lat' dir='ltr'><em>‹liciturrollccta</em></span> <span class='ocrx_word' id='word_1_131' title='bbox 1711 717 1854 773; x_wconf 86' lang='lat' dir='ltr'><em>Absolve.</em></span> 
     </span>
    </p>

    <p class='ocr_par' dir='ltr' id='par_1_7' title="bbox 1039 803 1919 1760">
     <span class='ocr_line' id='line_1_22' title="bbox 1075 803 1871 877; baseline 0.006 -21"><span class='ocrx_word' id='word_1_132' title='bbox 1075 803 1146 858; x_wconf 85' lang='lat' dir='ltr'><em>Post</em></span> <span class='ocrx_word' id='word_1_133' title='bbox 1170 804 1328 859; x_wconf 87' lang='lat' dir='ltr'><em>matutinas</em></span> <span class='ocrx_word' id='word_1_134' title='bbox 1353 804 1507 876; x_wconf 78' lang='lat' dir='ltr'><em>regulares</em></span> <span class='ocrx_word' id='word_1_135' title='bbox 1536 804 1653 877; x_wconf 76' lang='lat' dir='ltr'><em>agimus</em></span> <span class='ocrx_word' id='word_1_136' title='bbox 1677 807 1871 877; x_wconf 86' lang='lat' dir='ltr'><em>quorumdam</em></span> 
     </span>
     <span class='ocr_line' id='line_1_23' title="bbox 1041 894 1871 963; baseline 0.004 -17"><span class='ocrx_word' id='word_1_137' title='bbox 1041 895 1348 948; x_wconf 80' lang='lat' dir='ltr'><em>commemorationem</em></span> <span class='ocrx_word' id='word_1_138' title='bbox 1364 896 1536 948; x_wconf 89' lang='lat' dir='ltr'><em>sanctorum</em></span> <span class='ocrx_word' id='word_1_139' title='bbox 1548 908 1614 947; x_wconf 91' lang='lat' dir='ltr'><em>cum</em></span> <span class='ocrx_word' id='word_1_140' title='bbox 1625 894 1794 963; x_wconf 91' lang='lat' dir='ltr'><em>antiphonis</em></span> <span class='ocrx_word' id='word_1_141' title='bbox 1802 910 1871 949; x_wconf 90' lang='lat' dir='ltr'><em>ver·</em></span> 
     </span>
     <span class='ocr_line' id='line_1_24' title="bbox 1040 981 1871 1055; baseline 0.004 -21"><span class='ocrx_word' id='word_1_142' title='bbox 1040 981 1125 1037; x_wconf 90' lang='lat' dir='ltr'><em>sibus</em></span> <span class='ocrx_word' id='word_1_143' title='bbox 1141 983 1169 1036; x_wconf 91' lang='lat' dir='ltr'><em>ct</em></span> <span class='ocrx_word' id='word_1_144' title='bbox 1183 981 1327 1051; x_wconf 78' lang='lat' dir='ltr'><em>collectis,</em></span> <span class='ocrx_word' id='word_1_145' title='bbox 1344 981 1515 1052; x_wconf 77' lang='lat' dir='ltr'><em>quidnobis</em></span> <span class='ocrx_word' id='word_1_146' title='bbox 1532 985 1578 1036; x_wconf 89' lang='lat' dir='ltr'><em>cst</em></span> <span class='ocrx_word' id='word_1_147' title='bbox 1596 981 1740 1037; x_wconf 77' lang='lat' dir='ltr'><em>familiare</em></span> <span class='ocrx_word' id='word_1_148' title='bbox 1763 985 1796 1039; x_wconf 91' lang='lat' dir='ltr'><em>ut</em></span> <span class='ocrx_word' id='word_1_149' title='bbox 1817 998 1871 1055; x_wconf 91' lang='lat' dir='ltr'><em>ap-</em></span> 
     </span>
     <span class='ocr_line' id='line_1_25' title="bbox 1039 1068 1871 1143; baseline 0.005 -21"><span class='ocrx_word' id='word_1_150' title='bbox 1039 1068 1183 1138; x_wconf 86' lang='lat' dir='ltr'><em>pellemus</em></span> <span class='ocrx_word' id='word_1_151' title='bbox 1200 1068 1342 1142; x_wconf 77' lang='lat' dir='ltr'><em>suffragia</em></span> <span class='ocrx_word' id='word_1_152' title='bbox 1356 1070 1541 1141; x_wconf 76' lang='lat' dir='ltr'><em>angelorum,</em></span> <span class='ocrx_word' id='word_1_153' title='bbox 1559 1074 1740 1138; x_wconf 89' lang='lat' dir='ltr'><em>sanctorum,</em></span> <span class='ocrx_word' id='word_1_154' title='bbox 1759 1075 1787 1126; x_wconf 88' lang='lat' dir='ltr'><em>et</em></span> <span class='ocrx_word' id='word_1_155' title='bbox 1809 1073 1871 1143; x_wconf 91' lang='lat' dir='ltr'><em>pri·</em></span> 
     </span>
     <span class='ocr_line' id='line_1_26' title="bbox 1039 1158 1871 1232; baseline 0.004 -21"><span class='ocrx_word' id='word_1_156' title='bbox 1039 1173 1086 1211; x_wconf 91' lang='lat' dir='ltr'><em>mo</em></span> <span class='ocrx_word' id='word_1_157' title='bbox 1102 1158 1220 1228; x_wconf 89' lang='lat' dir='ltr'><em>quidem</em></span> <span class='ocrx_word' id='word_1_158' title='bbox 1236 1163 1348 1212; x_wconf 87' lang='lat' dir='ltr'><em>sanctae</em></span> <span class='ocrx_word' id='word_1_159' title='bbox 1364 1159 1475 1228; x_wconf 89' lang='lat' dir='ltr'><em>crucis,</em></span> <span class='ocrx_word' id='word_1_160' title='bbox 1492 1163 1664 1215; x_wconf 88' lang='lat' dir='ltr'><em>sanctorum</em></span> <span class='ocrx_word' id='word_1_161' title='bbox 1684 1160 1871 1232; x_wconf 74' lang='lat' dir='ltr'><em>angelorum,</em></span> 
     </span>
     <span class='ocr_line' id='line_1_27' title="bbox 1040 1245 1870 1317; baseline 0.005 -19"><span class='ocrx_word' id='word_1_162' title='bbox 1040 1246 1134 1300; x_wconf 89' lang='lat' dir='ltr'><em>sancti</em></span> <span class='ocrx_word' id='word_1_163' title='bbox 1149 1245 1273 1303; x_wconf 82' lang='lat' dir='ltr'><em>loannis</em></span> <span class='ocrx_word' id='word_1_164' title='bbox 1290 1246 1441 1317; x_wconf 76' lang='lat' dir='ltr'><em>Baptistae,</em></span> <span class='ocrx_word' id='word_1_165' title='bbox 1458 1252 1630 1304; x_wconf 88' lang='lat' dir='ltr'><em>sanctorum</em></span> <span class='ocrx_word' id='word_1_166' title='bbox 1641 1248 1720 1303; x_wconf 89' lang='lat' dir='ltr'><em>Petri</em></span> <span class='ocrx_word' id='word_1_167' title='bbox 1735 1250 1763 1303; x_wconf 88' lang='lat' dir='ltr'><em>et</em></span> <span class='ocrx_word' id='word_1_168' title='bbox 1779 1248 1870 1315; x_wconf 87' lang='lat' dir='ltr'><em>Pauli,</em></span> 
     </span>
     <span class='ocr_line' id='line_1_28' title="bbox 1040 1333 1872 1408; baseline 0.006 -22"><span class='ocrx_word' id='word_1_169' title='bbox 1040 1333 1163 1389; x_wconf 89' lang='lat' dir='ltr'><em>aliorum</em></span> <span class='ocrx_word' id='word_1_170' title='bbox 1179 1333 1393 1405; x_wconf 85' lang='lat' dir='ltr'><em>apostolorum,</em></span> <span class='ocrx_word' id='word_1_171' title='bbox 1410 1339 1582 1392; x_wconf 86' lang='lat' dir='ltr'><em>sanctorum</em></span> <span class='ocrx_word' id='word_1_172' title='bbox 1597 1339 1767 1408; x_wconf 69' lang='lat' dir='ltr'><em>martyrum,</em></span> <span class='ocrx_word' id='word_1_173' title='bbox 1778 1336 1872 1391; x_wconf 89' lang='lat' dir='ltr'><em>sancti</em></span> 
     </span>
     <span class='ocr_line' id='line_1_29' title="bbox 1041 1421 1872 1494; baseline 0.004 -19"><span class='ocrx_word' id='word_1_174' title='bbox 1041 1421 1167 1492; x_wconf 87' lang='lat' dir='ltr'><em>Martini,</em></span> <span class='ocrx_word' id='word_1_175' title='bbox 1184 1423 1279 1477; x_wconf 89' lang='lat' dir='ltr'><em>sancti</em></span> <span class='ocrx_word' id='word_1_176' title='bbox 1294 1423 1456 1494; x_wconf 84' lang='lat' dir='ltr'><em>Benedicti,</em></span> <span class='ocrx_word' id='word_1_177' title='bbox 1469 1427 1640 1479; x_wconf 89' lang='lat' dir='ltr'><em>sanctorum</em></span> <span class='ocrx_word' id='word_1_178' title='bbox 1650 1425 1739 1479; x_wconf 88' lang='lat' dir='ltr'><em>simul</em></span> <span class='ocrx_word' id='word_1_179' title='bbox 1751 1423 1872 1479; x_wconf 83' lang='lat' dir='ltr'><em>Petrum</em></span> 
     </span>
     <span class='ocr_line' id='line_1_30' title="bbox 1040 1509 1872 1584; baseline 0.007 -21"><span class='ocrx_word' id='word_1_180' title='bbox 1040 1509 1179 1576; x_wconf 90' lang='lat' dir='ltr'><em>Oddonis,</em></span> <span class='ocrx_word' id='word_1_181' title='bbox 1198 1510 1303 1583; x_wconf 76' lang='lat' dir='ltr'><em>llajori</em></span> <span class='ocrx_word' id='word_1_182' title='bbox 1317 1515 1404 1583; x_wconf 89' lang='lat' dir='ltr'><em>atque</em></span> <span class='ocrx_word' id='word_1_183' title='bbox 1420 1512 1564 1584; x_wconf 92' lang='lat' dir='ltr'><em>Odilonis,</em></span> <span class='ocrx_word' id='word_1_184' title='bbox 1581 1515 1610 1568; x_wconf 90' lang='lat' dir='ltr'><em>et</em></span> <span class='ocrx_word' id='word_1_185' title='bbox 1620 1513 1784 1569; x_wconf 84' lang='lat' dir='ltr'><em>novissime</em></span> <span class='ocrx_word' id='word_1_186' title='bbox 1797 1528 1872 1569; x_wconf 89' lang='lat' dir='ltr'><em>con·</em></span> 
     </span>
     <span class='ocr_line' id='line_1_31' title="bbox 1041 1597 1869 1673; baseline 0.006 -21"><span class='ocrx_word' id='word_1_187' title='bbox 1041 1597 1202 1655; x_wconf 89' lang='lat' dir='ltr'><em>lassorum.</em></span> <span class='ocrx_word' id='word_1_188' title='bbox 1219 1600 1300 1655; x_wconf 90' lang='lat' dir='ltr'><em>Duos</em></span> <span class='ocrx_word' id='word_1_189' title='bbox 1315 1601 1458 1672; x_wconf 90' lang='lat' dir='ltr'><em>psalmos,</em></span> <span class='ocrx_word' id='word_1_190' title='bbox 1468 1602 1712 1673; x_wconf 87' lang='lat' dir='ltr'><em>quiaprostratis</em></span> <span class='ocrx_word' id='word_1_191' title='bbox 1723 1602 1869 1673; x_wconf 90' lang='lat' dir='ltr'><em>dicuntur,</em></span> 
     </span>
     <span class='ocr_line' id='line_1_32' title="bbox 1040 1689 1919 1760; baseline 0.007 -19"><span class='ocrx_word' id='word_1_192' title='bbox 1040 1689 1873 1760; x_wconf 86' lang='lat' dir='ltr'><em>sequunturistiversiculi,Domine,nememineris.Ad·</em></span> <span class='ocrx_word' id='word_1_193' title='bbox 1916 1706 1919 1711; x_wconf 88' lang='lat'>·</span> 
     </span>
    </p>
   </div>
   <div class='ocr_carea' id='block_1_7' title="bbox 134 1775 1874 1873">
    <p class='ocr_par' dir='ltr' id='par_1_8' title="bbox 134 1775 1874 1873">
     <span class='ocr_line' id='line_1_33' title="bbox 134 1775 1874 1873; baseline 0.002 -41"><span class='ocrx_word' id='word_1_194' title='bbox 134 1779 288 1847; x_wconf 67' lang='lat' dir='ltr'><em>chonam,</em></span> <span class='ocrx_word' id='word_1_195' title='bbox 306 1778 335 1833; x_wconf 91' lang='lat' dir='ltr'><em>in</em></span> <span class='ocrx_word' id='word_1_196' title='bbox 350 1778 490 1833; x_wconf 91' lang='lat' dir='ltr'><em>omnibus</em></span> <span class='ocrx_word' id='word_1_197' title='bbox 505 1778 629 1844; x_wconf 82' lang='lat' dir='ltr'><em>octavis,</em></span> <span class='ocrx_word' id='word_1_198' title='bbox 654 1782 683 1842; x_wconf 81' lang='lat' dir='ltr'><em>et</em></span> <span class='ocrx_word' id='word_1_199' title='bbox 704 1792 720 1831; x_wconf 89' lang='lat' dir='ltr'><em>a</em></span> <span class='ocrx_word' id='word_1_200' title='bbox 744 1776 840 1831; x_wconf 84' lang='lat' dir='ltr'><em>Natali</em></span> <span class='ocrx_word' id='word_1_201' title='bbox 862 1775 979 1829; x_wconf 89' lang='lat' dir='ltr'><em>Domini</em></span> <span class='ocrx_word' id='word_1_202' title='bbox 995 1812 1018 1873; x_wconf 74' lang='grc' dir='ltr'>Β</span> <span class='ocrx_word' id='word_1_203' title='bbox 1037 1776 1106 1846; x_wconf 77' lang='lat' dir='ltr'><em>iuva</em></span> <span class='ocrx_word' id='word_1_204' title='bbox 1132 1793 1194 1845; x_wconf 91' lang='lat' dir='ltr'><em>nos,</em></span> <span class='ocrx_word' id='word_1_205' title='bbox 1211 1777 1301 1833; x_wconf 87' lang='lat' dir='ltr'><em>Deus.</em></span> <span class='ocrx_word' id='word_1_206' title='bbox 1319 1778 1444 1834; x_wconf 88' lang='lat' dir='ltr'><em>Domine</em></span> <span class='ocrx_word' id='word_1_207' title='bbox 1467 1795 1523 1833; x_wconf 94' lang='lat' dir='ltr'><em>non</em></span> <span class='ocrx_word' id='word_1_208' title='bbox 1548 1781 1718 1834; x_wconf 86' lang='lat' dir='ltr'><em>secundnm.</em></span> <span class='ocrx_word' id='word_1_209' title='bbox 1743 1779 1874 1835; x_wconf 83' lang='lat' dir='ltr'><em>Ostende</em></span> 
     </span>
    </p>
   </div>
   <div class='ocr_carea' id='block_1_8' title="bbox 125 1863 979 2116">
    <p class='ocr_par' dir='ltr' id='par_1_9' title="bbox 125 1863 979 2116">
     <span class='ocr_line' id='line_1_34' title="bbox 133 1863 978 1939; baseline -0.006 -17"><span class='ocrx_word' id='word_1_210' title='bbox 133 1883 243 1939; x_wconf 73' lang='lat' dir='ltr'><em>usquc</em></span> <span class='ocrx_word' id='word_1_211' title='bbox 267 1866 305 1922; x_wconf 89' lang='lat' dir='ltr'><em>ad</em></span> <span class='ocrx_word' id='word_1_212' title='bbox 328 1866 533 1938; x_wconf 81' lang='lat' dir='ltr'><em>Epiphaniam,</em></span> <span class='ocrx_word' id='word_1_213' title='bbox 558 1868 587 1921; x_wconf 89' lang='lat' dir='ltr'><em>et</em></span> <span class='ocrx_word' id='word_1_214' title='bbox 611 1866 641 1920; x_wconf 94' lang='lat' dir='ltr'><em>in</em></span> <span class='ocrx_word' id='word_1_215' title='bbox 670 1869 802 1936; x_wconf 88' lang='lat' dir='ltr'><em>tempore</em></span> <span class='ocrx_word' id='word_1_216' title='bbox 830 1863 978 1933; x_wconf 91' lang='lat' dir='ltr'><em>Paschali,</em></span> 
     </span>
     <span class='ocr_line' id='line_1_35' title="bbox 125 1952 979 2027; baseline -0.004 -18"><span class='ocrx_word' id='word_1_217' title='bbox 125 1955 333 2011; x_wconf 65' lang='lat' dir='ltr'><em>subtrahitur</em></span> <span class='ocrx_word' id='word_1_218' title='bbox 340 1970 457 2027; x_wconf 89' lang='lat' dir='ltr'><em>quoquc</em></span> <span class='ocrx_word' id='word_1_219' title='bbox 466 1955 503 2009; x_wconf 91' lang='lat' dir='ltr'><em>de</em></span> <span class='ocrx_word' id='word_1_220' title='bbox 509 1956 676 2026; x_wconf 77' lang='lat' dir='ltr'><em>praemissis</em></span> <span class='ocrx_word' id='word_1_221' title='bbox 687 1953 845 2010; x_wconf 85' lang='lat' dir='ltr'><em>versiculis</em></span> <span class='ocrx_word' id='word_1_222' title='bbox 853 1967 942 2020; x_wconf 91' lang='lat' dir='ltr'><em>unus,</em></span> <span class='ocrx_word' id='word_1_223' title='bbox 950 1952 979 2006; x_wconf 93' lang='lat' dir='ltr'><em>id</em></span> 
     </span>
     <span class='ocr_line' id='line_1_36' title="bbox 125 2041 979 2116; baseline -0.008 -16"><span class='ocrx_word' id='word_1_224' title='bbox 125 2048 201 2111; x_wconf 68' lang='lat' dir='ltr'><em>ost,</em></span> <span class='ocrx_word' id='word_1_225' title='bbox 219 2043 353 2109; x_wconf 59' lang='lat' dir='ltr'><em>minine,</em></span> <span class='ocrx_word' id='word_1_226' title='bbox 367 2042 468 2099; x_wconf 89' lang='lat' dir='ltr'><em>salvos</em></span> <span class='ocrx_word' id='word_1_227' title='bbox 482 2043 530 2099; x_wconf 84' lang='lat' dir='ltr'><em>iae</em></span> <span class='ocrx_word' id='word_1_228' title='bbox 544 2059 644 2116; x_wconf 78' lang='lat' dir='ltr'><em>repes.</em></span> <span class='ocrx_word' id='word_1_229' title='bbox 656 2044 696 2098; x_wconf 89' lang='lat' dir='ltr'><em>De</em></span> <span class='ocrx_word' id='word_1_230' title='bbox 708 2043 738 2098; x_wconf 91' lang='lat' dir='ltr'><em>S.</em></span> <span class='ocrx_word' id='word_1_231' title='bbox 750 2041 842 2096; x_wconf 84' lang='lat' dir='ltr'><em>Maria</em></span> <span class='ocrx_word' id='word_1_232' title='bbox 857 2056 937 2108; x_wconf 88' lang='lat' dir='ltr'><em>vers,</em></span> <span class='ocrx_word' id='word_1_233' title='bbox 950 2042 979 2094; x_wconf 87' lang='lat' dir='ltr'><em>et</em></span> 
     </span>
    </p>
   </div>
   <div class='ocr_carea' id='block_1_9' title="bbox 1040 1864 1874 2115">
    <p class='ocr_par' dir='ltr' id='par_1_10' title="bbox 1040 1864 1874 2115">
     <span class='ocr_line' id='line_1_37' title="bbox 1040 1864 1873 1939; baseline 0.007 -21"><span class='ocrx_word' id='word_1_234' title='bbox 1040 1864 1136 1920; x_wconf 85' lang='lat' dir='ltr'><em>nobis.</em></span> <span class='ocrx_word' id='word_1_235' title='bbox 1150 1865 1188 1919; x_wconf 84' lang='lat' dir='ltr'><em>Dt</em></span> <span class='ocrx_word' id='word_1_236' title='bbox 1203 1866 1302 1921; x_wconf 90' lang='lat' dir='ltr'><em>veniat</em></span> <span class='ocrx_word' id='word_1_237' title='bbox 1313 1882 1413 1939; x_wconf 90' lang='lat' dir='ltr'><em>super.</em></span> <span class='ocrx_word' id='word_1_238' title='bbox 1426 1867 1531 1922; x_wconf 81' lang='lat' dir='ltr'><em>Postea</em></span> <span class='ocrx_word' id='word_1_239' title='bbox 1548 1868 1670 1922; x_wconf 87' lang='lat' dir='ltr'><em>collecta</em></span> <span class='ocrx_word' id='word_1_240' title='bbox 1684 1868 1873 1939; x_wconf 89' lang='lat' dir='ltr'><em>brevis,quae</em></span> 
     </span>
     <span class='ocr_line' id='line_1_38' title="bbox 1040 1952 1873 2031; baseline 0.006 -24"><span class='ocrx_word' id='word_1_241' title='bbox 1040 1955 1086 2007; x_wconf 88' lang='lat' dir='ltr'><em>est</em></span> <span class='ocrx_word' id='word_1_242' title='bbox 1103 1952 1164 2008; x_wconf 75' lang='lat' dir='ltr'><em>Vox</em></span> <span class='ocrx_word' id='word_1_243' title='bbox 1176 1961 1278 2010; x_wconf 88' lang='lat' dir='ltr'><em>nostra</em></span> <span class='ocrx_word' id='word_1_244' title='bbox 1295 1962 1335 2024; x_wconf 91' lang='lat' dir='ltr'><em>te,</em></span> <span class='ocrx_word' id='word_1_245' title='bbox 1352 1955 1487 2028; x_wconf 87' lang='lat' dir='ltr'><em>Domine,</em></span> <span class='ocrx_word' id='word_1_246' title='bbox 1504 1958 1559 2011; x_wconf 88' lang='lat' dir='ltr'><em>etc.</em></span> <span class='ocrx_word' id='word_1_247' title='bbox 1584 1955 1873 2031; x_wconf 70' lang='lat' dir='ltr'><em>Cuiusmodiqucsi·</em></span> 
     </span>
     <span class='ocr_line' id='line_1_39' title="bbox 1040 2041 1874 2115; baseline 0.006 -21"><span class='ocrx_word' id='word_1_248' title='bbox 1040 2041 1124 2096; x_wconf 89' lang='lat' dir='ltr'><em>miles</em></span> <span class='ocrx_word' id='word_1_249' title='bbox 1141 2043 1171 2096; x_wconf 93' lang='lat' dir='ltr'><em>in</em></span> <span class='ocrx_word' id='word_1_250' title='bbox 1185 2044 1365 2099; x_wconf 88' lang='lat' dir='ltr'><em>collectaneo</em></span> <span class='ocrx_word' id='word_1_251' title='bbox 1381 2044 1481 2113; x_wconf 88' lang='lat' dir='ltr'><em>plures</em></span> <span class='ocrx_word' id='word_1_252' title='bbox 1499 2045 1661 2114; x_wconf 74' lang='lat' dir='ltr'><em>habentur,</em></span> <span class='ocrx_word' id='word_1_253' title='bbox 1672 2049 1701 2100; x_wconf 89' lang='lat' dir='ltr'><em>et</em></span> <span class='ocrx_word' id='word_1_254' title='bbox 1717 2061 1835 2115; x_wconf 90' lang='lat' dir='ltr'><em>semper</em></span> <span class='ocrx_word' id='word_1_255' title='bbox 1843 2045 1874 2099; x_wconf 90' lang='lat' dir='ltr'><em>in</em></span> 
     </span>
    </p>
   </div>
   <div class='ocr_carea' id='block_1_10' title="bbox 105 2129 980 3090">
    <p class='ocr_par' dir='ltr' id='par_1_11' title="bbox 105 2129 980 3090">
     <span class='ocr_line' id='line_1_40' title="bbox 113 2129 979 2204; baseline -0.003 -18"><span class='ocrx_word' id='word_1_256' title='bbox 113 2132 280 2202; x_wconf 69' lang='lat' dir='ltr'><em>collecta,</em></span> <span class='ocrx_word' id='word_1_257' title='bbox 295 2131 370 2187; x_wconf 83' lang='lat' dir='ltr'><em>Post</em></span> <span class='ocrx_word' id='word_1_258' title='bbox 382 2138 512 2204; x_wconf 86' lang='lat' dir='ltr'><em>partum.</em></span> <span class='ocrx_word' id='word_1_259' title='bbox 531 2131 665 2187; x_wconf 83' lang='lat' dir='ltr'><em>Gratiam</em></span> <span class='ocrx_word' id='word_1_260' title='bbox 677 2138 764 2186; x_wconf 88' lang='lat' dir='ltr'><em>tuem.</em></span> <span class='ocrx_word' id='word_1_261' title='bbox 778 2131 867 2194; x_wconf 88' lang='lat' dir='ltr'><em>Deus,</em></span> <span class='ocrx_word' id='word_1_262' title='bbox 878 2129 927 2201; x_wconf 84' lang='lat' dir='ltr'><em>qui</em></span> <span class='ocrx_word' id='word_1_263' title='bbox 941 2129 979 2184; x_wconf 87' lang='lat' dir='ltr'><em>de</em></span> 
     </span>
     <span class='ocr_line' id='line_1_41' title="bbox 116 2218 977 2293; baseline -0.003 -17"><span class='ocrx_word' id='word_1_264' title='bbox 116 2221 175 2277; x_wconf 82' lang='lat' dir='ltr'><em>B.</em></span> <span class='ocrx_word' id='word_1_265' title='bbox 194 2222 317 2289; x_wconf 80' lang='lat' dir='ltr'><em>Mariae,</em></span> <span class='ocrx_word' id='word_1_266' title='bbox 333 2224 389 2275; x_wconf 89' lang='lat' dir='ltr'><em>etc.</em></span> <span class='ocrx_word' id='word_1_267' title='bbox 401 2220 431 2276; x_wconf 88' lang='lat' dir='ltr'><em>Si</em></span> <span class='ocrx_word' id='word_1_268' title='bbox 448 2237 505 2292; x_wconf 87' lang='lat' dir='ltr'><em>qun</em></span> <span class='ocrx_word' id='word_1_269' title='bbox 520 2222 617 2293; x_wconf 73' lang='lat' dir='ltr'><em>magis</em></span> <span class='ocrx_word' id='word_1_270' title='bbox 632 2221 739 2291; x_wconf 89' lang='lat' dir='ltr'><em>placet,</em></span> <span class='ocrx_word' id='word_1_271' title='bbox 756 2235 822 2291; x_wconf 90' lang='lat' dir='ltr'><em>quae</em></span> <span class='ocrx_word' id='word_1_272' title='bbox 837 2221 933 2273; x_wconf 87' lang='lat' dir='ltr'><em>tamen</em></span> <span class='ocrx_word' id='word_1_273' title='bbox 948 2218 977 2273; x_wconf 93' lang='lat' dir='ltr'><em>iu</em></span> 
     </span>
     <span class='ocr_line' id='line_1_42' title="bbox 116 2308 979 2380; baseline -0.003 -16"><span class='ocrx_word' id='word_1_274' title='bbox 116 2324 201 2365; x_wconf 75' lang='lat' dir='ltr'><em>usu</em></span> <span class='ocrx_word' id='word_1_275' title='bbox 219 2310 272 2378; x_wconf 88' lang='lat' dir='ltr'><em>sit,</em></span> <span class='ocrx_word' id='word_1_276' title='bbox 288 2325 374 2365; x_wconf 90' lang='lat' dir='ltr'><em>nemo</em></span> <span class='ocrx_word' id='word_1_277' title='bbox 389 2309 589 2380; x_wconf 86' lang='lat' dir='ltr'><em>reprehendit.</em></span> <span class='ocrx_word' id='word_1_278' title='bbox 603 2309 634 2363; x_wconf 93' lang='lat' dir='ltr'><em>In</em></span> <span class='ocrx_word' id='word_1_279' title='bbox 650 2309 785 2364; x_wconf 79' lang='lat' dir='ltr'><em>Adventu</em></span> <span class='ocrx_word' id='word_1_280' title='bbox 801 2308 919 2362; x_wconf 88' lang='lat' dir='ltr'><em>Domini</em></span> <span class='ocrx_word' id='word_1_281' title='bbox 933 2310 979 2362; x_wconf 85' lang='lat' dir='ltr'><em>est</em></span> 
     </span>
     <span class='ocr_line' id='line_1_43' title="bbox 105 2396 976 2467; baseline -0.006 -14"><span class='ocrx_word' id='word_1_282' title='bbox 105 2399 220 2453; x_wconf 69' lang='lat' dir='ltr'><em>alius</em></span> <span class='ocrx_word' id='word_1_283' title='bbox 236 2413 357 2466; x_wconf 86' lang='lat' dir='ltr'><em>versus,</em></span> <span class='ocrx_word' id='word_1_284' title='bbox 375 2398 403 2453; x_wconf 91' lang='lat' dir='ltr'><em>id</em></span> <span class='ocrx_word' id='word_1_285' title='bbox 420 2400 476 2467; x_wconf 88' lang='lat' dir='ltr'><em>est,</em></span> <span class='ocrx_word' id='word_1_286' title='bbox 495 2397 658 2453; x_wconf 82' lang='lat' dir='ltr'><em>Benedicta</em></span> <span class='ocrx_word' id='word_1_287' title='bbox 674 2403 705 2451; x_wconf 92' lang='grc' dir='ltr'><em>ιιι</em></span> <span class='ocrx_word' id='word_1_288' title='bbox 719 2398 760 2466; x_wconf 91' lang='lat' dir='ltr'><em>iu,</em></span> <span class='ocrx_word' id='word_1_289' title='bbox 773 2399 828 2451; x_wconf 89' lang='lat' dir='ltr'><em>etc.</em></span> <span class='ocrx_word' id='word_1_290' title='bbox 840 2396 894 2450; x_wconf 81' lang='lat' dir='ltr'><em>Ad.</em></span> <span class='ocrx_word' id='word_1_291' title='bbox 907 2399 976 2449; x_wconf 87' lang='lat' dir='ltr'><em>mat.</em></span> 
     </span>
     <span class='ocr_line' id='line_1_44' title="bbox 108 2484 978 2555; baseline -0.002 -16"><span class='ocrx_word' id='word_1_292' title='bbox 108 2484 248 2542; x_wconf 83' lang='lat' dir='ltr'><em>laudes</em></span> <span class='ocrx_word' id='word_1_293' title='bbox 275 2486 310 2541; x_wconf 90' lang='lat' dir='ltr'><em>de</em></span> <span class='ocrx_word' id='word_1_294' title='bbox 335 2487 473 2541; x_wconf 89' lang='lat' dir='ltr'><em>omnibus</em></span> <span class='ocrx_word' id='word_1_295' title='bbox 501 2487 624 2555; x_wconf 88' lang='lat' dir='ltr'><em>sanctis,</em></span> <span class='ocrx_word' id='word_1_296' title='bbox 652 2500 706 2540; x_wconf 90' lang='lat' dir='ltr'><em>nec</em></span> <span class='ocrx_word' id='word_1_297' title='bbox 736 2485 896 2554; x_wconf 89' lang='lat' dir='ltr'><em>capitulum</em></span> <span class='ocrx_word' id='word_1_298' title='bbox 923 2499 978 2540; x_wconf 91' lang='lat' dir='ltr'><em>nec</em></span> 
     </span>
     <span class='ocr_line' id='line_1_45' title="bbox 114 2572 978 2646; baseline -0.005 -16"><span class='ocrx_word' id='word_1_299' title='bbox 114 2575 268 2631; x_wconf 76' lang='lat' dir='ltr'><em>collecta</em></span> <span class='ocrx_word' id='word_1_300' title='bbox 284 2590 413 2646; x_wconf 88' lang='lat' dir='ltr'><em>unquam</em></span> <span class='ocrx_word' id='word_1_301' title='bbox 439 2577 577 2642; x_wconf 87' lang='lat' dir='ltr'><em>mutatur,</em></span> <span class='ocrx_word' id='word_1_302' title='bbox 600 2574 678 2629; x_wconf 89' lang='lat' dir='ltr'><em>sicut</em></span> <span class='ocrx_word' id='word_1_303' title='bbox 701 2572 846 2629; x_wconf 88' lang='lat' dir='ltr'><em>etiamad</em></span> <span class='ocrx_word' id='word_1_304' title='bbox 869 2588 978 2642; x_wconf 86' lang='lat' dir='ltr'><em>vespe-</em></span> 
     </span>
     <span class='ocr_line' id='line_1_46' title="bbox 117 2660 980 2734; baseline -0.005 -17"><span class='ocrx_word' id='word_1_305' title='bbox 117 2678 189 2719; x_wconf 80' lang='lat' dir='ltr'><em>ras</em></span> <span class='ocrx_word' id='word_1_306' title='bbox 200 2682 210 2730; x_wconf 88' lang='lat'>;</span> <span class='ocrx_word' id='word_1_307' title='bbox 229 2664 391 2734; x_wconf 87' lang='lat' dir='ltr'><em>capitulum</em></span> <span class='ocrx_word' id='word_1_308' title='bbox 406 2668 463 2733; x_wconf 88' lang='lat' dir='ltr'><em>est,</em></span> <span class='ocrx_word' id='word_1_309' title='bbox 481 2663 599 2719; x_wconf 88' lang='lat' dir='ltr'><em>Scimus</em></span> <span class='ocrx_word' id='word_1_310' title='bbox 624 2662 756 2734; x_wconf 82' lang='lat' dir='ltr'><em>quoniam</em></span> <span class='ocrx_word' id='word_1_311' title='bbox 783 2660 980 2733; x_wconf 76' lang='lat' dir='ltr'><em>diripentium</em></span> 
     </span>
     <span class='ocr_line' id='line_1_47' title="bbox 116 2749 977 2824; baseline -0.007 -15"><span class='ocrx_word' id='word_1_312' title='bbox 116 2753 247 2819; x_wconf 81' lang='lat' dir='ltr'><em>Deum,</em></span> <span class='ocrx_word' id='word_1_313' title='bbox 264 2754 321 2807; x_wconf 88' lang='lat' dir='ltr'><em>etc.</em></span> <span class='ocrx_word' id='word_1_314' title='bbox 336 2752 476 2824; x_wconf 81' lang='lat' dir='ltr'><em>Collecta,</em></span> <span class='ocrx_word' id='word_1_315' title='bbox 493 2752 630 2818; x_wconf 84' lang='lat' dir='ltr'><em>Faenus,</em></span> <span class='ocrx_word' id='word_1_316' title='bbox 648 2765 825 2823; x_wconf 80' lang='lat' dir='ltr'><em>quaesumus,</em></span> <span class='ocrx_word' id='word_1_317' title='bbox 844 2749 977 2818; x_wconf 91' lang='lat' dir='ltr'><em>Domine,</em></span> 
     </span>
     <span class='ocr_line' id='line_1_48' title="bbox 120 2838 979 2909; baseline -0.005 -12"><span class='ocrx_word' id='word_1_318' title='bbox 120 2840 240 2897; x_wconf 73' lang='lat' dir='ltr'><em>beate</em></span> <span class='ocrx_word' id='word_1_319' title='bbox 255 2841 375 2909; x_wconf 82' lang='lat' dir='ltr'><em>Mariae,</em></span> <span class='ocrx_word' id='word_1_320' title='bbox 392 2843 447 2895; x_wconf 89' lang='lat' dir='ltr'><em>etc.</em></span> <span class='ocrx_word' id='word_1_321' title='bbox 465 2841 510 2895; x_wconf 83' lang='lat' dir='ltr'><em>Ad</em></span> <span class='ocrx_word' id='word_1_322' title='bbox 534 2844 634 2895; x_wconf 87' lang='lat' dir='ltr'><em>matut.</em></span> <span class='ocrx_word' id='word_1_323' title='bbox 661 2841 764 2896; x_wconf 87' lang='lat' dir='ltr'><em>laudes</em></span> <span class='ocrx_word' id='word_1_324' title='bbox 783 2839 818 2893; x_wconf 93' lang='lat' dir='ltr'><em>de</em></span> <span class='ocrx_word' id='word_1_325' title='bbox 840 2838 979 2893; x_wconf 89' lang='lat' dir='ltr'><em>omnibus</em></span> 
     </span>
     <span class='ocr_line' id='line_1_49' title="bbox 121 2927 980 3000; baseline -0.007 -14"><span class='ocrx_word' id='word_1_326' title='bbox 121 2929 270 3000; x_wconf 80' lang='lat' dir='ltr'><em>sanctis,</em></span> <span class='ocrx_word' id='word_1_327' title='bbox 288 2933 355 2999; x_wconf 89' lang='lat' dir='ltr'><em>post</em></span> <span class='ocrx_word' id='word_1_328' title='bbox 371 2929 554 2984; x_wconf 89' lang='lat' dir='ltr'><em>Dominicam</em></span> <span class='ocrx_word' id='word_1_329' title='bbox 565 2930 728 2984; x_wconf 86' lang='lat' dir='ltr'><em>orationem</em></span> <span class='ocrx_word' id='word_1_330' title='bbox 739 2927 894 2982; x_wconf 87' lang='lat' dir='ltr'><em>versiculi:</em></span> <span class='ocrx_word' id='word_1_331' title='bbox 905 2927 980 2981; x_wconf 82' lang='lat' dir='ltr'><em>Post</em></span> 
     </span>
     <span class='ocr_line' id='line_1_50' title="bbox 117 3015 979 3090; baseline -0.006 -16"><span class='ocrx_word' id='word_1_332' title='bbox 117 3024 271 3090; x_wconf 77' lang='lat' dir='ltr'><em>partum.</em></span> <span class='ocrx_word' id='word_1_333' title='bbox 294 3018 329 3072; x_wconf 93' lang='lat' dir='ltr'><em>ln</em></span> <span class='ocrx_word' id='word_1_334' title='bbox 344 3023 503 3090; x_wconf 88' lang='lat' dir='ltr'><em>conspectu</em></span> <span class='ocrx_word' id='word_1_335' title='bbox 518 3033 585 3089; x_wconf 87' lang='lat' dir='ltr'><em>anp.</em></span> <span class='ocrx_word' id='word_1_336' title='bbox 600 3017 702 3073; x_wconf 88' lang='lat' dir='ltr'><em>Nimis</em></span> <span class='ocrx_word' id='word_1_337' title='bbox 720 3015 849 3072; x_wconf 87' lang='lat' dir='ltr'><em>honorii.</em></span> <span class='ocrx_word' id='word_1_338' title='bbox 865 3015 979 3070; x_wconf 77' lang='lat' dir='ltr'><em>Exsul-</em></span> 
     </span>
    </p>
   </div>
   <div class='ocr_carea' id='block_1_11' title="bbox 1040 2129 1873 3090">
    <p class='ocr_par' dir='ltr' id='par_1_12' title="bbox 1040 2129 1873 2820">
     <span class='ocr_line' id='line_1_51' title="bbox 1040 2129 1873 2201; baseline 0.005 -17"><span class='ocrx_word' id='word_1_339' title='bbox 1040 2129 1097 2184; x_wconf 87' lang='lat' dir='ltr'><em>fine</em></span> <span class='ocrx_word' id='word_1_340' title='bbox 1110 2130 1228 2186; x_wconf 85' lang='lat' dir='ltr'><em>additur</em></span> <span class='ocrx_word' id='word_1_341' title='bbox 1241 2131 1281 2185; x_wconf 82' lang='lat' dir='ltr'><em>lit</em></span> <span class='ocrx_word' id='word_1_342' title='bbox 1297 2133 1334 2187; x_wconf 89' lang='lat' dir='ltr'><em>ad</em></span> <span class='ocrx_word' id='word_1_343' title='bbox 1347 2133 1492 2188; x_wconf 75' lang='lat' dir='ltr'><em>benenom</em></span> <span class='ocrx_word' id='word_1_344' title='bbox 1508 2134 1678 2201; x_wconf 87' lang='lat' dir='ltr'><em>recolenda,</em></span> <span class='ocrx_word' id='word_1_345' title='bbox 1692 2136 1747 2189; x_wconf 88' lang='lat' dir='ltr'><em>etc.</em></span> <span class='ocrx_word' id='word_1_346' title='bbox 1756 2133 1800 2188; x_wconf 83' lang='lat' dir='ltr'><em>Ad</em></span> <span class='ocrx_word' id='word_1_347' title='bbox 1811 2135 1873 2189; x_wconf 87' lang='lat' dir='ltr'><em>sin·</em></span> 
     </span>
     <span class='ocr_line' id='line_1_52' title="bbox 1040 2219 1873 2290; baseline 0.004 -17"><span class='ocrx_word' id='word_1_348' title='bbox 1040 2219 1127 2290; x_wconf 76' lang='lat' dir='ltr'><em>gulas</em></span> <span class='ocrx_word' id='word_1_349' title='bbox 1143 2219 1244 2290; x_wconf 89' lang='lat' dir='ltr'><em>horas,</em></span> <span class='ocrx_word' id='word_1_350' title='bbox 1261 2224 1372 2290; x_wconf 85' lang='lat' dir='ltr'><em>praeter</em></span> <span class='ocrx_word' id='word_1_351' title='bbox 1383 2221 1419 2275; x_wconf 91' lang='lat' dir='ltr'><em>ad</em></span> <span class='ocrx_word' id='word_1_352' title='bbox 1435 2222 1593 2276; x_wconf 87' lang='lat' dir='ltr'><em>matutinas</em></span> <span class='ocrx_word' id='word_1_353' title='bbox 1608 2222 1712 2277; x_wconf 90' lang='lat' dir='ltr'><em>laudes</em></span> <span class='ocrx_word' id='word_1_354' title='bbox 1728 2225 1756 2276; x_wconf 90' lang='lat' dir='ltr'><em>et</em></span> <span class='ocrx_word' id='word_1_355' title='bbox 1771 2221 1808 2276; x_wconf 87' lang='lat' dir='ltr'><em>ad</em></span> <span class='ocrx_word' id='word_1_356' title='bbox 1823 2236 1873 2276; x_wconf 90' lang='lat' dir='ltr'><em>ve·</em></span> 
     </span>
     <span class='ocr_line' id='line_1_53' title="bbox 1041 2309 1873 2381; baseline 0.002 -19"><span class='ocrx_word' id='word_1_357' title='bbox 1041 2323 1155 2378; x_wconf 87' lang='lat' dir='ltr'><em>speras,</em></span> <span class='ocrx_word' id='word_1_358' title='bbox 1173 2311 1251 2363; x_wconf 89' lang='lat' dir='ltr'><em>sicut</em></span> <span class='ocrx_word' id='word_1_359' title='bbox 1265 2309 1337 2364; x_wconf 90' lang='lat' dir='ltr'><em>nihil</em></span> <span class='ocrx_word' id='word_1_360' title='bbox 1352 2313 1399 2365; x_wconf 90' lang='lat' dir='ltr'><em>est</em></span> <span class='ocrx_word' id='word_1_361' title='bbox 1414 2310 1542 2364; x_wconf 78' lang='lat' dir='ltr'><em>inedium</em></span> <span class='ocrx_word' id='word_1_362' title='bbox 1559 2310 1634 2364; x_wconf 87' lang='lat' dir='ltr'><em>inter</em></span> <span class='ocrx_word' id='word_1_363' title='bbox 1654 2310 1722 2364; x_wconf 88' lang='lat' dir='ltr'><em>illos</em></span> <span class='ocrx_word' id='word_1_364' title='bbox 1746 2312 1873 2381; x_wconf 87' lang='lat' dir='ltr'><em>quatuor</em></span> 
     </span>
     <span class='ocr_line' id='line_1_54' title="bbox 1040 2396 1873 2469; baseline 0.002 -20"><span class='ocrx_word' id='word_1_365' title='bbox 1040 2396 1181 2466; x_wconf 89' lang='lat' dir='ltr'><em>psalmos,</em></span> <span class='ocrx_word' id='word_1_366' title='bbox 1196 2414 1273 2468; x_wconf 90' lang='lat' dir='ltr'><em>quos</em></span> <span class='ocrx_word' id='word_1_367' title='bbox 1289 2414 1379 2468; x_wconf 90' lang='lat' dir='ltr'><em>supra</em></span> <span class='ocrx_word' id='word_1_368' title='bbox 1395 2398 1556 2454; x_wconf 73' lang='lat' dir='ltr'><em>mentoravi</em></span> <span class='ocrx_word' id='word_1_369' title='bbox 1571 2398 1711 2453; x_wconf 87' lang='lat' dir='ltr'><em>horarum</em></span> <span class='ocrx_word' id='word_1_370' title='bbox 1728 2397 1873 2469; x_wconf 90' lang='lat' dir='ltr'><em>appendi·</em></span> 
     </span>
     <span class='ocr_line' id='line_1_55' title="bbox 1041 2486 1873 2557; baseline 0.002 -19"><span class='ocrx_word' id='word_1_371' title='bbox 1041 2486 1115 2554; x_wconf 83' lang='lat' dir='ltr'><em>ciue,</em></span> <span class='ocrx_word' id='word_1_372' title='bbox 1132 2488 1160 2540; x_wconf 90' lang='lat' dir='ltr'><em>ct</em></span> <span class='ocrx_word' id='word_1_373' title='bbox 1173 2487 1249 2541; x_wconf 88' lang='lat' dir='ltr'><em>iuter</em></span> <span class='ocrx_word' id='word_1_374' title='bbox 1263 2486 1339 2541; x_wconf 91' lang='lat' dir='ltr'><em>istos</em></span> <span class='ocrx_word' id='word_1_375' title='bbox 1354 2488 1430 2542; x_wconf 89' lang='lat' dir='ltr'><em>duos</em></span> <span class='ocrx_word' id='word_1_376' title='bbox 1447 2489 1579 2556; x_wconf 86' lang='lat' dir='ltr'><em>psalmos</em></span> <span class='ocrx_word' id='word_1_377' title='bbox 1589 2503 1596 2557; x_wconf 87' lang='lat'>;</span> <span class='ocrx_word' id='word_1_378' title='bbox 1606 2487 1650 2542; x_wconf 90' lang='lat' dir='ltr'><em>sic</em></span> <span class='ocrx_word' id='word_1_379' title='bbox 1660 2487 1748 2541; x_wconf 88' lang='lat' dir='ltr'><em>ctiam</em></span> <span class='ocrx_word' id='word_1_380' title='bbox 1763 2490 1791 2541; x_wconf 91' lang='lat' dir='ltr'><em>et</em></span> <span class='ocrx_word' id='word_1_381' title='bbox 1805 2503 1873 2542; x_wconf 87' lang='lat' dir='ltr'><em>ver-</em></span> 
     </span>
     <span class='ocr_line' id='line_1_56' title="bbox 1041 2573 1873 2647; baseline 0.005 -21"><span class='ocrx_word' id='word_1_382' title='bbox 1041 2588 1096 2627; x_wconf 85' lang='lat' dir='ltr'><em>sus</em></span> <span class='ocrx_word' id='word_1_383' title='bbox 1111 2573 1279 2629; x_wconf 80' lang='lat' dir='ltr'><em>etcollcctae</em></span> <span class='ocrx_word' id='word_1_384' title='bbox 1291 2577 1443 2629; x_wconf 89' lang='lat' dir='ltr'><em>amborum</em></span> <span class='ocrx_word' id='word_1_385' title='bbox 1456 2576 1543 2630; x_wconf 88' lang='lat' dir='ltr'><em>simul</em></span> <span class='ocrx_word' id='word_1_386' title='bbox 1557 2575 1873 2647; x_wconf 73' lang='lat' dir='ltr'><em>conjunguntur,etad</em></span> 
     </span>
     <span class='ocr_line' id='line_1_57' title="bbox 1040 2662 1871 2734; baseline 0.006 -20"><span class='ocrx_word' id='word_1_387' title='bbox 1040 2677 1183 2731; x_wconf 87' lang='lat' dir='ltr'><em>vesperas</em></span> <span class='ocrx_word' id='word_1_388' title='bbox 1200 2662 1228 2716; x_wconf 93' lang='lat' dir='ltr'><em>hi</em></span> <span class='ocrx_word' id='word_1_389' title='bbox 1240 2663 1276 2716; x_wconf 91' lang='lat' dir='ltr'><em>de</em></span> <span class='ocrx_word' id='word_1_390' title='bbox 1286 2663 1409 2718; x_wconf 90' lang='lat' dir='ltr'><em>canticis</em></span> <span class='ocrx_word' id='word_1_391' title='bbox 1421 2667 1491 2718; x_wconf 91' lang='lat' dir='ltr'><em>sunt</em></span> <span class='ocrx_word' id='word_1_392' title='bbox 1500 2664 1627 2734; x_wconf 87' lang='lat' dir='ltr'><em>priores,</em></span> <span class='ocrx_word' id='word_1_393' title='bbox 1636 2664 1714 2718; x_wconf 90' lang='lat' dir='ltr'><em>sicut</em></span> <span class='ocrx_word' id='word_1_394' title='bbox 1723 2665 1752 2718; x_wconf 92' lang='lat' dir='ltr'><em>et</em></span> <span class='ocrx_word' id='word_1_395' title='bbox 1766 2664 1871 2734; x_wconf 91' lang='lat' dir='ltr'><em>inipso</em></span> 
     </span>
     <span class='ocr_line' id='line_1_58' title="bbox 1041 2749 1324 2820; baseline 0.011 -18"><span class='ocrx_word' id='word_1_396' title='bbox 1041 2749 1115 2805; x_wconf 90' lang='lat' dir='ltr'><em>libro</em></span> <span class='ocrx_word' id='word_1_397' title='bbox 1132 2751 1324 2820; x_wconf 87' lang='lat' dir='ltr'><em>psalmorum.</em></span> 
     </span>
    </p>

    <p class='ocr_par' dir='ltr' id='par_1_13' title="bbox 1040 2839 1873 3090">
     <span class='ocr_line' id='line_1_59' title="bbox 1076 2839 1869 2914; baseline 0.006 -22"><span class='ocrx_word' id='word_1_398' title='bbox 1076 2839 1196 2893; x_wconf 87' lang='lat' dir='ltr'><em>Letania</em></span> <span class='ocrx_word' id='word_1_399' title='bbox 1212 2840 1251 2893; x_wconf 86' lang='lat' dir='ltr'><em>ita</em></span> <span class='ocrx_word' id='word_1_400' title='bbox 1265 2840 1439 2896; x_wconf 89' lang='lat' dir='ltr'><em>inchoatur:</em></span> <span class='ocrx_word' id='word_1_401' title='bbox 1456 2841 1561 2914; x_wconf 76' lang='lat' dir='ltr'><em>Kyrie,</em></span> <span class='ocrx_word' id='word_1_402' title='bbox 1589 2841 1711 2913; x_wconf 90' lang='lat' dir='ltr'><em>eleison,</em></span> <span class='ocrx_word' id='word_1_403' title='bbox 1738 2841 1869 2907; x_wconf 87' lang='lat' dir='ltr'><em>Christe,</em></span> 
     </span>
     <span class='ocr_line' id='line_1_60' title="bbox 1042 2927 1872 3002; baseline 0.004 -20"><span class='ocrx_word' id='word_1_404' title='bbox 1042 2927 1164 2997; x_wconf 87' lang='lat' dir='ltr'><em>eleison,</em></span> <span class='ocrx_word' id='word_1_405' title='bbox 1184 2928 1315 2996; x_wconf 87' lang='lat' dir='ltr'><em>Christe,</em></span> <span class='ocrx_word' id='word_1_406' title='bbox 1326 2930 1396 2983; x_wconf 87' lang='lat' dir='ltr'><em>andi</em></span> <span class='ocrx_word' id='word_1_407' title='bbox 1411 2946 1473 2998; x_wconf 87' lang='lat' dir='ltr'><em>nos,</em></span> <span class='ocrx_word' id='word_1_408' title='bbox 1491 2936 1547 2985; x_wconf 87' lang='lat' dir='ltr'><em>etc.</em></span> <span class='ocrx_word' id='word_1_409' title='bbox 1565 2931 1606 2985; x_wconf 89' lang='lat' dir='ltr'><em>lta</em></span> <span class='ocrx_word' id='word_1_410' title='bbox 1622 2932 1763 3002; x_wconf 87' lang='lat' dir='ltr'><em>deinceps</em></span> <span class='ocrx_word' id='word_1_411' title='bbox 1779 2932 1872 2986; x_wconf 89' lang='lat' dir='ltr'><em>nomi·</em></span> 
     </span>
     <span class='ocr_line' id='line_1_61' title="bbox 1040 3017 1873 3090; baseline 0.002 -19"><span class='ocrx_word' id='word_1_412' title='bbox 1040 3019 1148 3071; x_wconf 87' lang='lat' dir='ltr'><em>uantur</em></span> <span class='ocrx_word' id='word_1_413' title='bbox 1163 3018 1199 3071; x_wconf 91' lang='lat' dir='ltr'><em>dc</em></span> <span class='ocrx_word' id='word_1_414' title='bbox 1215 3017 1329 3071; x_wconf 89' lang='lat' dir='ltr'><em>sanctis</em></span> <span class='ocrx_word' id='word_1_415' title='bbox 1343 3017 1411 3087; x_wconf 88' lang='lat' dir='ltr'><em>plus</em></span> <span class='ocrx_word' id='word_1_416' title='bbox 1427 3019 1525 3072; x_wconf 89' lang='lat' dir='ltr'><em>minus</em></span> <span class='ocrx_word' id='word_1_417' title='bbox 1542 3022 1729 3090; x_wconf 78' lang='lat' dir='ltr'><em>septuaginta</em></span> <span class='ocrx_word' id='word_1_418' title='bbox 1744 3018 1873 3073; x_wconf 77' lang='lat' dir='ltr'><em>tresSe·</em></span> 
     </span>
    </p>
   </div>
   <div class='ocr_carea' id='block_1_12' title="bbox 118 3105 979 4505">
    <p class='ocr_par' dir='ltr' id='par_1_14' title="bbox 121 3105 978 3268">
     <span class='ocr_line' id='line_1_62' title="bbox 122 3105 978 3163; baseline -0.005 -2"><span class='ocrx_word' id='word_1_419' title='bbox 122 3108 247 3163; x_wconf 83' lang='lat' dir='ltr'><em>tabunt</em></span> <span class='ocrx_word' id='word_1_420' title='bbox 263 3106 373 3161; x_wconf 86' lang='lat' dir='ltr'><em>sancti.</em></span> <span class='ocrx_word' id='word_1_421' title='bbox 385 3106 567 3162; x_wconf 88' lang='lat' dir='ltr'><em>Sacerdotes</em></span> <span class='ocrx_word' id='word_1_422' title='bbox 578 3107 621 3161; x_wconf 92' lang='lat' dir='ltr'><em>tui</em></span> <span class='ocrx_word' id='word_1_423' title='bbox 635 3107 768 3161; x_wconf 89' lang='lat' dir='ltr'><em>induant.</em></span> <span class='ocrx_word' id='word_1_424' title='bbox 781 3105 978 3161; x_wconf 85' lang='lat' dir='ltr'><em>Addueentnr</em></span> 
     </span>
     <span class='ocr_line' id='line_1_63' title="bbox 121 3193 761 3268; baseline -0.003 -17"><span class='ocrx_word' id='word_1_425' title='bbox 121 3195 216 3268; x_wconf 72' lang='lat' dir='ltr'><em>Repi</em></span> <span class='ocrx_word' id='word_1_426' title='bbox 236 3195 317 3266; x_wconf 80' lang='lat' dir='ltr'><em>virp.</em></span> <span class='ocrx_word' id='word_1_427' title='bbox 328 3194 481 3266; x_wconf 75' lang='lat' dir='ltr'><em>Excerpe,</em></span> <span class='ocrx_word' id='word_1_428' title='bbox 498 3195 632 3264; x_wconf 92' lang='lat' dir='ltr'><em>Domine,</em></span> <span class='ocrx_word' id='word_1_429' title='bbox 645 3193 761 3267; x_wconf 68' lang='lat' dir='ltr'><em>adjuva.</em></span> 
     </span>
    </p>

    <p class='ocr_par' dir='ltr' id='par_1_15' title="bbox 118 3281 979 4505">
     <span class='ocr_line' id='line_1_64' title="bbox 168 3281 976 3339; baseline -0.004 -1"><span class='ocrx_word' id='word_1_430' title='bbox 168 3283 222 3338; x_wconf 84' lang='lat' dir='ltr'><em>Ad</em></span> <span class='ocrx_word' id='word_1_431' title='bbox 239 3282 449 3339; x_wconf 84' lang='lat' dir='ltr'><em>detunctorum</em></span> <span class='ocrx_word' id='word_1_432' title='bbox 473 3285 573 3339; x_wconf 88' lang='lat' dir='ltr'><em>matut.</em></span> <span class='ocrx_word' id='word_1_433' title='bbox 593 3284 732 3339; x_wconf 91' lang='lat' dir='ltr'><em>dicuntur</em></span> <span class='ocrx_word' id='word_1_434' title='bbox 753 3283 800 3338; x_wconf 78' lang='lat' dir='ltr'><em>hm</em></span> <span class='ocrx_word' id='word_1_435' title='bbox 825 3281 976 3337; x_wconf 86' lang='lat' dir='ltr'><em>collectae:</em></span> 
     </span>
     <span class='ocr_line' id='line_1_65' title="bbox 120 3371 977 3444; baseline -0.005 -17"><span class='ocrx_word' id='word_1_436' title='bbox 120 3372 223 3428; x_wconf 87' lang='lat' dir='ltr'><em>Deus</em></span> <span class='ocrx_word' id='word_1_437' title='bbox 240 3372 291 3426; x_wconf 91' lang='lat' dir='ltr'><em>cui</em></span> <span class='ocrx_word' id='word_1_438' title='bbox 304 3373 466 3444; x_wconf 89' lang='lat' dir='ltr'><em>proprium.</em></span> <span class='ocrx_word' id='word_1_439' title='bbox 483 3371 612 3440; x_wconf 82' lang='lat' dir='ltr'><em>Praesta,</em></span> <span class='ocrx_word' id='word_1_440' title='bbox 628 3372 751 3427; x_wconf 90' lang='lat' dir='ltr'><em>Domine</em></span> <span class='ocrx_word' id='word_1_441' title='bbox 761 3386 934 3444; x_wconf 72' lang='lat' dir='ltr'><em>quesumus,</em></span> <span class='ocrx_word' id='word_1_442' title='bbox 948 3375 977 3424; x_wconf 93' lang='lat' dir='ltr'><em>ut</em></span> 
     </span>
     <span class='ocr_line' id='line_1_66' title="bbox 124 3459 976 3533; baseline -0.006 -17"><span class='ocrx_word' id='word_1_443' title='bbox 124 3462 253 3516; x_wconf 80' lang='lat' dir='ltr'><em>anima.</em></span> <span class='ocrx_word' id='word_1_444' title='bbox 268 3459 462 3531; x_wconf 89' lang='lat' dir='ltr'><em>Omnipotens</em></span> <span class='ocrx_word' id='word_1_445' title='bbox 470 3462 652 3533; x_wconf 79' lang='lat' dir='ltr'><em>scorpiterme</em></span> <span class='ocrx_word' id='word_1_446' title='bbox 660 3461 750 3531; x_wconf 90' lang='lat' dir='ltr'><em>Deus,</em></span> <span class='ocrx_word' id='word_1_447' title='bbox 762 3462 809 3516; x_wconf 92' lang='lat' dir='ltr'><em>cui</em></span> <span class='ocrx_word' id='word_1_448' title='bbox 823 3475 976 3531; x_wconf 85' lang='lat' dir='ltr'><em>nunquam.</em></span> 
     </span>
     <span class='ocr_line' id='line_1_67' title="bbox 123 3547 979 3621; baseline -0.006 -15"><span class='ocrx_word' id='word_1_449' title='bbox 123 3549 234 3620; x_wconf 85' lang='lat' dir='ltr'><em>Deus,</em></span> <span class='ocrx_word' id='word_1_450' title='bbox 246 3552 341 3604; x_wconf 81' lang='lat' dir='ltr'><em>veniae</em></span> <span class='ocrx_word' id='word_1_451' title='bbox 349 3547 488 3621; x_wconf 76' lang='lat' dir='ltr'><em>larpitor.</em></span> <span class='ocrx_word' id='word_1_452' title='bbox 497 3549 586 3615; x_wconf 89' lang='lat' dir='ltr'><em>Deus,</em></span> <span class='ocrx_word' id='word_1_453' title='bbox 596 3549 888 3621; x_wconf 81' lang='lat' dir='ltr'><em>cujusmiseratioue,</em></span> <span class='ocrx_word' id='word_1_454' title='bbox 898 3548 979 3612; x_wconf 72' lang='lat' dir='ltr'><em>Quae</em></span> 
     </span>
     <span class='ocr_line' id='line_1_68' title="bbox 121 3636 976 3710; baseline -0.006 -15"><span class='ocrx_word' id='word_1_455' title='bbox 121 3654 255 3707; x_wconf 73' lang='lat' dir='ltr'><em>sumus,</em></span> <span class='ocrx_word' id='word_1_456' title='bbox 275 3636 408 3706; x_wconf 88' lang='lat' dir='ltr'><em>Domine,</em></span> <span class='ocrx_word' id='word_1_457' title='bbox 422 3644 567 3710; x_wconf 86' lang='lat' dir='ltr'><em>perpetue</em></span> <span class='ocrx_word' id='word_1_458' title='bbox 579 3640 702 3709; x_wconf 90' lang='lat' dir='ltr'><em>pietate.</em></span> <span class='ocrx_word' id='word_1_459' title='bbox 719 3636 976 3705; x_wconf 83' lang='lat' dir='ltr'><em>Fidelium,Dcas,</em></span> 
     </span>
     <span class='ocr_line' id='line_1_69' title="bbox 118 3723 973 3796; baseline -0.005 -14"><span class='ocrx_word' id='word_1_460' title='bbox 118 3729 281 3785; x_wconf 85' lang='lat' dir='ltr'><em>omnium.</em></span> <span class='ocrx_word' id='word_1_461' title='bbox 298 3725 394 3780; x_wconf 88' lang='lat' dir='ltr'><em>Prima</em></span> <span class='ocrx_word' id='word_1_462' title='bbox 409 3729 457 3781; x_wconf 88' lang='lat' dir='ltr'><em>est</em></span> <span class='ocrx_word' id='word_1_463' title='bbox 478 3741 532 3795; x_wconf 88' lang='lat' dir='ltr'><em>pro</em></span> <span class='ocrx_word' id='word_1_464' title='bbox 547 3726 690 3781; x_wconf 89' lang='lat' dir='ltr'><em>iratribus</em></span> <span class='ocrx_word' id='word_1_465' title='bbox 705 3723 973 3796; x_wconf 80' lang='lat' dir='ltr'><em>supendciuuetis,</em></span> 
     </span>
     <span class='ocr_line' id='line_1_70' title="bbox 122 3813 978 3887; baseline -0.008 -14"><span class='ocrx_word' id='word_1_466' title='bbox 122 3831 193 3886; x_wconf 80' lang='lat' dir='ltr'><em>pro</em></span> <span class='ocrx_word' id='word_1_467' title='bbox 210 3814 326 3887; x_wconf 88' lang='lat' dir='ltr'><em>quibus</em></span> <span class='ocrx_word' id='word_1_468' title='bbox 342 3817 456 3885; x_wconf 89' lang='lat' dir='ltr'><em>septem</em></span> <span class='ocrx_word' id='word_1_469' title='bbox 471 3813 568 3869; x_wconf 89' lang='lat' dir='ltr'><em>cilicia</em></span> <span class='ocrx_word' id='word_1_470' title='bbox 582 3816 612 3869; x_wconf 91' lang='lat' dir='ltr'><em>in</em></span> <span class='ocrx_word' id='word_1_471' title='bbox 637 3818 784 3870; x_wconf 89' lang='lat' dir='ltr'><em>conventu</em></span> <span class='ocrx_word' id='word_1_472' title='bbox 799 3814 978 3886; x_wconf 80' lang='lat' dir='ltr'><em>generaliter</em></span> 
     </span>
     <span class='ocr_line' id='line_1_71' title="bbox 123 3901 976 3975; baseline -0.004 -17"><span class='ocrx_word' id='word_1_473' title='bbox 123 3908 212 3961; x_wconf 72' lang='lat' dir='ltr'><em>aunt</em></span> <span class='ocrx_word' id='word_1_474' title='bbox 228 3902 363 3975; x_wconf 74' lang='lat' dir='ltr'><em>agenda·;</em></span> <span class='ocrx_word' id='word_1_475' title='bbox 376 3903 507 3958; x_wconf 87' lang='lat' dir='ltr'><em>secunda</em></span> <span class='ocrx_word' id='word_1_476' title='bbox 523 3919 576 3972; x_wconf 89' lang='lat' dir='ltr'><em>pro</em></span> <span class='ocrx_word' id='word_1_477' title='bbox 585 3902 790 3958; x_wconf 88' lang='lat' dir='ltr'><em>anniversario</em></span> <span class='ocrx_word' id='word_1_478' title='bbox 801 3901 976 3973; x_wconf 89' lang='lat' dir='ltr'><em>incapitulo,</em></span> 
     </span>
     <span class='ocr_line' id='line_1_72' title="bbox 123 3990 977 4062; baseline -0.005 -14"><span class='ocrx_word' id='word_1_479' title='bbox 123 3993 350 4049; x_wconf 81' lang='lat' dir='ltr'><em>recitatorum:</em></span> <span class='ocrx_word' id='word_1_480' title='bbox 364 3992 448 4047; x_wconf 88' lang='lat' dir='ltr'><em>tertia</em></span> <span class='ocrx_word' id='word_1_481' title='bbox 458 4006 512 4062; x_wconf 90' lang='lat' dir='ltr'><em>pro</em></span> <span class='ocrx_word' id='word_1_482' title='bbox 527 3991 641 4046; x_wconf 90' lang='lat' dir='ltr'><em>cunctis</em></span> <span class='ocrx_word' id='word_1_483' title='bbox 654 3990 849 4046; x_wconf 81' lang='lat' dir='ltr'><em>familiaribus</em></span> <span class='ocrx_word' id='word_1_484' title='bbox 864 3990 977 4045; x_wconf 87' lang='lat' dir='ltr'><em>nostris</em></span> 
     </span>
     <span class='ocr_line' id='line_1_73' title="bbox 122 4077 978 4151; baseline -0.001 -18"><span class='ocrx_word' id='word_1_485' title='bbox 122 4077 316 4150; x_wconf 69' lang='lat' dir='ltr'><em>defunctis,</em></span> <span class='ocrx_word' id='word_1_486' title='bbox 332 4083 436 4151; x_wconf 88' lang='lat' dir='ltr'><em>quarta</em></span> <span class='ocrx_word' id='word_1_487' title='bbox 450 4096 504 4149; x_wconf 88' lang='lat' dir='ltr'><em>pro</em></span> <span class='ocrx_word' id='word_1_488' title='bbox 527 4079 676 4134; x_wconf 87' lang='lat' dir='ltr'><em>delunclis</em></span> <span class='ocrx_word' id='word_1_489' title='bbox 698 4080 859 4145; x_wconf 73' lang='lat' dir='ltr'><em>iratribus,</em></span> <span class='ocrx_word' id='word_1_490' title='bbox 877 4080 978 4150; x_wconf 88' lang='lat' dir='ltr'><em>quinta</em></span> 
     </span>
     <span class='ocr_line' id='line_1_74' title="bbox 123 4167 977 4238; baseline -0.008 -11"><span class='ocrx_word' id='word_1_491' title='bbox 123 4184 195 4238; x_wconf 76' lang='lat' dir='ltr'><em>pro</em></span> <span class='ocrx_word' id='word_1_492' title='bbox 213 4168 355 4226; x_wconf 88' lang='lat' dir='ltr'><em>omnibus</em></span> <span class='ocrx_word' id='word_1_493' title='bbox 368 4168 400 4225; x_wconf 90' lang='lat' dir='ltr'><em>in</em></span> <span class='ocrx_word' id='word_1_494' title='bbox 415 4167 480 4223; x_wconf 91' lang='lat' dir='ltr'><em>loco</em></span> <span class='ocrx_word' id='word_1_495' title='bbox 495 4171 605 4223; x_wconf 67' lang='lat' dir='ltr'><em>nostro.</em></span> <span class='ocrx_word' id='word_1_496' title='bbox 614 4167 741 4236; x_wconf 86' lang='lat' dir='ltr'><em>sepultis</em></span> <span class='ocrx_word' id='word_1_497' title='bbox 751 4183 758 4238; x_wconf 74' lang='grc' dir='ltr'><strong>ς</strong></span> <span class='ocrx_word' id='word_1_498' title='bbox 768 4170 851 4222; x_wconf 81' lang='lat' dir='ltr'><em>sexta</em></span> <span class='ocrx_word' id='word_1_499' title='bbox 860 4182 912 4235; x_wconf 88' lang='lat' dir='ltr'><em>pro</em></span> <span class='ocrx_word' id='word_1_500' title='bbox 923 4182 977 4220; x_wconf 92' lang='lat' dir='ltr'><em>no-</em></span> 
     </span>
     <span class='ocr_line' id='line_1_75' title="bbox 126 4254 977 4325; baseline -0.001 -15"><span class='ocrx_word' id='word_1_501' title='bbox 126 4259 216 4314; x_wconf 74' lang='lat' dir='ltr'><em>stris</em></span> <span class='ocrx_word' id='word_1_502' title='bbox 234 4255 505 4313; x_wconf 86' lang='lat' dir='ltr'><em>sororibusetaliis</em></span> <span class='ocrx_word' id='word_1_503' title='bbox 515 4255 633 4311; x_wconf 88' lang='lat' dir='ltr'><em>leminis</em></span> <span class='ocrx_word' id='word_1_504' title='bbox 644 4254 840 4309; x_wconf 78' lang='lat' dir='ltr'><em>familiaribus</em></span> <span class='ocrx_word' id='word_1_505' title='bbox 852 4255 977 4325; x_wconf 67' lang='lat' dir='ltr'><em>nostris,</em></span> 
     </span>
     <span class='ocr_line' id='line_1_76' title="bbox 128 4342 975 4418; baseline -0.007 -15"><span class='ocrx_word' id='word_1_506' title='bbox 128 4347 271 4418; x_wconf 77' lang='lat' dir='ltr'><em>septima</em></span> <span class='ocrx_word' id='word_1_507' title='bbox 279 4361 333 4417; x_wconf 90' lang='lat' dir='ltr'><em>pro</em></span> <span class='ocrx_word' id='word_1_508' title='bbox 344 4345 483 4401; x_wconf 87' lang='lat' dir='ltr'><em>omnibus</em></span> <span class='ocrx_word' id='word_1_509' title='bbox 497 4343 636 4399; x_wconf 84' lang='lat' dir='ltr'><em>fidelibus</em></span> <span class='ocrx_word' id='word_1_510' title='bbox 652 4342 810 4399; x_wconf 84' lang='lat' dir='ltr'><em>defunctis.</em></span> <span class='ocrx_word' id='word_1_511' title='bbox 819 4343 851 4398; x_wconf 89' lang='lat' dir='ltr'><em>ln</em></span> <span class='ocrx_word' id='word_1_512' title='bbox 862 4346 975 4412; x_wconf 74' lang='lat' dir='ltr'><em>aestate,</em></span> 
     </span>
     <span class='ocr_line' id='line_1_77' title="bbox 131 4433 977 4505; baseline -0.002 -18"><span class='ocrx_word' id='word_1_513' title='bbox 131 4440 222 4491; x_wconf 81' lang='lat' dir='ltr'><em>eleo</em></span> <span class='ocrx_word' id='word_1_514' title='bbox 240 4437 446 4505; x_wconf 84' lang='lat' dir='ltr'><em>temporeque</em></span> <span class='ocrx_word' id='word_1_515' title='bbox 465 4433 597 4488; x_wconf 85' lang='lat' dir='ltr'><em>cilicium</em></span> <span class='ocrx_word' id='word_1_516' title='bbox 623 4447 682 4487; x_wconf 91' lang='lat' dir='ltr'><em>non</em></span> <span class='ocrx_word' id='word_1_517' title='bbox 705 4434 804 4505; x_wconf 75' lang='lat' dir='ltr'><em>agitur</em></span> <span class='ocrx_word' id='word_1_518' title='bbox 826 4433 856 4486; x_wconf 92' lang='lat' dir='ltr'><em>in</em></span> <span class='ocrx_word' id='word_1_519' title='bbox 880 4437 977 4501; x_wconf 85' lang='lat' dir='ltr'><em>nocte,</em></span> 
     </span>
    </p>
   </div>
   <div class='ocr_carea' id='block_1_13' title="bbox 993 3173 1017 3235">
    <p class='ocr_par' dir='ltr' id='par_1_16' title="bbox 993 3173 1017 3235">
     <span class='ocr_line' id='line_1_78' title="bbox 993 3173 1017 3235; baseline 0 -8"><span class='ocrx_word' id='word_1_520' title='bbox 993 3173 1017 3235; x_wconf 81' lang='lat' dir='ltr'>C</span> 
     </span>
    </p>
   </div>
   <div class='ocr_carea' id='block_1_14' title="bbox 1040 3105 1875 4502">
    <p class='ocr_par' dir='ltr' id='par_1_17' title="bbox 1040 3105 1875 4502">
     <span class='ocr_line' id='line_1_79' title="bbox 1040 3105 1872 3177; baseline 0.002 -18"><span class='ocrx_word' id='word_1_521' title='bbox 1040 3108 1165 3177; x_wconf 82' lang='lat' dir='ltr'><em>quantes</em></span> <span class='ocrx_word' id='word_1_522' title='bbox 1181 3120 1290 3159; x_wconf 89' lang='lat' dir='ltr'><em>versus</em></span> <span class='ocrx_word' id='word_1_523' title='bbox 1306 3105 1342 3158; x_wconf 88' lang='lat' dir='ltr'><em>ad</em></span> <span class='ocrx_word' id='word_1_524' title='bbox 1357 3105 1451 3174; x_wconf 88' lang='lat' dir='ltr'><em>ipsam</em></span> <span class='ocrx_word' id='word_1_525' title='bbox 1461 3106 1589 3162; x_wconf 86' lang='lat' dir='ltr'><em>divinem</em></span> <span class='ocrx_word' id='word_1_526' title='bbox 1605 3109 1872 3177; x_wconf 90' lang='lat' dir='ltr'><em>pronuntiationem</em></span> 
     </span>
     <span class='ocr_line' id='line_1_80' title="bbox 1041 3193 1873 3266; baseline 0.005 -19"><span class='ocrx_word' id='word_1_527' title='bbox 1041 3193 1207 3248; x_wconf 89' lang='lat' dir='ltr'><em>destinandi</em></span> <span class='ocrx_word' id='word_1_528' title='bbox 1224 3198 1292 3247; x_wconf 88' lang='lat' dir='ltr'><em>sunt</em></span> <span class='ocrx_word' id='word_1_529' title='bbox 1309 3194 1505 3266; x_wconf 75' lang='lat' dir='ltr'><em>quadraginta</em></span> <span class='ocrx_word' id='word_1_530' title='bbox 1520 3199 1591 3250; x_wconf 77' lang='lat' dir='ltr'><em>tren.</em></span> <span class='ocrx_word' id='word_1_531' title='bbox 1609 3193 1665 3259; x_wconf 89' lang='lat' dir='ltr'><em>Qui</em></span> <span class='ocrx_word' id='word_1_532' title='bbox 1685 3198 1781 3252; x_wconf 86' lang='lat' dir='ltr'><em>autem</em></span> <span class='ocrx_word' id='word_1_533' title='bbox 1804 3199 1873 3266; x_wconf 87' lang='lat' dir='ltr'><em>post</em></span> 
     </span>
     <span class='ocr_line' id='line_1_81' title="bbox 1042 3282 1872 3354; baseline 0.005 -19"><span class='ocrx_word' id='word_1_534' title='bbox 1042 3282 1223 3336; x_wconf 87' lang='lat' dir='ltr'><em>Dominicam</em></span> <span class='ocrx_word' id='word_1_535' title='bbox 1240 3283 1413 3352; x_wconf 89' lang='lat' dir='ltr'><em>orationem,</em></span> <span class='ocrx_word' id='word_1_536' title='bbox 1430 3288 1457 3336; x_wconf 86' lang='lat' dir='ltr'><em>et</em></span> <span class='ocrx_word' id='word_1_537' title='bbox 1472 3288 1540 3352; x_wconf 90' lang='lat' dir='ltr'><em>post</em></span> <span class='ocrx_word' id='word_1_538' title='bbox 1555 3284 1631 3339; x_wconf 91' lang='lat' dir='ltr'><em>alios</em></span> <span class='ocrx_word' id='word_1_539' title='bbox 1643 3285 1776 3354; x_wconf 88' lang='lat' dir='ltr'><em>psalmos</em></span> <span class='ocrx_word' id='word_1_540' title='bbox 1787 3288 1872 3339; x_wconf 91' lang='lat' dir='ltr'><em>ante-</em></span> 
     </span>
     <span class='ocr_line' id='line_1_82' title="bbox 1042 3370 1872 3441; baseline 0.006 -18"><span class='ocrx_word' id='word_1_541' title='bbox 1042 3370 1148 3424; x_wconf 89' lang='lat' dir='ltr'><em>ccdunt</em></span> <span class='ocrx_word' id='word_1_542' title='bbox 1164 3370 1314 3439; x_wconf 90' lang='lat' dir='ltr'><em>collectas,</em></span> <span class='ocrx_word' id='word_1_543' title='bbox 1331 3375 1399 3425; x_wconf 89' lang='lat' dir='ltr'><em>sunt</em></span> <span class='ocrx_word' id='word_1_544' title='bbox 1416 3370 1603 3441; x_wconf 78' lang='lat' dir='ltr'><em>larjusmodi:</em></span> <span class='ocrx_word' id='word_1_545' title='bbox 1616 3373 1657 3427; x_wconf 84' lang='grc' dir='ltr'><em>Ει</em></span> <span class='ocrx_word' id='word_1_546' title='bbox 1671 3373 1779 3428; x_wconf 85' lang='lat' dir='ltr'><em>veniat.</em></span> <span class='ocrx_word' id='word_1_547' title='bbox 1790 3372 1825 3427; x_wconf 82' lang='lat' dir='ltr'><em>Et</em></span> <span class='ocrx_word' id='word_1_548' title='bbox 1836 3373 1872 3428; x_wconf 90' lang='lat' dir='ltr'><em>de</em></span> 
     </span>
     <span class='ocr_line' id='line_1_83' title="bbox 1041 3459 1874 3531; baseline 0.004 -18"><span class='ocrx_word' id='word_1_549' title='bbox 1041 3463 1148 3513; x_wconf 83' lang='lat' dir='ltr'><em>caetcrc</em></span> <span class='ocrx_word' id='word_1_550' title='bbox 1164 3459 1251 3512; x_wconf 90' lang='lat' dir='ltr'><em>iidem</em></span> <span class='ocrx_word' id='word_1_551' title='bbox 1273 3459 1322 3529; x_wconf 90' lang='lat' dir='ltr'><em>qui</em></span> <span class='ocrx_word' id='word_1_552' title='bbox 1347 3459 1484 3513; x_wconf 89' lang='lat' dir='ltr'><em>dicuutur</em></span> <span class='ocrx_word' id='word_1_553' title='bbox 1507 3461 1543 3514; x_wconf 86' lang='lat' dir='ltr'><em>nd</em></span> <span class='ocrx_word' id='word_1_554' title='bbox 1564 3462 1767 3531; x_wconf 84' lang='lat' dir='ltr'><em>psalmodiam,</em></span> <span class='ocrx_word' id='word_1_555' title='bbox 1793 3461 1874 3516; x_wconf 88' lang='lat' dir='ltr'><em>Deus</em></span> 
     </span>
     <span class='ocr_line' id='line_1_84' title="bbox 1041 3547 1872 3621; baseline 0 -19"><span class='ocrx_word' id='word_1_556' title='bbox 1041 3547 1174 3616; x_wconf 86' lang='lat' dir='ltr'><em>auribus,</em></span> <span class='ocrx_word' id='word_1_557' title='bbox 1186 3547 1245 3601; x_wconf 89' lang='lat' dir='ltr'><em>nisi</em></span> <span class='ocrx_word' id='word_1_558' title='bbox 1256 3548 1302 3601; x_wconf 92' lang='lat' dir='ltr'><em>hic</em></span> <span class='ocrx_word' id='word_1_559' title='bbox 1312 3547 1407 3617; x_wconf 89' lang='lat' dir='ltr'><em>solus,</em></span> <span class='ocrx_word' id='word_1_560' title='bbox 1421 3547 1547 3603; x_wconf 81' lang='lat' dir='ltr'><em>Oramus</em></span> <span class='ocrx_word' id='word_1_561' title='bbox 1555 3549 1759 3621; x_wconf 85' lang='lat' dir='ltr'><em>protidelibus</em></span> <span class='ocrx_word' id='word_1_562' title='bbox 1769 3548 1872 3605; x_wconf 82' lang='lat' dir='ltr'><em>deiun-</em></span> 
     </span>
     <span class='ocr_line' id='line_1_85' title="bbox 1041 3634 1873 3710; baseline 0.004 -21"><span class='ocrx_word' id='word_1_563' title='bbox 1041 3636 1109 3690; x_wconf 87' lang='lat' dir='ltr'><em>ctis.</em></span> <span class='ocrx_word' id='word_1_564' title='bbox 1139 3634 1286 3704; x_wconf 84' lang='lat' dir='ltr'><em>Collectee,</em></span> <span class='ocrx_word' id='word_1_565' title='bbox 1310 3636 1400 3706; x_wconf 87' lang='lat' dir='ltr'><em>Deus,</em></span> <span class='ocrx_word' id='word_1_566' title='bbox 1424 3638 1471 3691; x_wconf 88' lang='lat' dir='ltr'><em>eui</em></span> <span class='ocrx_word' id='word_1_567' title='bbox 1491 3639 1656 3709; x_wconf 88' lang='lat' dir='ltr'><em>proprium.</em></span> <span class='ocrx_word' id='word_1_568' title='bbox 1681 3637 1873 3710; x_wconf 85' lang='lat' dir='ltr'><em>Omnipotens</em></span> 
     </span>
     <span class='ocr_line' id='line_1_86' title="bbox 1040 3725 1873 3797; baseline 0.002 -18"><span class='ocrx_word' id='word_1_569' title='bbox 1040 3725 1233 3795; x_wconf 88' lang='lat' dir='ltr'><em>sempiterne.</em></span> <span class='ocrx_word' id='word_1_570' title='bbox 1250 3725 1330 3779; x_wconf 89' lang='lat' dir='ltr'><em>Deus</em></span> <span class='ocrx_word' id='word_1_571' title='bbox 1345 3728 1395 3797; x_wconf 82' lang='lat' dir='ltr'><em>qni</em></span> <span class='ocrx_word' id='word_1_572' title='bbox 1402 3725 1489 3781; x_wconf 87' lang='lat' dir='ltr'><em>iacis.</em></span> <span class='ocrx_word' id='word_1_573' title='bbox 1502 3726 1674 3795; x_wconf 82' lang='lat' dir='ltr'><em>Praetende,</em></span> <span class='ocrx_word' id='word_1_574' title='bbox 1683 3728 1817 3797; x_wconf 92' lang='lat' dir='ltr'><em>Domine,</em></span> <span class='ocrx_word' id='word_1_575' title='bbox 1828 3728 1873 3781; x_wconf 86' lang='lat' dir='ltr'><em>ia·</em></span> 
     </span>
     <span class='ocr_line' id='line_1_87' title="bbox 1040 3813 1873 3887; baseline 0.006 -22"><span class='ocrx_word' id='word_1_576' title='bbox 1040 3813 1109 3867; x_wconf 91' lang='lat' dir='ltr'><em>mul.</em></span> <span class='ocrx_word' id='word_1_577' title='bbox 1126 3813 1207 3867; x_wconf 88' lang='lat' dir='ltr'><em>Dens</em></span> <span class='ocrx_word' id='word_1_578' title='bbox 1222 3830 1238 3868; x_wconf 87' lang='lat' dir='ltr'><em>e</em></span> <span class='ocrx_word' id='word_1_579' title='bbox 1255 3828 1308 3885; x_wconf 82' lang='lat' dir='ltr'><em>quo</em></span> <span class='ocrx_word' id='word_1_580' title='bbox 1323 3821 1425 3869; x_wconf 89' lang='lat' dir='ltr'><em>sancta</em></span> <span class='ocrx_word' id='word_1_581' title='bbox 1437 3815 1602 3870; x_wconf 88' lang='lat' dir='ltr'><em>desideria.</em></span> <span class='ocrx_word' id='word_1_582' title='bbox 1615 3818 1638 3869; x_wconf 86' lang='lat' dir='ltr'><em>A</em></span> <span class='ocrx_word' id='word_1_583' title='bbox 1649 3816 1766 3871; x_wconf 87' lang='lat' dir='ltr'><em>Pascha</em></span> <span class='ocrx_word' id='word_1_584' title='bbox 1776 3831 1873 3887; x_wconf 89' lang='lat' dir='ltr'><em>usque</em></span> 
     </span>
     <span class='ocr_line' id='line_1_88' title="bbox 1042 3900 1872 3973; baseline 0.002 -18"><span class='ocrx_word' id='word_1_585' title='bbox 1042 3902 1078 3968; x_wconf 82' lang='lat' dir='ltr'><em>ud</em></span> <span class='ocrx_word' id='word_1_586' title='bbox 1094 3900 1282 3955; x_wconf 84' lang='lat' dir='ltr'><em>testivitatem</em></span> <span class='ocrx_word' id='word_1_587' title='bbox 1298 3903 1392 3956; x_wconf 76' lang='lat' dir='ltr'><em>salicti</em></span> <span class='ocrx_word' id='word_1_588' title='bbox 1417 3902 1570 3958; x_wconf 89' lang='lat' dir='ltr'><em>Michaelis</em></span> <span class='ocrx_word' id='word_1_589' title='bbox 1593 3906 1694 3959; x_wconf 88' lang='lat' dir='ltr'><em>contra</em></span> <span class='ocrx_word' id='word_1_590' title='bbox 1715 3908 1872 3973; x_wconf 88' lang='lat' dir='ltr'><em>tempesta·</em></span> 
     </span>
     <span class='ocr_line' id='line_1_89' title="bbox 1041 3989 1873 4063; baseline 0.007 -21"><span class='ocrx_word' id='word_1_591' title='bbox 1041 3993 1100 4043; x_wconf 88' lang='lat' dir='ltr'><em>tem</em></span> <span class='ocrx_word' id='word_1_592' title='bbox 1115 3989 1190 4059; x_wconf 90' lang='lat' dir='ltr'><em>psal.</em></span> <span class='ocrx_word' id='word_1_593' title='bbox 1207 3989 1408 4044; x_wconf 81' lang='lat' dir='ltr'><em>Benedixisti.</em></span> <span class='ocrx_word' id='word_1_594' title='bbox 1429 3991 1452 4043; x_wconf 91' lang='lat' dir='ltr'><em>A</em></span> <span class='ocrx_word' id='word_1_595' title='bbox 1470 3990 1554 4046; x_wconf 89' lang='lat' dir='ltr'><em>domn</em></span> <span class='ocrx_word' id='word_1_596' title='bbox 1577 3999 1634 4046; x_wconf 88' lang='lat' dir='ltr'><em>tua.</em></span> <span class='ocrx_word' id='word_1_597' title='bbox 1656 3991 1800 4063; x_wconf 80' lang='lat' dir='ltr'><em>Absolve,</em></span> <span class='ocrx_word' id='word_1_598' title='bbox 1816 3993 1873 4048; x_wconf 95' lang='lat' dir='ltr'><em>Do-</em></span> 
     </span>
     <span class='ocr_line' id='line_1_90' title="bbox 1040 4077 1872 4149; baseline 0.002 -17"><span class='ocrx_word' id='word_1_599' title='bbox 1040 4080 1129 4132; x_wconf 91' lang='lat' dir='ltr'><em>mine.</em></span> <span class='ocrx_word' id='word_1_600' title='bbox 1146 4077 1235 4145; x_wconf 90' lang='lat' dir='ltr'><em>Deus,</em></span> <span class='ocrx_word' id='word_1_601' title='bbox 1253 4094 1300 4149; x_wconf 87' lang='lat' dir='ltr'><em>qur</em></span> <span class='ocrx_word' id='word_1_602' title='bbox 1317 4093 1350 4131; x_wconf 91' lang='lat' dir='ltr'><em>es</em></span> <span class='ocrx_word' id='word_1_603' title='bbox 1365 4086 1533 4133; x_wconf 90' lang='lat' dir='ltr'><em>sanctorum</em></span> <span class='ocrx_word' id='word_1_604' title='bbox 1553 4078 1695 4149; x_wconf 87' lang='lat' dir='ltr'><em>splendor</em></span> <span class='ocrx_word' id='word_1_605' title='bbox 1708 4079 1872 4136; x_wconf 84' lang='lat' dir='ltr'><em>mirabilis.</em></span> 
     </span>
     <span class='ocr_line' id='line_1_91' title="bbox 1045 4164 1874 4238; baseline 0.001 -17"><span class='ocrx_word' id='word_1_606' title='bbox 1045 4164 1211 4237; x_wconf 80' lang='lat' dir='ltr'><em>Aliquando</em></span> <span class='ocrx_word' id='word_1_607' title='bbox 1228 4169 1255 4218; x_wconf 88' lang='lat' dir='ltr'><em>et</em></span> <span class='ocrx_word' id='word_1_608' title='bbox 1269 4165 1345 4234; x_wconf 86' lang='lat' dir='ltr'><em>aliae,</em></span> <span class='ocrx_word' id='word_1_609' title='bbox 1362 4166 1388 4219; x_wconf 86' lang='lat' dir='ltr'><em>si</em></span> <span class='ocrx_word' id='word_1_610' title='bbox 1402 4167 1528 4236; x_wconf 85' lang='lat' dir='ltr'><em>videtur,</em></span> <span class='ocrx_word' id='word_1_611' title='bbox 1545 4170 1573 4220; x_wconf 87' lang='lat' dir='ltr'><em>et</em></span> <span class='ocrx_word' id='word_1_612' title='bbox 1589 4167 1615 4220; x_wconf 86' lang='lat' dir='ltr'><em>si</em></span> <span class='ocrx_word' id='word_1_613' title='bbox 1628 4181 1703 4236; x_wconf 89' lang='lat' dir='ltr'><em>opus</em></span> <span class='ocrx_word' id='word_1_614' title='bbox 1718 4166 1806 4221; x_wconf 87' lang='lat' dir='ltr'><em>luerit</em></span> <span class='ocrx_word' id='word_1_615' title='bbox 1820 4183 1874 4238; x_wconf 91' lang='lat' dir='ltr'><em>pro</em></span> 
     </span>
     <span class='ocr_line' id='line_1_92' title="bbox 1041 4253 1875 4326; baseline 0.002 -17"><span class='ocrx_word' id='word_1_616' title='bbox 1041 4254 1091 4311; x_wconf 87' lang='lat' dir='ltr'><em>tali</em></span> <span class='ocrx_word' id='word_1_617' title='bbox 1108 4269 1207 4323; x_wconf 87' lang='lat' dir='ltr'><em>cause,</em></span> <span class='ocrx_word' id='word_1_618' title='bbox 1226 4253 1381 4308; x_wconf 89' lang='lat' dir='ltr'><em>adduntur.</em></span> <span class='ocrx_word' id='word_1_619' title='bbox 1395 4254 1439 4307; x_wconf 84' lang='lat' dir='ltr'><em>nd</em></span> <span class='ocrx_word' id='word_1_620' title='bbox 1450 4255 1582 4323; x_wconf 80' lang='lat' dir='ltr'><em>psalmos</em></span> <span class='ocrx_word' id='word_1_621' title='bbox 1594 4253 1797 4310; x_wconf 88' lang='lat' dir='ltr'><em>anniversales</em></span> <span class='ocrx_word' id='word_1_622' title='bbox 1806 4258 1875 4326; x_wconf 83' lang='lat' dir='ltr'><em>post</em></span> 
     </span>
     <span class='ocr_line' id='line_1_93' title="bbox 1042 4341 1873 4415; baseline 0 -17"><span class='ocrx_word' id='word_1_623' title='bbox 1042 4344 1128 4413; x_wconf 88' lang='lat' dir='ltr'><em>capit.</em></span> <span class='ocrx_word' id='word_1_624' title='bbox 1146 4341 1274 4398; x_wconf 86' lang='lat' dir='ltr'><em>Collecta</em></span> <span class='ocrx_word' id='word_1_625' title='bbox 1290 4346 1335 4396; x_wconf 91' lang='lat' dir='ltr'><em>cst</em></span> <span class='ocrx_word' id='word_1_626' title='bbox 1351 4357 1403 4411; x_wconf 89' lang='lat' dir='ltr'><em>prc</em></span> <span class='ocrx_word' id='word_1_627' title='bbox 1420 4343 1568 4397; x_wconf 67' lang='lat' dir='ltr'><em>[ieiunatis</em></span> <span class='ocrx_word' id='word_1_628' title='bbox 1581 4344 1732 4413; x_wconf 61' lang='lat' dir='ltr'><em>iratribus</em></span> <span class='ocrx_word' id='word_1_629' title='bbox 1743 4343 1873 4415; x_wconf 69' lang='lat' dir='ltr'><em>Praesta,</em></span> 
     </span>
     <span class='ocr_line' id='line_1_94' title="bbox 1041 4431 1874 4502; baseline 0.001 -16"><span class='ocrx_word' id='word_1_630' title='bbox 1041 4432 1176 4501; x_wconf 85' lang='lat' dir='ltr'><em>Domine,</em></span> <span class='ocrx_word' id='word_1_631' title='bbox 1187 4446 1351 4502; x_wconf 71' lang='lat' dir='ltr'><em>quaesumus</em></span> <span class='ocrx_word' id='word_1_632' title='bbox 1363 4436 1392 4484; x_wconf 88' lang='lat' dir='ltr'><em>ut</em></span> <span class='ocrx_word' id='word_1_633' title='bbox 1402 4432 1517 4502; x_wconf 82' lang='lat' dir='ltr'><em>aniruae,</em></span> <span class='ocrx_word' id='word_1_634' title='bbox 1529 4435 1583 4486; x_wconf 88' lang='lat' dir='ltr'><em>etc.</em></span> <span class='ocrx_word' id='word_1_635' title='bbox 1596 4433 1653 4487; x_wconf 88' lang='lat' dir='ltr'><em>Pro</em></span> <span class='ocrx_word' id='word_1_636' title='bbox 1666 4431 1874 4501; x_wconf 55' lang='lat' dir='ltr'><em>familiaribus</em></span> 
     </span>
    </p>
   </div>
   <div class='ocr_carea' id='block_1_15' title="bbox 134 4519 1874 4594">
    <p class='ocr_par' dir='ltr' id='par_1_18' title="bbox 134 4519 1874 4594">
     <span class='ocr_line' id='line_1_95' title="bbox 134 4519 1874 4594; baseline -0.004 -13"><span class='ocrx_word' id='word_1_637' title='bbox 134 4525 263 4592; x_wconf 86' lang='lat' dir='ltr'><em>quoties</em></span> <span class='ocrx_word' id='word_1_638' title='bbox 278 4522 435 4579; x_wconf 89' lang='lat' dir='ltr'><em>duodecim</em></span> <span class='ocrx_word' id='word_1_639' title='bbox 450 4523 523 4577; x_wconf 86' lang='lat' dir='ltr'><em>tiunt</em></span> <span class='ocrx_word' id='word_1_640' title='bbox 536 4522 681 4576; x_wconf 90' lang='lat' dir='ltr'><em>lectiones</em></span> <span class='ocrx_word' id='word_1_641' title='bbox 696 4521 732 4576; x_wconf 89' lang='lat' dir='ltr'><em>de</em></span> <span class='ocrx_word' id='word_1_642' title='bbox 748 4521 806 4590; x_wconf 89' lang='lat' dir='ltr'><em>his,</em></span> <span class='ocrx_word' id='word_1_643' title='bbox 822 4521 1014 4594; x_wconf 72' lang='lat' dir='ltr'><em>defuncto-1)</em></span> <span class='ocrx_word' id='word_1_644' title='bbox 1040 4519 1184 4589; x_wconf 81' lang='lat' dir='ltr'><em>Absolve,</em></span> <span class='ocrx_word' id='word_1_645' title='bbox 1196 4519 1330 4573; x_wconf 89' lang='lat' dir='ltr'><em>Domine.</em></span> <span class='ocrx_word' id='word_1_646' title='bbox 1340 4519 1416 4573; x_wconf 89' lang='lat' dir='ltr'><em>Hinc</em></span> <span class='ocrx_word' id='word_1_647' title='bbox 1427 4536 1545 4591; x_wconf 87' lang='lat' dir='ltr'><em>quoque</em></span> <span class='ocrx_word' id='word_1_648' title='bbox 1556 4524 1581 4575; x_wconf 80' lang='lat' dir='ltr'><em>si</em></span> <span class='ocrx_word' id='word_1_649' title='bbox 1593 4520 1874 4592; x_wconf 90' lang='lat' dir='ltr'><em>aliquandoinQua·</em></span> 
     </span>
    </p>
   </div>
   <div class='ocr_carea' id='block_1_16' title="bbox 78 4609 982 5658">
    <p class='ocr_par' dir='ltr' id='par_1_19' title="bbox 78 4609 982 5658">
     <span class='ocr_line' id='line_1_96' title="bbox 137 4609 978 4683; baseline -0.006 -16"><span class='ocrx_word' id='word_1_650' title='bbox 137 4623 209 4667; x_wconf 85' lang='lat' dir='ltr'><em>rum</em></span> <span class='ocrx_word' id='word_1_651' title='bbox 226 4613 333 4682; x_wconf 84' lang='lat' dir='ltr'><em>matut,</em></span> <span class='ocrx_word' id='word_1_652' title='bbox 348 4609 453 4665; x_wconf 87' lang='lat' dir='ltr'><em>laudes</em></span> <span class='ocrx_word' id='word_1_653' title='bbox 476 4626 542 4683; x_wconf 78' lang='lat' dir='ltr'><em>quae</em></span> <span class='ocrx_word' id='word_1_654' title='bbox 566 4610 700 4682; x_wconf 85' lang='lat' dir='ltr'><em>proxime</em></span> <span class='ocrx_word' id='word_1_655' title='bbox 724 4613 898 4680; x_wconf 86' lang='lat' dir='ltr'><em>sequuntur,</em></span> <span class='ocrx_word' id='word_1_656' title='bbox 924 4624 978 4663; x_wconf 90' lang='lat' dir='ltr'><em>au-</em></span> 
     </span>
     <span class='ocr_line' id='line_1_97' title="bbox 142 4694 977 4772; baseline 0.002 -22"><span class='ocrx_word' id='word_1_657' title='bbox 142 4694 241 4755; x_wconf 73' lang='lat' dir='ltr'><em>fertur</em></span> <span class='ocrx_word' id='word_1_658' title='bbox 253 4700 350 4772; x_wconf 88' lang='lat' dir='ltr'><em>prima</em></span> <span class='ocrx_word' id='word_1_659' title='bbox 364 4701 393 4754; x_wconf 92' lang='lat' dir='ltr'><em>et</em></span> <span class='ocrx_word' id='word_1_660' title='bbox 407 4700 539 4755; x_wconf 90' lang='lat' dir='ltr'><em>secunda</em></span> <span class='ocrx_word' id='word_1_661' title='bbox 553 4698 686 4768; x_wconf 91' lang='lat' dir='ltr'><em>collecta,</em></span> <span class='ocrx_word' id='word_1_662' title='bbox 699 4699 768 4770; x_wconf 87' lang='lat' dir='ltr'><em>quia</em></span> <span class='ocrx_word' id='word_1_663' title='bbox 779 4702 807 4754; x_wconf 87' lang='lat' dir='ltr'><em>et</em></span> <span class='ocrx_word' id='word_1_664' title='bbox 821 4699 894 4768; x_wconf 82' lang='lat' dir='ltr'><em>ipsae</em></span> <span class='ocrx_word' id='word_1_665' title='bbox 909 4701 977 4752; x_wconf 90' lang='lat' dir='ltr'><em>mat.</em></span> 
     </span>
     <span class='ocr_line' id='line_1_98' title="bbox 143 4780 979 4859; baseline 0.001 -19"><span class='ocrx_word' id='word_1_666' title='bbox 143 4780 251 4844; x_wconf 82' lang='lat' dir='ltr'><em>laudes</em></span> <span class='ocrx_word' id='word_1_667' title='bbox 266 4787 366 4844; x_wconf 86' lang='lat' dir='ltr'><em>allicio</em></span> <span class='ocrx_word' id='word_1_668' title='bbox 383 4803 442 4844; x_wconf 90' lang='lat' dir='ltr'><em>nou</em></span> <span class='ocrx_word' id='word_1_669' title='bbox 456 4787 611 4859; x_wconf 85' lang='lat' dir='ltr'><em>praeventi,</em></span> <span class='ocrx_word' id='word_1_670' title='bbox 627 4803 683 4843; x_wconf 90' lang='lat' dir='ltr'><em>nec</em></span> <span class='ocrx_word' id='word_1_671' title='bbox 706 4803 760 4857; x_wconf 90' lang='lat' dir='ltr'><em>pro</em></span> <span class='ocrx_word' id='word_1_672' title='bbox 776 4788 979 4841; x_wconf 87' lang='lat' dir='ltr'><em>anniversario</em></span> 
     </span>
     <span class='ocr_line' id='line_1_99' title="bbox 151 4874 980 4949; baseline -0.004 -18"><span class='ocrx_word' id='word_1_673' title='bbox 151 4874 308 4949; x_wconf 64' lang='lat' dir='ltr'><em>citiusque,</em></span> <span class='ocrx_word' id='word_1_674' title='bbox 324 4891 379 4931; x_wconf 89' lang='lat' dir='ltr'><em>uec</em></span> <span class='ocrx_word' id='word_1_675' title='bbox 394 4892 448 4947; x_wconf 92' lang='lat' dir='ltr'><em>pro</em></span> <span class='ocrx_word' id='word_1_676' title='bbox 463 4891 557 4947; x_wconf 87' lang='lat' dir='ltr'><em>nuper</em></span> <span class='ocrx_word' id='word_1_677' title='bbox 572 4875 721 4930; x_wconf 82' lang='lat' dir='ltr'><em>defunctis</em></span> <span class='ocrx_word' id='word_1_678' title='bbox 731 4874 980 4946; x_wconf 88' lang='lat' dir='ltr'><em>deputantur,sed</em></span> 
     </span>
     <span class='ocr_line' id='line_1_100' title="bbox 151 4963 978 5035; baseline -0.004 -16"><span class='ocrx_word' id='word_1_679' title='bbox 151 4965 273 5021; x_wconf 75' lang='lat' dir='ltr'><em>mulne</em></span> <span class='ocrx_word' id='word_1_680' title='bbox 288 4981 342 5035; x_wconf 90' lang='lat' dir='ltr'><em>pro</em></span> <span class='ocrx_word' id='word_1_681' title='bbox 358 4964 552 5019; x_wconf 77' lang='lat' dir='ltr'><em>familiaribus</em></span> <span class='ocrx_word' id='word_1_682' title='bbox 569 4965 690 5034; x_wconf 87' lang='lat' dir='ltr'><em>nostris,</em></span> <span class='ocrx_word' id='word_1_683' title='bbox 701 4980 754 5033; x_wconf 91' lang='lat' dir='ltr'><em>pro</em></span> <span class='ocrx_word' id='word_1_684' title='bbox 764 4963 873 5034; x_wconf 88' lang='lat' dir='ltr'><em>quibus</em></span> <span class='ocrx_word' id='word_1_685' title='bbox 884 4964 978 5032; x_wconf 91' lang='lat' dir='ltr'><em>etpri-</em></span> 
     </span>
     <span class='ocr_line' id='line_1_101' title="bbox 156 5051 980 5110; baseline 0 -4"><span class='ocrx_word' id='word_1_686' title='bbox 156 5061 195 5106; x_wconf 65' lang='grc' dir='ltr'><em>ιιι</em></span> <span class='ocrx_word' id='word_1_687' title='bbox 210 5054 336 5110; x_wconf 72' lang='lat' dir='ltr'><em>desuda</em></span> <span class='ocrx_word' id='word_1_688' title='bbox 347 5051 884 5109; x_wconf 81' lang='lat' dir='ltr'><em>estcollecta.huniversariusautem</em></span> <span class='ocrx_word' id='word_1_689' title='bbox 895 5052 980 5106; x_wconf 89' lang='lat' dir='ltr'><em>inse·</em></span> 
     </span>
     <span class='ocr_line' id='line_1_102' title="bbox 159 5140 979 5213; baseline -0.001 -19"><span class='ocrx_word' id='word_1_690' title='bbox 159 5145 286 5208; x_wconf 80' lang='lat' dir='ltr'><em>quautam</em></span> <span class='ocrx_word' id='word_1_691' title='bbox 300 5142 378 5198; x_wconf 91' lang='lat' dir='ltr'><em>diem</em></span> <span class='ocrx_word' id='word_1_692' title='bbox 392 5143 570 5213; x_wconf 90' lang='lat' dir='ltr'><em>usquedum</em></span> <span class='ocrx_word' id='word_1_693' title='bbox 585 5143 661 5197; x_wconf 89' lang='lat' dir='ltr'><em>benc</em></span> <span class='ocrx_word' id='word_1_694' title='bbox 677 5140 765 5194; x_wconf 85' lang='lat' dir='ltr'><em>luerit</em></span> <span class='ocrx_word' id='word_1_695' title='bbox 779 5144 979 5211; x_wconf 86' lang='lat' dir='ltr'><em>opportunum</em></span> 
     </span>
     <span class='ocr_line' id='line_1_103' title="bbox 78 5225 977 5301; baseline 0 -19"><span class='ocrx_word' id='word_1_696' title='bbox 78 5238 82 5251; x_wconf 78' lang='grc'><strong>“</strong></span> <span class='ocrx_word' id='word_1_697' title='bbox 161 5225 274 5301; x_wconf 83' lang='lat' dir='ltr'><em>dilatus,</em></span> <span class='ocrx_word' id='word_1_698' title='bbox 304 5235 375 5287; x_wconf 91' lang='lat' dir='ltr'><em>tunc</em></span> <span class='ocrx_word' id='word_1_699' title='bbox 402 5232 457 5286; x_wconf 90' lang='lat' dir='ltr'><em>rite</em></span> <span class='ocrx_word' id='word_1_700' title='bbox 486 5230 663 5285; x_wconf 86' lang='lat' dir='ltr'><em>celebratur.</em></span> <span class='ocrx_word' id='word_1_701' title='bbox 694 5228 738 5282; x_wconf 83' lang='lat' dir='ltr'><em>Ad</em></span> <span class='ocrx_word' id='word_1_702' title='bbox 767 5229 977 5299; x_wconf 88' lang='lat' dir='ltr'><em>psalmodiam,</em></span> 
     </span>
     <span class='ocr_line' id='line_1_104' title="bbox 159 5313 981 5389; baseline 0 -17"><span class='ocrx_word' id='word_1_703' title='bbox 159 5313 371 5389; x_wconf 68' lang='lat' dir='ltr'><em>densantibus</em></span> <span class='ocrx_word' id='word_1_704' title='bbox 379 5320 493 5376; x_wconf 88' lang='lat' dir='ltr'><em>nostrie</em></span> <span class='ocrx_word' id='word_1_705' title='bbox 500 5338 510 5384; x_wconf 93' lang='lat'><em>,·</em></span> <span class='ocrx_word' id='word_1_706' title='bbox 519 5334 639 5386; x_wconf 85' lang='lat' dir='ltr'><em>versus,</em></span> <span class='ocrx_word' id='word_1_707' title='bbox 651 5316 783 5374; x_wconf 87' lang='lat' dir='ltr'><em>Ostende</em></span> <span class='ocrx_word' id='word_1_708' title='bbox 799 5317 981 5373; x_wconf 88' lang='lat' dir='ltr'><em>nohismise-</em></span> 
     </span>
     <span class='ocr_line' id='line_1_105' title="bbox 160 5403 979 5465; baseline -0.001 -3"><span class='ocrx_word' id='word_1_709' title='bbox 160 5403 979 5465; x_wconf 73' lang='lat' dir='ltr'><em>ricordramDatonobiaturrisiortitudinis.Memores-</em></span> 
     </span>
     <span class='ocr_line' id='line_1_106' title="bbox 160 5494 982 5569; baseline 0.006 -23"><span class='ocrx_word' id='word_1_710' title='bbox 160 5494 181 5546; x_wconf 89' lang='lat' dir='ltr'><em>to</em></span> <span class='ocrx_word' id='word_1_711' title='bbox 189 5496 441 5569; x_wconf 63' lang='lat' dir='ltr'><em>congregationis.</em></span> <span class='ocrx_word' id='word_1_712' title='bbox 454 5495 578 5551; x_wconf 91' lang='lat' dir='ltr'><em>Domine</em></span> <span class='ocrx_word' id='word_1_713' title='bbox 589 5494 691 5550; x_wconf 87' lang='lat' dir='ltr'><em>salvos</em></span> <span class='ocrx_word' id='word_1_714' title='bbox 700 5494 749 5551; x_wconf 85' lang='lat' dir='ltr'><em>iae</em></span> <span class='ocrx_word' id='word_1_715' title='bbox 758 5511 860 5567; x_wconf 77' lang='lat' dir='ltr'><em>repes.</em></span> <span class='ocrx_word' id='word_1_716' title='bbox 873 5495 982 5551; x_wconf 86' lang='lat' dir='ltr'><em>Salvos</em></span> 
     </span>
     <span class='ocr_line' id='line_1_107' title="bbox 154 5578 980 5658; baseline 0.004 -21"><span class='ocrx_word' id='word_1_717' title='bbox 154 5578 980 5658; x_wconf 69' lang='lat' dir='ltr'><em>laeservosdiiatpaninvirtute.Aportainieri.Collec-</em></span> 
     </span>
    </p>
   </div>
   <div class='ocr_carea' id='block_1_17' title="bbox 228 5714 510 5842">
    <p class='ocr_par' dir='ltr' id='par_1_20' title="bbox 228 5714 510 5842">
     <span class='ocr_line' id='line_1_108' title="bbox 228 5714 510 5842; baseline -0.004 -5"><span class='ocrx_word' id='word_1_718' title='bbox 228 5714 365 5839; x_wconf 71' lang='lat' dir='ltr'><em>sanson</em></span> <span class='ocrx_word' id='word_1_719' title='bbox 378 5768 510 5842; x_wconf 77' lang='lat' dir='ltr'><em>cxux</em></span> 
     </span>
    </p>
   </div>
   <div class='ocr_carea' id='block_1_18' title="bbox 1038 4609 1878 5564">
    <p class='ocr_par' dir='ltr' id='par_1_21' title="bbox 1038 4609 1878 5564">
     <span class='ocr_line' id='line_1_109' title="bbox 1041 4609 1873 4682; baseline 0.001 -19"><span class='ocrx_word' id='word_1_720' title='bbox 1041 4610 1212 4682; x_wconf 80' lang='lat' dir='ltr'><em>dragesima</em></span> <span class='ocrx_word' id='word_1_721' title='bbox 1235 4612 1356 4679; x_wconf 85' lang='lat' dir='ltr'><em>propter</em></span> <span class='ocrx_word' id='word_1_722' title='bbox 1384 4609 1511 4679; x_wconf 85' lang='lat' dir='ltr'><em>aliquam</em></span> <span class='ocrx_word' id='word_1_723' title='bbox 1535 4610 1726 4665; x_wconf 78' lang='lat' dir='ltr'><em>testivitatem</em></span> <span class='ocrx_word' id='word_1_724' title='bbox 1752 4609 1873 4681; x_wconf 79' lang='lat' dir='ltr'><em>triginta</em></span> 
     </span>
     <span class='ocr_line' id='line_1_110' title="bbox 1040 4696 1875 4769; baseline -0.001 -17"><span class='ocrx_word' id='word_1_725' title='bbox 1040 4698 1146 4768; x_wconf 89' lang='lat' dir='ltr'><em>psalmi</em></span> <span class='ocrx_word' id='word_1_726' title='bbox 1158 4697 1304 4766; x_wconf 91' lang='lat' dir='ltr'><em>dicuntur,</em></span> <span class='ocrx_word' id='word_1_727' title='bbox 1316 4697 1371 4751; x_wconf 91' lang='lat' dir='ltr'><em>hos</em></span> <span class='ocrx_word' id='word_1_728' title='bbox 1383 4703 1549 4769; x_wconf 90' lang='lat' dir='ltr'><em>sequuntur</em></span> <span class='ocrx_word' id='word_1_729' title='bbox 1558 4699 1609 4752; x_wconf 87' lang='lat' dir='ltr'><em>isti</em></span> <span class='ocrx_word' id='word_1_730' title='bbox 1618 4696 1763 4753; x_wconf 90' lang='lat' dir='ltr'><em>versiculi</em></span> <span class='ocrx_word' id='word_1_731' title='bbox 1774 4703 1802 4751; x_wconf 89' lang='lat' dir='ltr'><em>et</em></span> <span class='ocrx_word' id='word_1_732' title='bbox 1813 4697 1875 4751; x_wconf 90' lang='lat' dir='ltr'><em>col·</em></span> 
     </span>
     <span class='ocr_line' id='line_1_111' title="bbox 1040 4785 1873 4854; baseline 0.002 -16"><span class='ocrx_word' id='word_1_733' title='bbox 1040 4786 1133 4841; x_wconf 82' lang='lat' dir='ltr'><em>lectae:</em></span> <span class='ocrx_word' id='word_1_734' title='bbox 1146 4786 1276 4841; x_wconf 87' lang='lat' dir='ltr'><em>Ostende</em></span> <span class='ocrx_word' id='word_1_735' title='bbox 1283 4785 1805 4854; x_wconf 82' lang='lat' dir='ltr'><em>nohis,Dornine.Fiatmisericordia</em></span> <span class='ocrx_word' id='word_1_736' title='bbox 1814 4792 1873 4840; x_wconf 86' lang='lat' dir='ltr'><em>tua.</em></span> 
     </span>
     <span class='ocr_line' id='line_1_112' title="bbox 1041 4873 1875 4944; baseline 0 -15"><span class='ocrx_word' id='word_1_737' title='bbox 1041 4875 1148 4929; x_wconf 86' lang='lat' dir='ltr'><em>Salvos</em></span> <span class='ocrx_word' id='word_1_738' title='bbox 1158 4874 1205 4928; x_wconf 82' lang='lat' dir='ltr'><em>iae</em></span> <span class='ocrx_word' id='word_1_739' title='bbox 1214 4891 1329 4930; x_wconf 87' lang='lat' dir='ltr'><em>servos.</em></span> <span class='ocrx_word' id='word_1_740' title='bbox 1337 4875 1427 4928; x_wconf 88' lang='lat' dir='ltr'><em>Mitte</em></span> <span class='ocrx_word' id='word_1_741' title='bbox 1437 4876 1491 4938; x_wconf 88' lang='lat' dir='ltr'><em>cis,</em></span> <span class='ocrx_word' id='word_1_742' title='bbox 1504 4873 1875 4944; x_wconf 84' lang='lat' dir='ltr'><em>Domine,aurrillium.Pr0</em></span> 
     </span>
     <span class='ocr_line' id='line_1_113' title="bbox 1041 4963 1875 5035; baseline 0.002 -19"><span class='ocrx_word' id='word_1_743' title='bbox 1041 4963 1875 5035; x_wconf 73' lang='lat' dir='ltr'><em>fidelibusdefunctis,llequiorneeter·nam.DeuS,cuipro-</em></span> 
     </span>
     <span class='ocr_line' id='line_1_114' title="bbox 1038 5050 1877 5123; baseline 0 -17"><span class='ocrx_word' id='word_1_744' title='bbox 1038 5054 1147 5123; x_wconf 87' lang='lat' dir='ltr'><em>prium.</em></span> <span class='ocrx_word' id='word_1_745' title='bbox 1159 5052 1329 5121; x_wconf 77' lang='lat' dir='ltr'><em>Praetende,</em></span> <span class='ocrx_word' id='word_1_746' title='bbox 1342 5053 1474 5107; x_wconf 90' lang='lat' dir='ltr'><em>Domine.</em></span> <span class='ocrx_word' id='word_1_747' title='bbox 1482 5050 1626 5119; x_wconf 86' lang='lat' dir='ltr'><em>Absolve,</em></span> <span class='ocrx_word' id='word_1_748' title='bbox 1635 5052 1768 5107; x_wconf 90' lang='lat' dir='ltr'><em>Domine.</em></span> <span class='ocrx_word' id='word_1_749' title='bbox 1779 5050 1877 5106; x_wconf 91' lang='lat' dir='ltr'><em>Omni-</em></span> 
     </span>
     <span class='ocr_line' id='line_1_115' title="bbox 1039 5140 1876 5212; baseline -0.002 -16"><span class='ocrx_word' id='word_1_750' title='bbox 1039 5148 1145 5211; x_wconf 87' lang='lat' dir='ltr'><em>potens</em></span> <span class='ocrx_word' id='word_1_751' title='bbox 1161 5142 1343 5211; x_wconf 88' lang='lat' dir='ltr'><em>sempiternc</em></span> <span class='ocrx_word' id='word_1_752' title='bbox 1357 5140 1447 5208; x_wconf 90' lang='lat' dir='ltr'><em>Deus,</em></span> <span class='ocrx_word' id='word_1_753' title='bbox 1461 5140 1510 5211; x_wconf 83' lang='lat' dir='ltr'><em>qui</em></span> <span class='ocrx_word' id='word_1_754' title='bbox 1523 5141 1551 5192; x_wconf 97' lang='lat' dir='ltr'><em>vi</em></span> <span class='ocrx_word' id='word_1_755' title='bbox 1557 5156 1666 5194; x_wconf 87' lang='lat' dir='ltr'><em>vorum.</em></span> <span class='ocrx_word' id='word_1_756' title='bbox 1683 5140 1728 5196; x_wconf 82' lang='lat' dir='ltr'><em>Ad</em></span> <span class='ocrx_word' id='word_1_757' title='bbox 1743 5155 1827 5212; x_wconf 88' lang='lat' dir='ltr'><em>vesp.</em></span> <span class='ocrx_word' id='word_1_758' title='bbox 1840 5140 1876 5194; x_wconf 91' lang='lat' dir='ltr'><em>de</em></span> 
     </span>
     <span class='ocr_line' id='line_1_116' title="bbox 1041 5227 1876 5299; baseline 0 -15"><span class='ocrx_word' id='word_1_759' title='bbox 1041 5230 1179 5284; x_wconf 87' lang='lat' dir='ltr'><em>omnibus</em></span> <span class='ocrx_word' id='word_1_760' title='bbox 1195 5231 1317 5297; x_wconf 84' lang='lat' dir='ltr'><em>sanctie,</em></span> <span class='ocrx_word' id='word_1_761' title='bbox 1338 5244 1401 5298; x_wconf 87' lang='lat' dir='ltr'><em>cap.</em></span> <span class='ocrx_word' id='word_1_762' title='bbox 1428 5227 1535 5282; x_wconf 87' lang='lat' dir='ltr'><em>Senoti</em></span> <span class='ocrx_word' id='word_1_763' title='bbox 1555 5244 1611 5299; x_wconf 89' lang='lat' dir='ltr'><em>per</em></span> <span class='ocrx_word' id='word_1_764' title='bbox 1631 5228 1728 5284; x_wconf 75' lang='lat' dir='ltr'><em>idem.</em></span> <span class='ocrx_word' id='word_1_765' title='bbox 1744 5227 1876 5284; x_wconf 85' lang='lat' dir='ltr'><em>Collecta</em></span> 
     </span>
     <span class='ocr_line' id='line_1_117' title="bbox 1044 5316 1878 5389; baseline 0 -17"><span class='ocrx_word' id='word_1_766' title='bbox 1044 5317 1234 5389; x_wconf 89' lang='lat' dir='ltr'><em>Omnipotens</em></span> <span class='ocrx_word' id='word_1_767' title='bbox 1249 5319 1340 5387; x_wconf 91' lang='lat' dir='ltr'><em>Dens,</em></span> <span class='ocrx_word' id='word_1_768' title='bbox 1354 5333 1407 5371; x_wconf 90' lang='lat' dir='ltr'><em>nos</em></span> <span class='ocrx_word' id='word_1_769' title='bbox 1421 5316 1523 5371; x_wconf 82' lang='lat' dir='ltr'><em>tumul.</em></span> <span class='ocrx_word' id='word_1_770' title='bbox 1540 5318 1585 5372; x_wconf 79' lang='lat' dir='ltr'><em>Ad</em></span> <span class='ocrx_word' id='word_1_771' title='bbox 1600 5333 1683 5387; x_wconf 86' lang='lat' dir='ltr'><em>vesp.</em></span> <span class='ocrx_word' id='word_1_772' title='bbox 1701 5333 1755 5388; x_wconf 88' lang='lat' dir='ltr'><em>pro</em></span> <span class='ocrx_word' id='word_1_773' title='bbox 1770 5317 1878 5372; x_wconf 88' lang='lat' dir='ltr'><em>deinu-</em></span> 
     </span>
     <span class='ocr_line' id='line_1_118' title="bbox 1042 5404 1875 5479; baseline -0.002 -18"><span class='ocrx_word' id='word_1_774' title='bbox 1042 5406 1098 5461; x_wconf 90' lang='lat' dir='ltr'><em>ctis</em></span> <span class='ocrx_word' id='word_1_775' title='bbox 1116 5406 1249 5461; x_wconf 87' lang='lat' dir='ltr'><em>dicendae</em></span> <span class='ocrx_word' id='word_1_776' title='bbox 1269 5408 1337 5460; x_wconf 90' lang='lat' dir='ltr'><em>sunt</em></span> <span class='ocrx_word' id='word_1_777' title='bbox 1362 5404 1493 5460; x_wconf 73' lang='lat' dir='ltr'><em>collectae</em></span> <span class='ocrx_word' id='word_1_778' title='bbox 1518 5406 1630 5461; x_wconf 88' lang='lat' dir='ltr'><em>eaedem</em></span> <span class='ocrx_word' id='word_1_779' title='bbox 1651 5423 1720 5479; x_wconf 80' lang='lat' dir='ltr'><em>quae</em></span> <span class='ocrx_word' id='word_1_780' title='bbox 1744 5405 1782 5460; x_wconf 85' lang='lat' dir='ltr'><em>ad</em></span> <span class='ocrx_word' id='word_1_781' title='bbox 1805 5408 1875 5461; x_wconf 87' lang='lat' dir='ltr'><em>mat.</em></span> 
     </span>
     <span class='ocr_line' id='line_1_119' title="bbox 1042 5493 1877 5564; baseline -0.001 -14"><span class='ocrx_word' id='word_1_782' title='bbox 1042 5496 1120 5550; x_wconf 90' lang='lat' dir='ltr'><em>sicut</em></span> <span class='ocrx_word' id='word_1_783' title='bbox 1134 5495 1222 5549; x_wconf 88' lang='lat' dir='ltr'><em>etiam</em></span> <span class='ocrx_word' id='word_1_784' title='bbox 1237 5493 1272 5547; x_wconf 91' lang='lat' dir='ltr'><em>ad</em></span> <span class='ocrx_word' id='word_1_785' title='bbox 1289 5493 1436 5564; x_wconf 73' lang='lat' dir='ltr'><em>officium,</em></span> <span class='ocrx_word' id='word_1_786' title='bbox 1451 5495 1491 5549; x_wconf 89' lang='lat' dir='ltr'><em>ita</em></span> <span class='ocrx_word' id='word_1_787' title='bbox 1504 5500 1603 5550; x_wconf 73' lang='lat' dir='ltr'><em>manen</em></span> <span class='ocrx_word' id='word_1_788' title='bbox 1617 5499 1649 5551; x_wconf 91' lang='lat' dir='ltr'><em>ut</em></span> <span class='ocrx_word' id='word_1_789' title='bbox 1663 5497 1691 5551; x_wconf 89' lang='lat' dir='ltr'><em>si</em></span> <span class='ocrx_word' id='word_1_790' title='bbox 1705 5494 1782 5551; x_wconf 81' lang='lat' dir='ltr'><em>torte</em></span> <span class='ocrx_word' id='word_1_791' title='bbox 1807 5493 1877 5550; x_wconf 86' lang='lat' dir='ltr'><em>oill-</em></span> 
     </span>
    </p>
   </div>
   <div class='ocr_carea' id='block_1_19' title="bbox 1030 5583 1877 5655">
    <p class='ocr_par' dir='ltr' id='par_1_22' title="bbox 1030 5583 1877 5655">
     <span class='ocr_line' id='line_1_120' title="bbox 1030 5583 1877 5655; baseline -0.005 -15"><span class='ocrx_word' id='word_1_792' title='bbox 1030 5585 1122 5641; x_wconf 82' lang='lat' dir='ltr'><em>cium</em></span> <span class='ocrx_word' id='word_1_793' title='bbox 1137 5586 1309 5640; x_wconf 89' lang='lat' dir='ltr'><em>secuturum</em></span> <span class='ocrx_word' id='word_1_794' title='bbox 1334 5583 1437 5655; x_wconf 87' lang='lat' dir='ltr'><em>plures</em></span> <span class='ocrx_word' id='word_1_795' title='bbox 1461 5584 1598 5642; x_wconf 88' lang='lat' dir='ltr'><em>habuerit</em></span> <span class='ocrx_word' id='word_1_796' title='bbox 1623 5585 1764 5642; x_wconf 89' lang='lat' dir='ltr'><em>collectas</em></span> <span class='ocrx_word' id='word_1_797' title='bbox 1788 5596 1877 5655; x_wconf 87' lang='lat' dir='ltr'><em>quam</em></span> 
     </span>
    </p>
   </div>
   <div class='ocr_carea' id='block_1_20' title="bbox 1649 5770 1691 5843">
    <p class='ocr_par' dir='ltr' id='par_1_23' title="bbox 1649 5770 1691 5843">
     <span class='ocr_line' id='line_1_121' title="bbox 1649 5770 1691 5843; baseline 0.167 -7"><span class='ocrx_word' id='word_1_798' title='bbox 1649 5770 1691 5843; x_wconf 76' lang='lat' dir='ltr'><em>al</em></span> 
     </span>
    </p>
   </div>
   <div class='ocr_carea' id='block_1_21' title="bbox 0 0 1961 6112">
    <p class='ocr_par' dir='ltr' id='par_1_24' title="bbox 0 0 1961 6112">
     <span class='ocr_line' id='line_1_122' title="bbox 0 0 1961 6112; baseline 0 0"><span class='ocrx_word' id='word_1_799' title='bbox 0 0 1961 6112; x_wconf 95' lang='lat' dir='ltr'><em> </em></span> 
     </span>
    </p>
   </div>
  </div>
 </body>
</html>
