3900 6112
107 258 148 325 Ἢ
547 250 685 316 GESTA
710 248 979 317 Pounnctm
1006 249 1388 316 GAMERACENSIUM.
1796 250 1836 314 to

106 452 943 534 pinnt;sanctumveroLeodegariumhugustidunensem
957 430 987 494 Α
1000 450 1189 506 Mauruntum
1200 448 1354 505 hdalbaldi
1364 447 1449 503 ducis
1461 449 1548 518 atquc
1556 448 1669 502 sanctae
1681 448 1835 504 Rictrndis

107 547 276 620 pontificem
286 542 597 616 superdomumrcgis
607 542 800 597 constituunt.
816 540 875 597 Sed
885 556 944 595 non
999 540 1103 605 titium,
1127 554 1215 612 quem
1240 540 1399 594 Pcrronam
1423 537 1540 606 direxit,
1565 539 1653 608 atque
1669 541 1700 591 ut
1714 537 1837 593 beatum

105 639 197 693 multo
210 639 280 708 post
294 633 411 702 Franci,
436 645 539 704 regem
567 633 688 702 propter
716 630 865 686 levitatem
880 626 946 685 stu
999 627 1149 700 presulem
1163 627 1238 682 alias
1249 641 1353 681 secum
1362 625 1451 698 digne
1463 625 1690 680 custodiendum
1699 626 1837 696 duceret,

105 724 283 782 insolentias
299 736 371 777 suas
386 736 445 775 non
456 720 596 786 ferentes,
609 721 711 775 coorhr
722 719 867 775 seditione
878 733 946 773 eum
998 713 1837 788 imperavit.SiquidempreclarusDeiathletahujusmodi

107 813 350 881 interfecerunt3
378 809 482 881 sicque
512 808 716 863 Theodericus
744 809 774 862 in
802 822 944 879 regnum,
998 808 1138 877 precepto
1161 819 1266 876 parere
1295 819 1353 858 nou
1374 802 1497 872 distulit,
1523 804 1578 857 sed
1606 804 1685 874 quod
1712 803 1838 873 jussum

107 901 259 959 Ehroinus
273 914 344 955 vero
359 898 390 953 in
404 898 534 968 priorem
550 897 675 969 gradum
698 896 874 951 restituitur.
890 894 946 959 Qui
999 893 1113 964 iuerat,
1143 892 1320 965 quantocius
1344 907 1526 963 properans,
1550 892 1668 946 exulem
1697 895 1836 948 sanctum

12 1004 15 1009 '
108 989 304 1063 nequissimis
312 987 418 1043 doctus
434 985 625 1056 consiliariis,
635 985 778 1042 estimans
787 1001 821 1040 se
831 999 945 1040 memo·
998 982 1161 1040 honorifice
1176 981 1328 1036 tractando
1341 996 1444 1035 secum
1460 982 1528 1037 inde
1543 981 1675 1036 adduxit.
1687 982 1751 1035 Illis
1762 996 1837 1053 ergo

109 1079 164 1135 reti
171 1078 320 1149 pontilicis
326 1074 774 1145 tactioneabantiquapotcstate
784 1072 944 1145 dejectum,
998 1073 1036 1128 ad
1050 1071 1344 1127 Austrevandcnsem
1358 1085 1467 1141 pagum
1481 1071 1681 1139 tendentibus,
1698 1071 1836 1142 contigit,

109 1166 328 1224 crudelissimis
342 1180 411 1221 eum
420 1163 576 1219 tormentis
593 1161 700 1233 affecit,
713 1166 741 1218 et
750 1163 780 1216 in
794 1162 946 1217 territorio
999 1163 1032 1216 ut
1046 1159 1230 1216 refocillandi
1251 1159 1346 1231 gratia
1373 1158 1565 1215 Camaracum
1589 1160 1772 1215 diverterent
1800 1157 1839 1213 ad

112 1255 309 1312 Atrabatcnse
319 1252 524 1308 transductum
533 1251 674 1307 decollari
684 1250 755 1307 feeit
767 1251 798 1304 iu
813 1250 878 1306 loco
895 1251 947 1322 qui
1000 1250 1115 1305 urbem.
1130 1248 1189 1305 Ubi
1200 1248 1309 1303 ceteris
1324 1247 1404 1302 circa
1410 1249 1607 1304 ministerium
1618 1250 1837 1322 satagentibus,

109 1344 219 1401 dicitur
246 1342 328 1399 Silva
356 1342 452 1397 sancti
475 1339 642 1412 leodegari
666 1339 734 1412 (80),
750 1340 945 1411 sepultusque
1000 1338 1193 1395 beatissimus
1220 1335 1342 1408 presul,
1371 1338 1447 1408 parti
1474 1353 1562 1408 quam
1590 1338 1681 1392 illaria
1707 1341 1838 1393 testante

109 1436 157 1490 est
182 1433 213 1488 in
241 1431 312 1485 villa
339 1446 407 1502 quae
422 1429 530 1485 dicitur
545 1427 650 1484 Serein
677 1428 745 1499 (81),
771 1432 900 1499 quaest
916 1429 945 1482 in
1001 1428 1127 1482 Domino
1143 1427 1281 1496 optimam
1301 1425 1401 1496 elegit,
1418 1441 1537 1496 semper
1555 1427 1712 1482 intendens
1727 1428 1839 1483 aeccle·

111 1521 238 1578 confinio
261 1518 487 1574 Cameracensis
502 1518 647 1588 episcopii
670 1521 699 1573 ct
714 1517 894 1573 Morinensis
908 1513 945 1571 2⁸⁵.
1001 1516 1077 1570 siem
1092 1517 1203 1570 sanctae
1220 1512 1272 1568 Dei
1288 1513 1443 1584 genitricis
1453 1518 1483 1570 ct
1495 1515 1624 1589 virginis
1640 1516 1741 1572 blariae
1755 1517 1838 1573 haud

145 1609 191 1666 28.
207 1606 275 1680 (ll.)
291 1608 339 1678 (v.
354 1607 460 1677 Lecd.)
483 1607 529 1663 De
552 1621 678 1678 corpore
699 1606 787 1679 hujus
809 1606 949 1661 martiris
1001 1605 1090 1678 longe
1101 1605 1137 1659 ab
1148 1602 1277 1673 hospitio
1298 1603 1489 1673 subintravit,
1512 1605 1611 1676 ibique
1627 1609 1769 1675 quantum
1780 1606 1836 1661 Do-

111 1699 259 1772 episccpis
272 1694 433 1765 Ansoaldo,
444 1694 709 1765 Hermeneclrario,
722 1700 751 1750 et
761 1700 865 1750 sancto
882 1693 951 1748 Vin·
1002 1694 1081 1749 mino
1089 1695 1258 1764 earuserat,
1267 1692 1489 1747 evidentissime
1496 1693 1739 1750 claruit.lntranti
1745 1695 1836 1767 enim,

112 1782 948 1851 dentiano”emendantibussorteAnsoaIdushabrit.
1000 1785 1032 1839 ut
1046 1784 1076 1838 in
1090 1783 1205 1838 umbris
1220 1783 1311 1852 solet,
1327 1783 1426 1837 lumen
1445 1781 1599 1837 oculorum
1613 1783 1688 1839 solis
1704 1783 1838 1840 claritate

112 1875 175 1930 Nec
189 1889 283 1943 mora,
301 1872 514 1928 miraculorum
529 1872 597 1944 ejus
613 1872 691 1927 tama
719 1872 950 1943 circumquaque
1000 1872 1173 1942 perculsum
1189 1872 1368 1928 obtunditur.
1382 1871 1466 1927 Unde
1476 1872 1540 1942 ipse
1556 1873 1654 1927 minus
1665 1874 1834 1945 perspicax,

112 1962 230 2033 diffusa,
246 1962 284 2017 ad
298 1960 947 2033 palatiumregisamquecelebriterinnotuit.
1001 1961 1083 2016 radio
1106 1960 1191 2031 solis,
1215 1961 1265 2032 qui
1290 1977 1344 2031 per
1368 1960 1499 2016 foramen
1518 1961 1643 2032 parietis
1658 1960 1836 2034 infulgebat,

114 2052 174 2108 Ubi
197 2054 267 2106 tunc
291 2049 367 2106 forte
392 2050 469 2106 inter
485 2054 600 2106 ceteros
624 2065 766 2122 proceres
781 2048 950 2104 bnsoaldus
1000 2066 1054 2122 pro
1070 2065 1158 2105 servo
1174 2065 1249 2104 usus
1265 2053 1322 2120 est,
1338 2050 1476 2122 quoniam
1491 2049 1633 2122 fatigatus
1648 2049 1764 2121 itinere,
1776 2068 1838 2105 ma·

115 2140 337 2196 Pictavensium
365 2144 394 2194 et
414 2139 683 2195 Hermenecharius
708 2138 951 2211 Augustiduncn-
1000 2139 1102 2195 teriale
1118 2155 1215 2209 onus,
1231 2143 1263 2193 ut
1278 2139 1431 2209 spirituale
1446 2138 1729 2209 leviusadsumeret‚
1748 2140 1838 2210 depo·

114 2230 194 2286 sium
202 2229 375 2300 episcopus,
392 2231 515 2283 sanctus
535 2243 653 2300 quoque
671 2227 864 2282 vindicianus
879 2226 952 2279 ade·
1002 2244 1088 2299 nens,
1105 2244 1227 2299 cappam
1238 2229 1564 2299 suamatquamanieas
1580 2244 1652 2283 suas
1667 2229 1750 2285 radio
1762 2229 1838 2285 solis

113 2319 188 2373 rant.
198 2317 451 2388 Quorumprimus
460 2318 555 2372 sancti
566 2316 695 2371 martiris
706 2331 816 2387 corpus
829 2330 951 2371 monas·
1001 2317 1344 2388 tanquamibiprotensae
1353 2317 1754 2389 ferulaeignoranterinjecit.
1765 2318 1838 2383 Quae

112 2406 179 2462 terii
185 2406 347 2478 quodamet
354 2405 623 2478 consanguinitatis
629 2404 786 2476 privilegio
792 2404 950 2460 vendicare
1003 2407 1049 2462 sol
1059 2409 1123 2476 ipse
1133 2406 1314 2476 suscipiens,
1327 2405 1397 2460 dum
1408 2406 1533 2461 orationi
1545 2409 1716 2475 prostratus
1727 2407 1840 2462 incum-

114 2494 249 2565 cupiens,
275 2492 350 2548 alter
379 2509 451 2549 vero
481 2494 672 2564 episcopatus
698 2493 949 2565 jurapraterens,
1003 2495 1096 2564 beret,
1110 2495 1278 2550 famulando
1296 2495 1447 2549 sustinuit.
1466 2494 1629 2564 Dispositis
1644 2495 1754 2550 interea
1769 2513 1839 2567 quae

115 2583 233 2652 tertius,
257 2582 286 2638 id
302 2581 468 2638 estbeutus
492 2581 688 2661 vinditianus,
705 2582 804 2637 locum
827 2581 950 2662 martirii
1004 2585 1084 2640 domi
1098 2569 1274 2640 necessaria
1292 2587 1387 2652 erant,
1411 2584 1517 2639 beatus
1544 2583 1718 2638 blauruntus
1740 2586 1838 2639 sancti

114 2670 408 2741 etsepulchri,qucm
418 2670 569 2726 indiocesi
577 2685 630 2725 sua
644 2670 705 2724 Deo
713 2670 831 2726 volente
840 2674 952 2741 martyr
1003 2674 1130 2745 vestigia
1145 2672 1338 2744 subsecutus,
1355 2688 1422 2728 cunr
1442 2671 1610 2727 aecclesiam
1632 2673 1786 2727 introisset
1809 2679 1839 2728 et

115 2763 301 2830 susceperat,
318 2761 513 2828 contestatus,
529 2759 606 2812 hanc
620 2758 698 2814 inter
713 2773 747 2814 se
762 2773 820 2813 non
839 2758 951 2829 impro-
1003 2763 1127 2818 exuvias
1156 2761 1252 2816 sancti
1280 2762 1316 2816 de
1344 2762 1408 2816 sole
1422 2763 1552 2832 pendere
1567 2761 1836 2832 deprehendisset:

114 2847 242 2903 bundam
253 2847 497 2919 disceptationem
507 2847 707 2915 coniecerant,
727 2847 952 2903 doneeexsen·
1005 2851 1157 2922 Deumque
1174 2849 1338 2906 mirabilem
1353 2850 1547 2922 glorificando
1571 2850 1739 2920 predicans,
1766 2852 1839 2906 tanti

114 2937 206 2993 tentia
220 2939 386 2993 ceterorum
402 2936 573 3007 pontificum
588 2935 684 2992 tribus
700 2936 835 3007 epistolis
846 2935 953 2991 horum
1004 2940 1061 2994 viri
1075 2939 1202 3010 pedibus
1231 2955 1265 2994 se
1293 2940 1465 3010 prostravit,
1482 2955 1626 3010 suamque
1641 2938 1841 3011 ignorantiam

113 3026 205 3082 trium
219 3026 393 3081 nominibus
408 3025 590 3097 subscriptis
605 3029 634 3081 et
649 3026 774 3081 confuse
789 3025 847 3081 sub
875 3024 953 3096 palla
1004 3044 1162 3097 accusans,
1179 3028 1284 3099 siquid
1300 3029 1329 3083 in
1344 3044 1411 3084 eum
1421 3033 1587 3098 peccasset,
1605 3029 1721 3082 veniam
1736 3033 1840 3099 postu·

114 3115 216 3171 altaris
246 3115 383 3186 obtectis,
406 3114 542 3186 iactaque
570 3115 600 3170 in
624 3129 779 3170 commune
809 3115 950 3184 oratione,
1005 3117 1084 3173 lavit.
1098 3117 1165 3173 Non
1185 3117 1263 3171 enirn
1279 3117 1321 3171 illi
1336 3121 1421 3172 antea
1450 3119 1650 3187 competenter
1678 3118 1838 3188 servierat,

115 3204 284 3260 Pictavensi
308 3206 450 3276 episcopo
477 3220 515 3259 ex
542 3203 661 3259 indiciis
690 3206 826 3259 sanctum
842 3219 952 3275 corpus
1005 3209 1105 3277 utpote
1120 3221 1208 3278 quem
1218 3206 1289 3260 tanti
1301 3205 1396 3261 meriti
1405 3206 1481 3275 apud
1490 3207 1583 3261 Deum
1598 3205 1693 3260 tuisse
1709 3207 1841 3262 nondum

114 3291 221 3349 deberi
235 3293 416 3349 declaratum
431 3294 487 3348 cst.
1005 3298 1137 3351 noverat.
1154 3296 1191 3349 At
1201 3294 1378 3350 mitissimus
1388 3294 1491 3365 presul
1500 3291 1840 3365 clementerttinuulsit,

150 3379 196 3435 88.
210 3378 236 3422 2⁷
253 3378 321 3451 (88.)
344 3381 521 3436 Miraculum
545 3380 583 3436 dc
601 3386 704 3436 sancto
731 3380 846 3446 Amato,
878 3380 953 3453 quod
1007 3388 1036 3440 et
1051 3400 1110 3439 non
1125 3384 1217 3439 mutto
1232 3386 1301 3454 post
1316 3383 1430 3439 viribus
1448 3385 1620 3453 resumptis,
1644 3385 1701 3439 iter
1721 3399 1841 3457 qnoque

118 3474 249 3542 tempore
258 3471 356 3524 sancti
366 3469 538 3525 vindiciani
543 3469 809 3542 presuliscontiqit
817 3469 953 3525 Camera-
1007 3477 1163 3529 rcsumunt
1177 3472 1256 3544 quod
1271 3474 1432 3544 coeperant,
1444 3472 1635 3544 laboremque
1644 3489 1731 3528 suum
1747 3474 1841 3529 divini

116 3573 159 3614 co.
167 3557 229 3615 Sub
236 3557 605 3630 hujusquoquepontiiicis
612 3560 744 3628 tempore
753 3558 952 3614 inhacnostra
965 3607 992 3669 D
1007 3563 1156 3617 sermonis
1167 3561 1484 3632 dnlcedinelenientes,
1498 3562 1680 3616 Hanratieum
1689 3562 1746 3632 (88)
1755 3563 1843 3620 deve·

116 3646 234 3702 civitate
245 3646 393 3718 quoddam
407 3646 776 3719 contigitmirabite,quod
789 3647 858 3702 huie
869 3647 951 3718 operi
1007 3651 1100 3707 niunt.
1129 3650 1192 3716 Quo
1221 3651 1514 3705 inloeodiutissime
1531 3654 1758 3721 commorantes,
1781 3669 1841 3707 non

116 3735 952 3809 necessariumduxiinsercre.(vitaAnreti.)Eanamque
1006 3741 1158 3794 minimum
1172 3740 1370 3811 proiecerunt.
1393 3739 1507 3795 Relicto
1527 3740 1654 3811 denique
1677 3740 1840 3796 Humatieae

116 3827 311 3895 tempestate,
340 3824 408 3878 dum
437 3823 571 3894 prelatus
606 3840 660 3880 rex
688 3825 893 3880 Theodericus
922 3827 952 3880 in
1005 3829 1140 3895 cenobio,
1157 3844 1245 3883 secor
1266 3830 1368 3898 presul
1390 3829 1534 3884 educitur.
1570 3830 1758 3900 Broitumquc
1783 3831 1840 3901 (88)

117 3917 238 3969 sanctos
254 3913 307 3968 Dei
321 3913 443 3981 seviret,
458 3912 604 3968 diabolica
614 3913 742 3986 agitatus
753 3915 952 3970 stimulatione
1004 3918 1837 3989 perductusest.1pseverojuxtabasilieamcellulumsibi

117 4006 253 4058 sanctum
268 4002 404 4057 Auratum
419 4001 614 4057 Senoniensis
636 4002 782 4058 aecclesiae
801 4005 951 4073 presulem
1005 4007 1142 4061 fabricari
1158 4007 1298 4077 precepit,
1312 4008 1386 4062 intra
1398 4007 1741 4079 quamquaudocumque
1752 4022 1836 4076 opor-

118 4090 951 4165 exilioreligandumdcputavit3longequenbillisparti·
1003 4098 1106 4150 tunum
1129 4098 1192 4150 erat
1218 4112 1288 4152 sesa
1317 4097 1483 4166 continens,
1513 4095 1837 4167 vigiliiS‚orationibus

117 4180 187 4250 bus,
218 4181 248 4235 in
275 4179 435 4250 municipio
464 4179 692 4236 viromandensi
719 4181 798 4252 quod
821 4183 952 4238 Perrona
1004 4186 1091 4255 atque
1106 4184 1233 4256 jejuniis
1244 4185 1430 4241 incessanter
1445 4200 1554 4254 corpus
1570 4185 1714 4257 fatigavit,
1738 4200 1835 4256 usquc

118 4272 251 4339 vocatur,
267 4270 325 4325 sub
336 4269 471 4325 custodia
482 4269 639 4324 admodum
650 4271 951 4327 reverentissimiviri
1003 4260 1073 4329 dum
1087 4276 1145 4328 tam
1160 4274 1317 4346 egregium
1332 4274 1452 4329 militem
1473 4274 1614 4329 ttominus
1629 4274 1665 4328 de
1681 4273 1773 4328 terris
1800 4273 1837 4327 ad

118 4357 218 4415 Ultani
232 4357 350 4413 abbatis
365 4358 591 4429 mancipandum
606 4359 774 4431 destinavit,
791 4361 906 4416 seilicet
921 4365 952 4416 ut
1004 4362 1096 4418 coelos
1112 4363 1247 4417 evocavit
1261 4365 1320 4432 (an.
1337 4360 1411 4434 690).

119 4463 208 4521 quem
228 4446 308 4502 terro
331 4462 391 4502 non
414 4447 540 4502 audehat
564 4448 722 4518 perimere,
743 4447 831 4521 longa
847 4449 952 4504 saltem
1039 4450 1083 4505 et.
1100 4450 1168 4519 (83.)
1184 4450 1233 4519 (v.
1250 4451 1346 4519 blan.)
1367 4452 1449 4517 Quod
1465 4459 1597 4523 tempore
1626 4450 1713 4522 brp'us
1741 4452 1841 4506 sancti

118 4537 199 4593 exilii
215 4535 403 4591 tribulatione
419 4538 591 4590 maceraret.
606 4536 713 4592 Sancto
729 4537 820 4609 igitur
844 4537 951 4593 Ultano
1007 4539 1066 4592 viri
1080 4539 1164 4610 virgo
1176 4540 1432 4596 Deirllaxelendis
1443 4541 1655 4594 martirizatur
1663 4555 1840 4610 percussor·

119 4624 276 4681 demedio
303 4624 393 4693 tacto,
423 4624 532 4678 timens
562 4639 613 4677 rex
642 4624 760 4694 impius,
778 4631 952 4681 nesanctus
1005 4628 1839 4700 queexecatur.Subliocieretemporequaedamvirgoin

118 4714 220 4784 presul
235 4714 417 4787 repatriaret,
433 4711 524 4783 clegit
537 4711 685 4783 quendam
708 4713 805 4768 virum
834 4715 952 4769 nomine
1004 4716 1379 4789 territorioCameracensi,
1396 4717 1836 4789 nobilissimisortanatatibus,

770 4903 917 4967 VARIAE
940 4904 1185 4971 LECTIONES.

154 5079 183 5130 ί*
197 5088 283 5145 deest
303 5084 331 5144 l.
346 5079 374 5131 ¹⁵
388 5087 420 5145 G.
438 5099 464 5146 e.
485 5090 514 5145 et
528 5080 566 5144 bl.
583 5089 687 5143 auctor
700 5081 765 5159 ipse
781 5082 947 5144 exararittt
961 5086 1155 5146 vincentiano
1171 5090 1196 5146 t.
1213 5085 1305 5147 ²⁷hoc
1319 5099 1405 5164 caput
1428 5093 1513 5149 deest
1537 5099 1627 5149 totum
1653 5092 1678 5148 l.
1708 5092 1735 5148 3.
1766 5093 1792 5148 t.
1821 5091 1838 5146 5

119 5165 204 5288 mat
215 5160 249 5285 ιἰ)
263 5158 353 5285 {9⁰²¹
366 5156 404 5215 2‘.
414 5157 626 5217 Proculdnbio
636 5164 739 5216 auctor
753 5158 828 5215 illud
842 5161 873 5215 in
888 5161 913 5216 l.
926 5161 1157 5233 suppleveratin
1171 5163 1304 5219 scedulla
1320 5170 1431 5234 assuta,
1457 5165 1513 5220 sed
1537 5182 1601 5239 qure
1625 5171 1729 5237 postea
1743 5164 1839 5236 periit

184 5246 237 5290 ces
296 5271 302 5286 .

907 5401 1046 5471 NOTAE.

160 5601 207 5659 {80
231 5602 273 5659 Lo
287 5601 356 5660 bois
371 5602 407 5659 de
420 5600 575 5659 Luoheux,
592 5601 637 5658 L„
650 5603 741 5662 qm,
1034 5588 1079 5662 (82
1106 5589 1248 5668 Hamage.
1264 5609 1360 5670 prope
1378 5594 1599 5656 Marchiennes.
1616 5596 1660 5655 La
1680 5596 1771 5658 Gnav.

160 5657 205 5750 (aa
233 5673 338 5732 seron
353 5676 400 5731 est
413 5673 442 5732 ιο
455 5688 526 5732 nom
540 5673 577 5731 ae
590 5673 620 5730 ra
633 5675 718 5759 pnes
739 5675 791 5749 qu
805 5689 840 5734 so
854 5676 960 5735 trouve
1037 5662 1048 5734 t
1084 5661 1210 5736 >eruar

121 5762 162 5812 aa
174 5743 277 5809 nitieu
292 5745 333 5808 du
346 5744 457 5824 village
467 5746 504 5808 de
517 5743 802 5825 Sus-Suntbeger.
811 5746 856 5808 ln
867 5746 959 5811 Gur.
