3900 6112
650 302 836 369 DIALOGI.
856 337 890 352 —
907 305 987 368 LIB.
1003 307 1042 368 11.
1642 312 1703 382 990

87 519 91 551 ι
104 501 227 556 curabo.
243 501 316 557 Cum
326 501 404 557 idem
416 502 525 558 Paulus
535 503 641 558 salutis
651 519 813 558 suaecausa
828 485 857 547 Α
873 504 969 559 lucem
983 505 1013 559 in
1028 522 1096 562 aera
1111 507 1325 579 elintrarpsam
1334 512 1513 567 venerabilis
1523 514 1578 570 viri
1586 516 1710 572 loannis

87 604 114 644 ιιι
133 589 170 644 ad
195 591 363 646 caenobium
382 591 554 647 devenisset
569 594 657 661 (anno
678 591 768 661 1022),
799 609 815 648 a
874 593 1003 648 animam
1027 594 1134 649 caelum
1149 599 1304 665 penetrare
1332 600 1496 669 conspexit.
1522 603 1614 674 Igitur
1635 606 1711 661 laeto
1740 662 1744 668 ,

87 677 277 747 aldoabbate,
291 680 434 752 religioso
449 681 673 751 videlicetviro,
687 683 815 753 quitunc
872 697 968 750 ruane,
986 684 1097 738 certius
1118 685 1198 738 scire
1214 686 1318 740 volens
1334 689 1412 757 quod
1428 689 1551 756 viderat,
1575 694 1653 747 venit
1674 694 1710 747 ad

87 761 351 823 usbonestissi‘me
371 772 506 839 praeerat,
534 770 638 825 devote
654 775 814 841 susceptus
872 769 1032 842 Andream,
1055 774 1106 843 qui
1122 773 1204 828 celtae
1233 775 1324 847 liujus
1346 779 1609 850 monasterii,quae
1637 781 1711 835 intra

87 870 144 911 rem
167 857 349 912 venerabilis
373 858 463 912 Pater
485 858 710 914 inmonastcrio
738 859 817 914 beati
871 859 1005 913 eamdem
1020 859 1188 930 Capuanum
1205 862 1711 938 urbemsitaest,tunepraepesitus

87 944 250 1016 Benedicti,
267 946 345 1017 quod
362 947 435 1001 intra
450 946 618 1018 Capuanum
630 948 734 1003 urbem
746 965 816 1003 eon·
871 949 942 1011 erat,
968 947 1094 1019 hocque,
1118 950 1196 1020 quod
1220 952 1344 1020 viderat,
1370 969 1424 1023 per
1439 955 1571 1010 ordinem
1595 957 1709 1012 retulit:

87 1048 123 1088 im
138 1035 194 1104 est,
211 1033 343 1089 babitare
357 1037 500 1106 praecepit
516 1051 523 1091 :
540 1037 591 1107 qui
605 1040 762 1108 postquam
779 1039 816 1092 ad
872 1037 901 1088 et
927 1039 957 1090 ut
973 1036 1008 1090 ad
1028 1037 1084 1092 hoc
1100 1032 1311 1094 monasterium
1334 1043 1468 1096 nuntium
1483 1042 1636 1116 dirigeret,
1661 1047 1709 1116 qui

87 1137 113 1177 m
127 1124 273 1193 pervenit,
292 1124 329 1178 ita
352 1139 386 1179 se
412 1124 468 1178 sub
484 1131 595 1179 sanetae
621 1126 815 1181 iustitutionis
870 1121 1101 1194 diligentissime
1126 1143 1187 1183 rem
1202 1143 1290 1199 quam
1305 1129 1420 1185 viderat
1435 1132 1638 1204 investigaret,
1654 1133 1709 1188 ob-

99 1211 289 1280 censtrinxit,
305 1214 336 1266 ut
359 1212 396 1265 ob
419 1212 475 1266 hoc
500 1214 638 1268 omnibus
671 1215 815 1269 mirabilis
870 1211 1554 1288 nixe'poposeit.Quiejusvotoparerestudens,
1575 1221 1709 1276 nuntium

87 1298 813 1374 tur.Scdomnipotens,misaricorsacpiusDeuS,
870 1314 938 1353 mox
960 1301 1075 1371 direxit,
1100 1304 1151 1374 qui
1177 1303 1335 1377 diligenter
1358 1307 1423 1362 lraec
1446 1324 1511 1378 quee
1537 1309 1614 1362 dicta
1638 1313 1708 1364 sunt

87 1401 117 1441 m
140 1387 198 1442 sibi
218 1387 285 1459 ejus
301 1388 390 1460 digna
415 1393 602 1447 conversatio
631 1392 661 1446 in
676 1392 732 1446 hac
755 1392 814 1447 vita
870 1393 1077 1460 cognosceret,
1104 1392 1251 1463 citiusque
1267 1410 1410 1450 reversus
1426 1395 1556 1451 indicare
1579 1402 1706 1453 curaret.

87 1475 130 1542 rit,
143 1475 223 1532 illius
234 1479 300 1546 post
314 1477 424 1533 obitum
435 1480 648 1536 ostendereest
663 1481 811 1553 dignatus,
869 1476 943 1530 Tum
959 1478 985 1533 is
1001 1479 1052 1549 qui
1066 1481 1180 1535 missus
1192 1481 1288 1537 iuerat
1303 1484 1433 1555 nuntiuS,
1450 1485 1518 1539 dum
1534 1485 1709 1541 festinanter

87 1578 189 1635 imque
203 1566 232 1620 in
249 1567 352 1622 eodem
364 1570 544 1624 monasterio
559 1570 743 1642 religiosam,
760 1570 813 1626 ho·
870 1570 1019 1637 pergeret,
1038 1571 1065 1622 et
1080 1569 1108 1622 in
1125 1570 1190 1639 ipso
1217 1571 1321 1626 itinere
1336 1573 1410 1627 alter
1423 1589 1439 1626 a
1454 1575 1632 1629 monasterio
1657 1592 1706 1631 ve-

87 1666 139 1707 ao
155 1653 275 1726 dignam
295 1655 355 1710 Deo
371 1659 628 1713 conversationem
652 1674 810 1729 exercere,
870 1654 955 1709 niens
970 1657 1109 1727 occurrit,
1123 1659 1172 1730 qui
1183 1659 1508 1732 iratribusinpraedieta
1518 1663 1705 1739 eellaCapuae

87 1743 141 1797 atos
167 1744 319 1813 explesset
348 1761 453 1815 annos,
480 1746 648 1802 infirmitate
673 1749 810 1818 pulsatus
870 1746 1120 1800 commorantibus
1156 1748 1271 1817 praetati
1301 1751 1381 1803 servi
1412 1751 1464 1806 Dei
1493 1751 1603 1806 obitum
1627 1769 1705 1807 nun-

87 1830 113 1884 is
126 1833 155 1885 ei
166 1832 435 1904 carnisergastulo,
446 1833 569 1904 jubente
585 1836 811 1906 Domino,exili-
870 1831 966 1902 tiavit3
983 1847 1066 1904 aquo
1083 1835 1401 1908 subtiliterinquirens,
1415 1839 1705 1911 invenitpraedictum

87 1920 137 1972 tur
161 1919 278 1989 quidam
303 1922 483 1977 venerabilis
499 1924 567 1978 vitae
591 1925 751 1995 episcopus
774 1941 810 1980 ex
870 1919 923 1972 Dei
939 1935 1060 1976 servum
1076 1938 1110 1977 ea
1126 1924 1198 1979 hora
1213 1941 1250 1979 ex
1267 1925 1322 1980 bac
1341 1928 1407 1981 luce
1430 1927 1623 1999 subtractum,
1649 1945 1707 2000 qua

89 2007 224 2078 partibus
241 2010 374 2079 veniens,
393 2012 535 2067 orationis
551 2013 645 2084 gratia
660 2014 696 2068 ad
712 2014 808 2069 eccle.
825 2036 852 2101 Β
869 2021 935 2061 cum
951 2009 1082 2064 loannes
1098 2012 1260 2084 religiosus
1276 2014 1448 2079 monachus,
1459 2015 1566 2086 Capuae
1578 2016 1704 2087 positae,

89 2097 146 2150 eati
162 2096 315 2153 Michaelis
329 2099 499 2172 archangeli
515 2101 545 2154 in
560 2100 694 2174 cargano
711 2107 809 2158 monte
868 2096 976 2150 coelum
991 2098 1166 2155 mirabiliter
1180 2105 1510 2175 penetrassaeogncvit.
1527 2104 1609 2159 Tunc
1624 2107 1705 2160 uter-

87 2187 326 2255 improperabat.
360 2187 433 2242 Cum
462 2193 557 2243 autem
585 2191 621 2244 ad
641 2192 808 2262 Capuanum

89 2270 271 2342 devenisset,
294 2273 379 2344 juxta
403 2275 560 2331 ecelesiam
581 2281 808 2351 protomartyris

87 2358 113 2413 ni
135 2359 193 2430 (38)
212 2362 370 2433 diversus,
397 2364 564 2435 hospitatus
593 2369 649 2421 est.
676 2368 808 2440 Denique

87 2452 141 2504 rote
156 2450 362 2520 intempestae
386 2455 492 2508 lectulo
518 2456 713 2524 surrexisset,
742 2463 808 2513 ante

87 2552 130 2591 em
159 2538 292 2609 praedicti
316 2543 454 2612 martyris
479 2547 577 2612 stans,
608 2544 722 2600 vicinas
748 2547 808 2600 sibi

87 2627 179 2681 tentis
195 2628 248 2681 Uei
262 2645 350 2683 aures
362 2631 513 2700 precibus
527 2633 726 2705 lacrymisque
742 2636 807 2689 red-

93 2729 165 2785 cum
181 2731 250 2770 ecce
264 2718 374 2787 subito,
391 2720 425 2773 ud
442 2720 591 2775 dexteram
606 2723 728 2777 orientis
742 2739 808 2793 par-

867 2199 924 2253 que
939 2185 975 2238 ad
995 2200 1048 2240 eos
1069 2205 1085 2240 a
1109 2189 1218 2257 quibus
1240 2191 1327 2245 missi
1347 2191 1461 2245 lucrant
1481 2193 1606 2261 reversi,
1632 2193 1706 2248 alter

866 2274 947 2326 servi
969 2272 1022 2327 Dei
1037 2275 1158 2344 obitum,
1175 2277 1248 2331 alter
1263 2293 1333 2332 vero
1348 2279 1504 2349 visionem,
1521 2296 1587 2351 quae
1609 2280 1645 2335 de
1669 2296 1704 2335 eo

866 2359 931 2413 visa
946 2363 1002 2429 est,
1019 2362 1191 2418 retulerunt.

903 2449 1059 2505 Multorum
1083 2453 1140 2521 (40)
1163 2453 1284 2507 fratrum
1309 2456 1478 2510 testimonio
1500 2456 1591 2511 didici
1626 2457 1701 2526 haec,

866 2550 932 2606 quae
946 2541 1048 2592 nostro
1064 2541 1164 2593 eirravi
1188 2543 1323 2596 annotari
1338 2543 1447 2598 libello.
1464 2543 1499 2598 Et
1513 2544 1581 2599 licet
1596 2545 1703 2601 Petrus

863 2626 1044 2680 venerabilis
1054 2627 1202 2683 Ost1ensis
1227 2631 1388 2701 episcopus
1413 2631 1600 2702 insermone3
1615 2649 1702 2704 quom

862 2714 892 2768 iu
908 2714 1020 2785 vigiliis
1032 2716 1064 2769 B.
1081 2717 1179 2772 Patris
1189 2719 1339 2773 Benedicti
1355 2719 1515 2792 legendum
1530 2721 1702 2777 luculentis·

89 2804 155 2860 ulos
182 2808 378 2874 porrexisset,
405 2809 477 2863 vidit
501 2811 596 2863 instar
617 2811 691 2865 solis
716 2813 808 2866 radiis
863 2803 1521 2881 simecomposuit,idelegauterdecenterque
1531 2812 1701 2882 inseruerit,

87 2894 263 2963 splendidam
274 2911 290 2949 e
300 2899 481 2952 monasterio
493 2914 546 2967 per
557 2915 624 2953 aera
634 2900 809 2955 mirabiliter
862 2894 959 2944 famen
974 2892 1165 2948 issi01‘0aelelfl
1180 2895 1408 2968 milflfflliiquae
1423 2898 1701 2969 ⁰¹¹¹¹¹5P01011800¹¹⁸

87 2996 119 3037 e,
130 2981 263 3053 (irimque
277 2984 325 3038 diu
338 2984 433 3039 lucem
445 3002 532 3056 quam
543 2987 808 3043 videbatatlonitus
863 2979 899 3032 ad
916 2978 1031 3035 laudem
1052 2983 1100 3036 sui
1116 2984 1243 3037 nominis
1263 2988 1365 3038 nostra
1381 2985 1467 3040 etiam
1485 2987 1633 3057 memoria,
1654 2989 1700 3041 val

87 3072 137 3140 tur,
154 3071 273 3143 signum
299 3072 328 3127 in
359 3075 544 3128 monasterio
582 3075 721 3141 insonuit,
750 3093 808 3146 quo
863 3069 1015 3122 seniorum
1031 3074 1211 3138 nostrorum,
1223 3072 1518 3143 quosipsividimus,
1531 3074 1700 3146 quibusque

97 3158 194 3213 exitus
209 3160 442 3231 significabatur.
470 3162 616 3217 Intellexit
638 3165 806 3233 protinuse

87 3263 223 3302 raumara
232 3249 359 3319 aliquem
366 3251 464 3321 magni
476 3252 572 3305 meriti
584 3268 620 3306 ex
631 3253 686 3306 boc
698 3254 807 3307 mundo

87 3350 127 3405 ee,
154 3338 301 3408 simulque
319 3353 385 3392 cum
409 3339 475 3409 ipsa
503 3340 568 3395 luce
585 3341 652 3395 oceli
667 3341 807 3396 sublimia

87 3440 153 3480 sse.
183 3425 549 3497 blaxitaqueconvocatis
582 3429 709 3497 clericis,
740 3446 806 3501 quae

862 3156 1073 3225 referentibus,
1092 3160 1279 3230 agnovimus,
1297 3160 1354 3215 hoe
1368 3162 1396 3214 iu
1408 3168 1511 3217 nostro
1521 3164 1700 3218 monasterio

862 3244 1022 3301 ostendere
1037 3252 1083 3301 est
1098 3248 1248 3319 dignatas,
1260 3249 1393 3304 inserere
1405 3251 1516 3321 curavi,
1528 3253 1597 3306 utin
1611 3249 1699 3322 cujus

863 3332 937 3387 torta
955 3350 1059 3389 manus
1076 3351 1175 3391 sermo
1191 3337 1239 3392 ille
1251 3339 1441 3406 convenerit,
1452 3343 1480 3392 et
1494 3339 1586 3394 bocia
1597 3342 1699 3395 nostro

861 3421 960 3477 libello
976 3427 1159 3496 cognoverit,
1170 3426 1263 3482 Derim
1274 3427 1375 3481 laudet
1385 3427 1414 3480 in
1425 3427 1610 3483 mirabilibus
1621 3429 1698 3497 suiS,

92 3515 247 3583 enarravit,
258 3517 415 3586 statimque
439 3518 474 3571 erl
496 3519 707 3573 monasterium
724 3535 806 3573 num.
864 3512 914 3581 qui
929 3513 1008 3566 omui
1027 3515 1170 3584 tempore,
1187 3530 1264 3569 novo
1280 3515 1415 3570 videlicet
1431 3516 1496 3571 cibo
1516 3517 1566 3571 alit
1580 3520 1699 3572 teneras

87 3602 146 3669 icit,
158 3606 188 3656 ut
204 3604 272 3673 quis
287 3604 327 3657 ibi
343 3604 501 3660 defunctus
517 3609 599 3661 esset
618 3611 804 3678 agnosceret,
823 3591 976 3656 Omentes
997 3617 1131 3657 suorum.
1158 3603 1252 3675 Igitur
1275 3604 1403 3675 quodam
1420 3609 1549 3674 tempore
1565 3605 1601 3661 ab
1616 3606 1698 3661 initio

87 3704 100 3744 e
115 3690 152 3759 is,
169 3692 218 3762 qui
228 3693 342 3747 missus
356 3692 461 3759 iuerat,
475 3696 806 3750 monasteriumintras.
862 3687 929 3741 Maii
944 3691 1058 3745 mensis
1083 3692 1227 3762 usquead
1245 3696 1373 3746 extrema
1394 3692 1507 3747 mensis
1523 3693 1603 3762 tulii,
1620 3695 1699 3748 tanta

87 3779 150 3834 ‘enit
165 3781 289 3835 Paulvrm
306 3782 504 3836 venerabilem
525 3784 699 3838 monachum
717 3800 806 3839 ecor-

87 3869 179 3922 iimam
197 3871 345 3924 emisisse.

87 3970 135 4011 nes
150 3954 206 4026 (39)
230 3958 387 4012 admodum
401 3958 562 4030 religiosus
585 3961 760 4030 monachus,
777 3966 806 4017 et

87 4060 119 4115 rs,
137 4046 224 4117 eujus
244 4048 384 4117 superius
400 4037 578 4103 mentionem
594 4049 661 4118 leci,
680 4052 739 4120 qui,
759 4067 804 4105 re-

87 4133 211 4205 egimine
234 4136 413 4205 monasterii,
444 4137 479 4190 ad
508 4136 607 4191 Eremi
626 4143 741 4192 secreta
771 4155 804 4193 se

87 4260 99 4290 .,
127 4223 156 4276 in
179 4222 234 4277 hac
249 4224 345 4277 vicina
360 4224 435 4278 silva
461 4240 556 4296 usque
584 4226 620 4280 ad
636 4230 800 4282 extremum

89 4327 113 4365 ae
124 4313 280 4366 terminum
296 4314 446 4368 solitarius
461 4315 568 4368 mansit
587 4331 591 4368 :
612 4316 710 4386 ibique
724 4315 803 4387 jeju·

87 4399 161 4470 giliis
185 4417 218 4454 ac
235 4401 417 4456 orationibus
443 4418 562 4471 operam
578 4403 662 4472 dans,
689 4404 803 4459 studuit

87 4491 156 4544 tenti
184 4489 307 4544 Domino
334 4490 459 4544 sollicita
480 4494 576 4546 mente
592 4492 716 4546 servire.
747 4493 803 4545 Hic

87 4594 119 4631 ,ιιι
130 4579 314 4648 temporibus
326 4579 487 4634 Theobaldi
497 4579 613 4634 abbatis
623 4595 659 4634 ex
674 4580 728 4634 hae
738 4581 802 4635 luce

87 4670 127 4722 set
141 4669 229 4734 (arina
250 4668 339 4736 lose),
358 4668 521 4722 monachus
537 4669 654 4738 quidam
670 4670 801 4724 loannes

87 4797 94 4824 ,
124 4756 154 4809 in
178 4757 356 4810 monasterio
381 4757 463 4810 Beati
484 4757 633 4810 Laurentii
653 4759 801 4828 martyris,

87 4845 134 4898 rud
141 4843 269 4914 Capuam
280 4848 336 4913 est,
348 4845 569 4899 studiosissime
580 4844 609 4898 in
622 4845 803 4901 Deiscrvitio

87 4932 215 4987 abatur:
243 4934 293 5002 qui
318 4933 387 4987 dum
403 4932 528 5003 quadam
544 4936 630 4988 nocto
646 4937 802 5005 antequam

87 5020 122 5074 ad
138 5021 258 5091 vigilias
269 5024 446 5100 surgerent,
464 5021 499 5076 dc
515 5022 632 5091 lectulo,
650 5037 730 5076 more
747 5039 802 5078 so-

860 3777 982 3831 siccitas
1007 3780 1085 3834 aeris
1106 3781 1227 3850 exstitit,
1254 3785 1285 3835 ut
1307 3797 1343 3836 no
1365 3781 1557 3852 paucissimis
1579 3782 1698 3852 quidem

860 3866 952 3936 guttis
968 3880 1057 3921 arens
1073 3872 1162 3936 terra,
1179 3872 1207 3921 et
1222 3869 1338 3924 crebris
1348 3870 1477 3924 discissa
1492 3870 1587 3941 rimis,
1600 3871 1698 3943 aliquo

859 3953 946 4008 modo
957 3956 1282 4011 mfldesserividerelur.
1295 3958 1510 4028 Tuncquadam
1524 3958 1570 4014 dic
1579 3960 1699 4030 quidam

859 4043 1002 4113 rusticus,
1018 4048 1050 4097 ut
1065 4045 1202 4114 stipulam
1227 4046 1332 4100 triticea
1348 4047 1458 4101 messis
1475 4063 1530 4102 suo
1545 4048 1575 4102 in
1600 4049 1698 4120 agello

858 4131 1056 4187 succenderet
1080 4149 1138 4203 quo
1164 4133 1286 4188 liberius
1305 4137 1413 4188 terram
1433 4135 1570 4189 excolere
1583 4139 1695 4206 posset,

857 4220 975 4275 allatum
1001 4221 1102 4292 ignem
1127 4221 1242 4275 incaute
1258 4223 1435 4292 supposuit;
1466 4238 1592 4293 cumque
1615 4224 1696 4295 ignis

856 4309 996 4378 paulatim
1011 4311 1148 4380 stipulam
1163 4310 1318 4365 lambendo
1330 4311 1474 4365 flammam
1485 4312 1515 4364 in
1530 4311 1588 4366 alto
1603 4312 1697 4383 porri·

856 4401 950 4468 geret,
967 4398 1054 4452 flante
1069 4414 1139 4453 aura
1152 4399 1181 4454 in
1205 4399 1368 4469 proximam
1392 4400 1508 4470 silvam,
1526 4415 1592 4472 quae
1618 4401 1692 4456 sub-

854 4486 934 4557 jacet
951 4489 1140 4556 monasterie,
1157 4489 1270 4543 rustico
1280 4489 1434 4556 renitente,
1450 4489 1589 4544 dissiluit.
1602 4490 1696 4562 Igitur

855 4575 1063 4630 intinitamsibi
1078 4578 1153 4631 silva
1162 4578 1348 4633 ministrante
1364 4577 1526 4647 materiam,
1543 4578 1623 4650 ignis
1637 4579 1695 4633 huc

856 4664 926 4719 illuc
942 4682 996 4736 per
1011 4665 1101 4719 latera
1115 4667 1224 4720 montis
1241 4666 1426 4737 discurrens,
1443 4682 1529 4721 omne
1544 4671 1694 4724 monaste·

857 4754 933 4808 rium
949 4753 1086 4809 incendio
1101 4770 1135 4809 se
1151 4760 1417 4822 concrematurum,
1430 4754 1548 4826 populis
1565 4757 1695 4829 undique

858 4842 1062 4914 spectantibus
1077 4845 1253 4898 minabatur.
1270 4843 1342 4900 Cum
1363 4846 1460 4915 itaque
1473 4843 1582 4901 tratres
1610 4847 1694 4901 ttam-

857 4933 914 4986 mis
938 4933 1152 5003 crepitantibus
1176 4933 1279 4987 timore
1309 4932 1441 4987 exterriti
1462 4937 1550 5004 atque
1574 4934 1691 5001 turbati,

858 5021 955 5074 animo
970 5021 1209 5092 expergefactae
1224 5021 1342 5077 lectulis
1353 5022 1561 5077 surrexissent
1574 5023 1653 5090 (uam
1664 5022 1693 5076 in

89 5109 267 5179 nipotentem
285 5110 441 5164 Dominum
456 5114 631 5180 precaturus
647 5111 799 5166 surrexis-
857 5109 1019 5164 meridiano
1035 5113 1167 5181 tempore
1182 5110 1242 5164 illis
1253 5111 1476 5181 quiescentibus
1492 5109 1608 5163 resista
1620 5125 1693 5164 eon-

814 5159 841 5220 D

87 5200 227 5251 natlenta
250 5201 346 5251 mente
368 5203 451 5252 stans
465 5199 687 5254 misericordem
703 5199 798 5254 Domi·
857 5200 984 5271 tigerat),
1000 5198 1105 5252 videns
1121 5202 1178 5252 tum
1194 5200 1330 5267 immane,
1342 5202 1401 5253 tam
1416 5197 1603 5254 subitaneum
1612 5199 1693 5271 peri-

87 5292 246 5355 reearetur,
276 5287 375 5341 subito
409 5286 574 5358 respiciens
601 5288 797 5343 clarissimam
858 5288 967 5355 culum,
986 5287 1047 5341 ctci
1064 5287 1190 5358 qualiter
1210 5287 1352 5342 resistere
1369 5290 1493 5358 possent
1509 5289 1589 5343 nullo
1607 5287 1692 5343 modo

87 5428 245 5483 taminatur
260 5429 288 5481 in
309 5390 417 5483 Chron.
439 5429 538 5483 Casia.
559 5430 609 5483 lili.
625 5446 655 5497 ιι,
672 5445 725 5498 cap
749 5431 792 5494 55,
856 5431 931 5484 libro
948 5445 1004 5483 ms.
1018 5429 1054 5484 do
1072 5432 1125 5484 orl.
1135 5429 1219 5503 just,
1237 5447 1300 5501 cap.
1317 5428 1362 5486 36.

888 5502 945 5570 (40)
962 5502 1096 5557 liabetur
1108 5503 1216 5557 mentio
1228 5504 1314 5557 etiam
1328 5503 1358 5557 in
1367 5503 1456 5558 Petro
1468 5500 1612 5570 Damion,
1630 5516 1691 5555 ser·

850 5588 928 5627 mon.
945 5572 1044 5629 habito
1060 5575 1091 5628 in
1103 5575 1202 5648 vigilia
1215 5575 1308 5627 sancti
1328 5574 1487 5646 llrncdicti,
1499 5576 1527 5628 et
1548 5573 1576 5628 in
1593 5572 1692 5631 Leone

848 5646 910 5699 tlet.
921 5646 951 5698 in
965 5645 1076 5701 Chron.
1093 5645 1144 5702 lib.
1157 5664 1188 5717 n,
1203 5662 1265 5719 cup.
1283 5645 1328 5701 oe.

87 5503 129 5580 tr.
148 5499 227 5553 Diae.
244 5517 307 5570 cap.
325 5501 368 5568 id,
381 5501 508 5554 ecclesia
523 5503 553 5555 S.
566 5501 724 5568 Laurentii,
738 5516 796 5555 non

87 5587 110 5695 ιιι)
126 5641 181 5696 boc
205 5641 346 5697 miraculo
372 5642 433 5715 agit
454 5643 541 5697 etiam
559 5642 636 5699 Patr.
660 5641 792 5713 Diaron,
