3900 6112
107 358 151 421 ⁷7
812 346 941 413 LIBER
974 344 1141 412 PRIMUS
1283 370 1287 379 ·
1800 345 1840 413 78

104 550 144 606 66
159 551 347 607 renitendum
366 550 547 605 incombunt.
572 549 673 620 ltaque
689 546 792 603 hostes
807 562 874 602 cum
889 529 1163 617 im-Aproocsstt.
1191 546 1413 601 Rotnascenses
1442 549 1540 601 autem
1568 548 1692 605 consilio
1721 549 1839 607 saniore

106 640 339 710 possibilitatem
354 639 489 694 vincendi
511 638 570 693 ullo
590 638 677 692 medo
699 640 863 705 cernerent,
881 652 947 691 cum
1006 636 1149 704 preventi,
1167 635 1306 688 domnum
1321 632 1493 690 Fulbertum
1508 635 1676 706 pontificem
1696 642 1839 711 supplici-

105 728 223 798 pudore
237 730 265 783 et
281 727 382 783 dolore
399 729 434 781 ab
452 727 607 782 obsidione
619 727 784 796 desistunt,
801 727 855 780 sod
870 726 949 797 quod
1007 726 1053 777 ter
1067 723 1220 793 adierunt3
1244 739 1366 795 suaeque
1389 723 1599 793 deplorationis
1623 726 1731 782 seriem
1747 730 1840 785 incul-

104 818 134 870 in
151 817 300 872 suburbio
316 817 456 870 intactum
475 818 542 869 ante
554 815 747 886 reliquerant,
767 830 833 868 cum
849 813 951 867 lurore
1010 817 1122 880 cautae,
1138 811 1244 866 obnixe
1260 813 1463 882 implorarunt,
1487 816 1518 867 ut
1541 814 1610 885 quia
1633 814 1670 869 de
1684 818 1841 886 parrochia

104 910 265 976 perurunt.
287 906 317 960 si
334 902 956 976 611666616611161161161111661611666616,
1011 899 1078 969 ejus
1095 899 1254 954 translatus
1271 900 1376 970 lucrat,
1397 901 1437 954 ibi
1454 903 1541 955 etiam
1558 919 1573 955 6
1590 904 1727 960 116166116
1742 909 1842 961 611161-

111 995 302 1062 11666166661,
321 995 460 1048 66611666
473 992 665 1064 jugulabaut3
682 991 957 1062 666111616666161
1010 990 1072 1042 1661
1087 994 1221 1043 66661661
1238 991 1387 1043 martirem
1407 991 1549 1059 reportari
1566 1008 1633 1046 cum
1647 995 1727 1048 61661
1741 995 1842 1052 1611616

113 1085 177 1154 igni
194 1084 408 1152 superfuisset,
422 1081 581 1151 captivitati
592 1080 796 1135 reservabant.
809 1080 881 1133 Post
892 1080 957 1134 haec
1013 1078 1212 1131 contenderet.
1240 1077 1352 1131 Horum
1376 1079 1474 1149 itaque
1496 1094 1615 1134 causam
1631 1086 1844 1154 competentem

110 1173 211 1240 etiam,
233 1172 313 1241 quod
330 1171 452 1243 gravius
469 1174 514 1224 est
529 1173 557 1224 et
573 1170 670 1241 magis
685 1168 957 1240 lugendumdeco-
1013 1166 1172 1235 previdens
1194 1167 1364 1236 episcopus,
1391 1168 1556 1222 omnimodo
1581 1169 1736 1243 laboravit,
1757 1190 1845 1245 quoa·

109 1277 172 1315 ram
188 1265 219 1314 et
236 1260 437 1314 venerabilem
453 1258 606 1312 basilicam
626 1258 721 1312 sancti
736 1255 907 1328 Gangerici,
927 1256 959 1311 111
1014 1254 1128 1324 dusque
1144 1255 1221 1308 beati
1237 1255 1367 1308 martiris
1382 1256 1498 1326 glebam
1521 1258 1556 1311 ad
1579 1260 1732 1329 proprium
1747 1262 1845 1319 locum

109 1349 231 1403 seilicet
254 1348 395 1418 superbis
423 1346 548 1401 66166116
572 1347 703 1400 exterius
718 1345 900 1417 insignitam,
917 1345 956 1398 ita
1013 1343 1119 1397 referri
1137 1343 1242 1415 coegit.
1261 1342 1319 1397 Pro
1334 1345 1404 1397 tanti
1421 1361 1493 1417 6136
1508 1344 1645 1402 beneficii
1667 1365 1845 1422 reeompen-

111 1437 200 1491 etiam
216 1437 347 1490 interius
362 1435 462 1490 multis
482 1435 618 1505 pecuniis
639 1435 692 1488 rati
709 1433 860 1503 refertam,
877 1433 954 1488 16616
1013 1432 1126 1486 6611666
1140 1432 1263 1501 predicti
1279 1432 1388 1487 iratres
1403 1433 1511 1504 villum,
1529 1451 1596 1506 quae
1612 1437 1649 1491 ab
1664 1437 1770 1494 incolis
1785 1440 1844 1496 Ne·

111 1525 232 1596 agmine
249 1524 419 1578 nitebantur
435 1524 620 1593 irrumpere3
647 1523 700 1577 sed
717 1523 953 1577 obstinatissime
1010 1519 1135 1573 wehova
1151 1518 1225 1589 (165)
1240 1524 1435 1591 nuncupatur,
1458 1526 1569 1577 6666166
1589 1526 1676 1580 166111
1696 1528 1843 1585 aecclesiae

111 1614 314 1668 renitentibus
330 1613 481 1666 canonicis
498 1628 563 1667 cum
585 1612 768 1666 multitudine
784 1611 876 1682 vulgi,
894 1626 952 1665 non
1008 1608 1266 1663 Cameracensium
1281 1608 1407 1663 libenter
1423 1611 1618 1667 contulerunt.

111 1705 250 1772 poterant
267 1699 404 1756 effectum
421 1701 539 1754 11611616.
558 1682 994 1771 11666661661616666666-Β
1042 1698 1086 1751 77.
1103 1695 1160 1767 (76)
1178 1696 1657 1756 0116161111611111611616666116116
1670 1702 1778 1760 Mariae
1796 1723 1840 1764 re·

113 1791 181 1844 dum
194 1791 405 1855 minabuntur,
422 1790 503 1843 multi
515 1805 586 1843 vero
598 1793 718 1859 propter
727 1788 864 1858 plumbea
876 1791 950 1843 tecta
1007 1801 1130 1855 novans,
1148 1785 1291 1841 teloneum
1304 1785 1391 1856 liujus
1406 1787 1541 1842 civitatis
1551 1805 1614 1843 cum
1629 1798 1745 1847 moneta
1762 1796 1840 1865 epis-

113 1878 321 1933 difficultatem
344 1878 490 1947 videntes,
515 1877 614 1949 potius
637 1877 862 1949 relinquendum
877 1878 949 1932 esti·
1007 1890 1077 1946 copo
1089 1873 1221 1929 contulit.
1236 1875 1354 1928 Petente
1366 1875 1431 1945 ipso
1444 1876 1591 1947 pontifice,
1603 1879 1668 1934 Otto
1680 1881 1840 1952 imperator

112 1968 244 2022 mebant.
270 1966 421 2022 Cedebant
445 1983 516 2039 ergo
539 1968 627 2020 tantae
650 1965 825 2036 difficultati,
848 1965 950 2036 etjam
1007 1964 1208 2017 auctoritatem
1234 1963 1434 2030 immunitatis,
1460 1980 1546 2035 quam
1569 1971 1743 2025 antecessor
1764 1988 1838 2028 suus

112 2055 329 2122 abscedebant,
352 2071 419 2109 cum
443 2055 575 2110 furiosus
601 2054 719 2125 quidam
735 2070 772 2108 ex
787 2054 905 2108 61611616
921 2055 951 2107 16
1007 2050 1631 2120 116161666666166661611616616666611161
1649 2058 1721 2128 lixit,
1739 2061 1839 2116 161611-

112 2145 268 2216 clangurio
294 2144 403 2198 sedens
423 2143 452 2197 in
475 2143 570 2197 medio
594 2144 731 2215 sagittam
755 2146 948 2197 contorserat.
1008 2139 1134 2211 3666616
1149 2141 1235 2193 etium
1251 2141 1453 2207 confirmavit;
1470 2143 1555 2214 eique
1566 2145 1690 2215 insuper
1700 2163 1785 2203 omne
1798 2155 1838 2204 te-

112 2233 175 2299 Quo
189 2233 305 2287 acriter
318 2231 483 2301 exasperati
498 2230 639 2299 ampliore
655 2246 776 2285 numero
794 2246 845 2301 pro
861 2230 949 2285 ulcis·
1007 2228 1124 2283 1666616
1149 2245 1215 2283 6616
1238 2233 1354 2283 moneta
1377 2230 1473 2299 ipsius
1497 2232 1622 2286 civitatis
1649 2238 1836 2308 contradens,

114 2323 206 2376 cenda
234 2320 344 2391 injuria
370 2321 405 2373 ad
427 2320 797 2374 monasteriumrelluant:
815 2319 951 2390 factoque
1008 2318 1308 2385 postmodumomnes
1325 2318 1469 2372 fiscalium
1481 2319 1662 2375 sanctionum
1678 2325 1837 2382 mutilatio-

115 2412 163 2464 diu
178 2411 304 2480 impetu,
316 2409 434 2462 tandem
446 2409 653 2478 irrumpentes,
666 2408 774 2462 multos
786 2408 821 2461 66
831 2409 949 2478 populo,
1008 2421 1061 2459 nes
1079 2421 1132 2474 per
1152 2405 1315 2476 subjectam
1334 2405 1504 2477 hujusmodi
1519 2410 1686 2464 testamenti
1700 2414 1837 2483 paginam

115 2515 189 2570 quos
206 2499 289 2552 intus
305 2500 506 2568 reppererant,
524 2499 676 2565 sternunt3
693 2512 729 2550 ex
746 2496 863 2550 clericis
880 2512 952 2567 quo·
1008 2495 1224 2564 sequestravit:
1244 2518 1254 2541 a
1266 2495 1297 2548 ln
1309 2495 1425 2548 nomine
1438 2499 1547 2551 6666166
1560 2500 1587 2551 61
1600 2498 1758 2555 individuae
1770 2502 1838 2557 Tri-

115 2604 170 2658 que
187 2586 377 2654 hasiridum,
395 2585 578 2653 huselmum,
595 2585 792 2655 Grinbcrtum,
810 2585 951 2639 Teoderi-
1008 2583 1107 2636 nitatis
1120 2583 1184 2637 Otto
1201 2583 1299 2636 divina
1314 2583 1497 2654 propiciante
1515 2586 1669 2640 clementia
1685 2605 1747 2644 rex.
1765 2590 1838 2647 Cum

117 2693 191 2745 cum,
213 2674 390 2729 Gentionem
412 2675 588 2728 exanimant.
605 2674 776 2728 Novissime
793 2689 862 2728 vero
877 2675 952 2727 intra
1007 2671 1197 2741 petitionibus
1211 2687 1366 2729 servorum
1382 2672 1435 2726 Dei
1448 2672 1539 2744 justis
1554 2678 1581 2728 et
1596 2677 1836 2749 rationabilibus,

116 2763 266 2836 laquearia
281 2763 382 2834 iguem
398 2766 552 2832 ponenteS,
569 2762 736 2816 venerabile
752 2761 891 2832 templum
906 2765 951 2815 ta·
1007 2759 1099 2813 divini
1114 2760 1211 2814 cultus
1235 2775 1335 2815 amoro
1356 2759 1500 2830 16161666,
1527 2778 1656 2833 superna
1671 2767 1767 2836 316116
1782 2784 1838 2823 666

117 2868 179 2907 men
195 2853 341 2907 diuturno
353 2856 381 2905 et
393 2851 504 2925 diillpili
516 2852 634 2922 negotio
646 2850 865 2919 subverterunt,
879 2851 951 2904 adoo
1007 2848 1115 2902 muniri
1130 2864 1315 2918 nequaquam
1330 2848 1501 2904 diffidimus.
1518 2851 1646 2907 Proinde
1661 2857 1777 2910 noverit
1790 2857 1837 2910 in·
1941 2895 1942 2898 ¹

118 2958 196 3007 sanc,
213 2944 245 2994 ut
260 2940 409 2994 ambustis
426 2938 563 2993 sublimis
577 2941 736 2992 structurae
752 2939 897 3006 aedificiis,
915 2939 953 2992 la·
1008 2936 1121 2990 dustria
1136 2952 1191 2990 seu
1206 2937 1354 3007 sagacitas
1370 2937 1499 2991 omnium
1510 2938 1641 2994 fidelium
1655 2947 1836 3014 nostrorum,

118 3029 274 3084 mentabile
291 3028 382 3095 dictu,
400 3028 526 3082 eulmina
541 3043 606 3081 eum
623 3030 707 3081 vasta
722 3027 806 3081 ruina
818 3027 953 3081 devolve·
1007 3028 1066 3078 tam
1081 3024 1263 3095 presentium
1278 3040 1365 3093 quam
1380 3027 1407 3078 et
1422 3025 1596 3096 futurorum,
1609 3030 1677 3098 quin
1689 3030 1735 3084 vir
1748 3048 1838 3088 vene·

119 3122 227 3185 rentur,
245 3116 431 3187 plumbique,
449 3131 507 3187 quo
522 3131 636 3169 summa
651 3115 780 3184 desuper
793 3118 867 3170 tecta
885 3132 950 3169 coo·
1007 3112 1109 3167 rabilis
1130 3112 1297 3182 Fulbertus,
1318 3111 1541 3168 Cameracensis
1561 3116 1646 3170 urbis
1666 3118 1836 3193 episcopus,

119 3206 320 3275 pariebantur,
337 3203 487 3276 liquefacti
502 3205 586 3258 rivus
600 3204 657 3257 huo
674 3204 742 3257 illuc
761 3220 814 3273 per
828 3204 952 3258 declivia
967 3225 993 3288 c
1008 3202 1112 3256 obtulit
1124 3200 1275 3255 obtutibus
1289 3202 1401 3255 nostris
1412 3202 1608 3258 immunitates
1619 3205 1712 3261 beatae
1724 3223 1837 3264 memo-

119 3310 243 3366 quaeque
261 3294 439 3362 6661111666,
456 3292 560 3363 plateis
576 3293 881 3364 quidemnatantibus,
894 3293 953 3347 ios·
1006 3292 1059 3345 riae
1075 3289 1277 3344 antecessoris
1293 3289 1387 3343 nostri
1403 3290 1512 3361 Karoli,
1530 3292 1683 3362 inquibus
1704 3297 1837 3352 coutine-

120 3399 164 3437 sas
178 3383 322 3453 impleret
335 3382 366 3435 in
382 3381 516 3435 circuitu.
528 3381 666 3435 Posthaec
676 3382 867 3453 congregatis
883 3398 953 3450 cap·
1006 3380 1093 3433 batur
1107 3379 1261 3446 insertum,
1274 3377 1399 3449 qualiter
1413 3379 1565 3448 predictus
1581 3385 1756 3438 antecessor
1765 3401 1838 3439 nos-

119 3473 190 3539 11116,
209 3487 283 3526 6661
299 3470 414 3524 infinito
428 3469 518 3539 preda
534 3472 757 3524 abscesserunt.
1007 3472 1051 3523 ter
1065 3467 1192 3522 llarolus
1207 3483 1260 3521 rex
1275 3467 1452 3521 nominatam
1469 3468 1580 3537 sedem,
1598 3486 1664 3540 quae
1681 3473 1837 3529 66116116-

150 3560 191 3614 16.
208 3558 271 3629 (75)
291 3557 352 3613 Ubi
367 3565 500 3613 sanctam
512 3557 682 3612 Hermetem
689 3558 821 3628 pristino
831 3557 893 3613 loco
902 3573 954 3612 re·
1007 3571 1079 3611 6616
1095 3559 1205 3610 sanetae
1217 3556 1269 3609 Dei
1279 3555 1431 3627 genitricis
1443 3555 1543 3611 blariee
1555 3573 1731 3631 semperque
1743 3561 1839 3633 Virgi-

124 3650 246 3704 stituere
258 3647 384 3702 studuit.
398 3647 488 3701 Dahis
505 3661 622 3718 quoque
638 3648 716 3701 eirca
731 3647 817 3701 istam
832 3647 954 3718 provin·
1008 3643 1111 3714 nis,ob
1119 3660 1248 3698 amorem
1256 3644 1588 3715 Deiettranquillitatem
1598 3647 1722 3703 fratrum
1730 3649 1840 3705 ibidem

125 3738 190 3792 ciam
205 3753 269 3792 non
286 3736 386 3791 miuus
403 3735 580 3803 16166111166,
597 3739 625 3789 61
640 3737 671 3789 61
686 3736 777 3806 liquet
791 3736 873 3806 ipsas
890 3737 955 3789 his·
1009 3733 1254 3803 consistentium,
1271 3748 1389 3802 sempor
1408 3734 1464 3788 sub
1483 3734 1656 3804 plenissima
1670 3738 1792 3793 tuitione
1812 3743 1841 3794 61

125 3829 206 3880 terias
222 3825 410 3897 legentibus,
427 3828 545 3877 sanctas
557 3824 610 3878 Dei
621 3840 707 3878 casas
718 3824 953 3894 incendentibus,
1009 3822 1200 3876 immunitatis
1216 3821 1389 3877 6616661666
1401 3821 1555 3878 habuisset
1566 3821 1617 3880 12¹.
1634 3825 1690 3880 Pro
1704 3826 1840 3883 1111611616

125 3913 220 3970 beatus
237 3915 372 3968 Hermes
388 3912 490 3967 martir
503 3911 623 3982 Christi,
640 3928 727 3983 quem
742 3929 816 3982 papa
830 3913 956 3967 Alexan·
1010 3915 1107 3964 tamen
1117 3911 1159 3964 rei
1169 3910 1326 3980 postulavit
1334 3927 1389 3965 uos
1398 3910 1531 3980 prefatus
1543 3913 1703 3985 episeopus
1717 3913 1841 3971 Fulber-

125 4002 168 4056 der
183 4005 293 4059 Romae
309 4000 480 4071 baptizavit,
504 4001 540 4055 66
557 4002 692 4056 11666666
708 3999 782 4069 (163)
797 4002 866 4055 11116
883 4002 956 4054 1116-
1010 4003 1068 4066 166,
1093 4004 1123 4053 61
1149 3998 1284 4070 ejusdem
1305 4000 1387 4071 regis
1411 4001 1613 4056 auctoritatem
1637 4003 1667 4056 16
1692 4020 1791 4059 661616
1814 4008 1842 4060 61

125 4090 253 4159 11616666,
285 4090 324 4144 66
357 4091 539 4145 monasterie
573 4088 709 4143 videlicet
741 4089 819 4160 quod
851 4088 957 4143 beatus
1011 4088 1175 4142 1616166116
1191 4091 1302 4142 sanctae
1317 4087 1370 4142 Dei
1385 4089 1539 4159 genitricis
1555 4089 1656 4145 Mariae
1671 4094 1773 4146 nostra
1792 4109 1842 4147 au-

124 4180 273 4235 1666666
290 4179 467 4247 construxit,
491 4178 527 4232 ad
549 4179 760 4232 monasterium
781 4178 859 4232 villae
875 4176 957 4231 Euda
1012 4177 1144 4231 ctoritate
1159 4175 1411 4230 confirmaremus.
1424 4176 1507 4241 Quod
1522 4177 1561 4230 ita
1576 4193 1629 4246 per
1645 4164 1851 4234 interventum·

124 4267 200 4340 (161),
219 4284 292 4341 quae
305 4266 393 4338 juxta
408 4267 629 4338 Aquisgrauum
649 4266 704 4320 sita
725 4269 780 4336 est,
797 4266 892 4336 primo
906 4281 958 4319 as·
1012 4265 1110 4319 dilecti
1126 4264 1258 4334 episcopi
1282 4264 1377 4318 nostri
1398 4264 1531 4318 ltihharii
1555 4264 1629 4333 (166)
1648 4265 1776 4322 libenter
1789 4269 1843 4322 ad-

123 4362 273 4427 portatum
289 4355 397 4410 deindo
412 4370 485 4410 vere
500 4353 651 4409 Coloniam
670 4370 766 4426 usque
785 4355 956 4423 translatus,
1012 4353 1188 4423 quievimus,
1205 4355 1233 4405 et
1248 4352 1286 4406 ita
1300 4352 1506 4406 concessimus
1526 4355 1613 4424 atque
1633 4369 1686 4424 per
1701 4355 1758 4409 hec
1772 4371 1843 4426 pre-

123 4463 175 4500 666
187 4460 291 4517 pauco
308 4443 418 4498 ibidem
433 4446 564 4515 tempore
580 4443 757 4498 demoratur.
774 4443 858 4498 Unde
873 4444 959 4497 inter·
1013 4444 1129 4512 ceptum
1152 4444 1263 4495 nostrae
1285 4441 1467 4495 auctoritatis
1493 4441 1711 4498 roboravimus.
1740 4444 1844 4498 Preci-

123 4533 574 4604 cedentibusaliquotannorum
584 4532 750 4601 curriculis,
760 4532 958 4586 interutrum-
1013 4531 1126 4600 pientes
1143 4545 1214 4600 6136
1225 4528 1368 4599 jubemus
1385 4532 1414 4584 ut
1430 4530 1528 4584 nullus
1540 4529 1634 4601 judex
1644 4531 1781 4602 publicus
1796 4533 1845 4586 161

69 4616 71 4643 1
121 4640 175 4696 qne
191 4624 322 4685 clerum,
340 4621 369 4674 id
386 4625 443 4691 661,
463 4621 539 4675 16161
559 4622 780 4676 Rotnascenses
795 4626 883 4692 atque
898 4620 959 4674 En·
1013 4617 1154 4689 quislibet
1179 4633 1214 4671 ex
1232 4617 1391 4688 judiciaria
1413 4621 1556 4690 potestate
1572 4621 1602 4674 in
1617 4621 1771 4675 aecclesias
1796 4620 1845 4675 aut

124 4714 245 4781 denses,
264 4726 375 4782 magna
390 4714 491 4765 exorta
509 4712 557 4764 est
576 4709 758 4780 disceptatio.
776 4710 867 4764 Danis
883 4710 960 4763 enim
1014 4707 1079 4762 loca
1096 4706 1246 4777 16163166
1262 4723 1317 4762 sau
1333 4708 1461 4778 reliquas
1477 4710 1689 4778 possessiones
1704 4709 1845 4779 predictae

122 4803 247 4856 remotis
266 4800 420 4870 rebusque
436 4802 547 4853 sanctae
563 4799 616 4853 Dei
630 4798 776 4853 aecclesie
791 4799 820 4852 iu
834 4771 1001 4868 prospe-D
1016 4795 1177 4863 aecclesiae,
1203 4811 1277 4865 quas
1299 4796 1439 4850 moderno
1460 4800 1590 4866 tempore
1615 4798 1644 4851 in
1664 4796 1847 4867 quibuslibet

124 4892 204 4945 ritate
218 4888 383 4956 1661116116,
402 4888 623 4942 Romaseeuses
639 4903 727 4941 suum
741 4887 961 4941 moliunturre-
1015 4884 1101 4956 pagis
1120 4884 1167 4938 vel
1186 4885 1343 4939 territoriis
1363 4885 1439 4938 16116
1460 4884 1599 4939 ditionem
1620 4885 1735 4955 imperii
1751 4886 1847 4941 nostri

124 4980 201 5033 terre
216 4980 398 5050 patronum
415 4975 570 5031 Endenses
586 4991 658 5030 vero
673 4976 850 5030 unanimiter
866 4974 962 5029 reira-
1013 4973 1095 5045 juste
1106 4972 1277 5043 otlcgaliter
1288 4973 1588 5027 memoratateuetvel
1599 4974 1732 5043 possidet
1743 4975 1847 5029 aeecle-

126 5069 183 5137 gati
191 5069 327 5122 retinere
336 5065 524 5135 contendunt,
537 5067 635 5135 utpote
646 5064 782 5119 videlicet
792 5065 963 5134 preciosum
1017 5063 1072 5130 sia,
1084 5060 1131 5115 vel
1140 5076 1174 5114 ea
1184 5076 1251 5132 quae
1263 5062 1404 5131 deinceps
1418 5057 1483 5115 affl
1493 5061 1647 5116 catholicis
1662 5063 1736 5117 viris
1752 5063 1848 5118 eidem

126 5157 312 5212 thematum.
326 5154 497 5226 Haeeigitur
507 5153 657 5209 altercatio
667 5154 802 5209 16161666
812 5152 963 5224 liquandiu
1018 5151 1123 5204 collata
1143 5149 1253 5204 tuerint
1268 5149 1424 5218 6166166116,
1442 5149 1478 5202 66
1494 5165 1602 5205 666666
1613 5151 1786 5224 6116166666,
1800 5155 1849 5208 aut

788 5327 937 5398 VARIAE
959 5330 1192 5396 LECTIONES

163 5413 202 5463 ¹²¹
218 5414 403 5474 habuissent
417 5413 485 5488 1,11.
500 5403 541 5458 1¹2
554 5412 640 5470 deest
654 5411 679 5469 1.

928 5483 1056 5549 NOTAE

138 5666 240 5796 ω((13.8)
255 5667 384 5796 1166ιὲ1,
395 5664 552 5725 1116661166
568 5667 686 5743 Reuss,
702 5668 780 5725 iuter
793 5662 966 5723 Oudenarda
1022 5734 1045 5792 G
1046 5661 1131 5790 ((165)
1146 5658 1400 5734 Nieuwenhoren,
1411 5678 1501 5736 prope
1512 5636 1854 5720 GrammontetNinove

231 5755 358 5798 1611166.
539 5758 542 5764 ·
1065 5754 1082 5791 1
1105 5775 1112 5790 .

165 5811 239 5891 (161)
255 5811 394 5875 11166161
408 5809 690 5876 Cornelismuuster.
1057 5805 1133 5882 (166)
1147 5805 1335 5866 Laodicenis.
1351 5804 1440 5873 Goov.
