3900 6112
31 304 34 308 -
122 252 184 331 299

586 262 829 329 GODEFREDI
851 260 1138 330 STABULENSIS
1161 267 1362 332 MONACHI

1786 273 1843 338 300

123 466 317 541 ωἰηὶωεζῃοε
340 466 459 522 tenebat
476 465 640 535 admiratio,
666 466 754 538 qued,
772 482 838 520 cum
858 466 955 538 magis
972 450 989 508 i
1007 467 1842 544 Paucisquidemnonnassetientibus,parsmaximesina

47 626 50 632 μ
124 558 270 630 prodesse
280 554 526 623 videretnr,lacta
536 555 574 608 sit
584 555 671 608 nobis
683 556 753 609 tenti
769 556 825 608 viri
835 559 954 624 repente

61 709 66 717 ¹
123 648 262 715 sublatio,
270 645 329 699 nisi
337 644 415 715 qued
424 644 553 713 peccatis
564 643 811 713 promerentibus
824 660 890 713 quae
901 660 955 714 per

123 753 190 792 eum
200 734 432 804 reprimiposset
448 732 575 787 transire
585 732 749 787 habebatin
764 748 818 786 nos
835 732 953 786 haectri-

120 821 951 894 bulatio.Ergoutvivensstatueratnunquamdiscedere

121 930 137 966 a
152 912 182 966 S.
200 910 333 966 llemacli
348 910 520 980 patrocinio,
538 911 582 963 sio
608 914 740 963 mortuus
762 909 902 978 implerit,
921 912 952 963 ut

119 1000 311 1056 honorificam
320 999 442 1053 haberet
453 998 634 1068 sepulturam
645 997 749 1068 inejus
760 997 949 1052 monasterie.

153 1091 195 1145 De
211 1089 258 1143 his
272 1106 325 1158 pro
340 1104 372 1142 ra
388 1088 460 1141 satis
477 1087 649 1141 meminisse
675 1086 814 1154 srrsdciat,
831 1087 900 1140 dum
915 1087 951 1139 nd

118 1195 153 1235 ea
167 1195 233 1251 qaae
248 1178 387 1232 maeroris
401 1178 470 1230 sunt
485 1175 570 1246 plena
586 1176 794 1246 prosequenda
809 1191 948 1230 necessa·

118 1270 163 1324 rie
179 1266 294 1339 accingi
311 1281 368 1321 nen
383 1265 491 1337 pigeat.

426 1371 552 1427 CAPUT
568 1370 642 1425 Vlll.

117 1460 327 1535 Archipn'esul
339 1461 377 1516 ad
392 1459 640 1514 iltalrnundarium
662 1460 723 1513 sihi
743 1459 949 1514 vindicandum

156 1541 185 1589 ct
209 1534 346 1588 abbatem
377 1531 545 1603 eligendum
572 1530 756 1585 Cuonrudurn
786 1531 903 1602 diripit,
920 1536 949 1584 ct

154 1605 248 1660 abbas
259 1602 460 1660 Theodericus
469 1601 627 1657 monachos
637 1601 674 1656 de
686 1601 883 1673 promissione
890 1600 950 1655 sihi

153 1677 232 1733 tactu
249 1675 387 1748 requirit.

150 1760 950 1831 Archipraesulcomperiensoccubuisse‚quasieaeden·

119 1857 166 1923 de,
176 1853 234 1907 sihi
242 1868 331 1905 unum
340 1848 553 1911 adversarium,
563 1849 744 1920 statimqned
756 1850 858 1902 timere
870 1849 949 1903 illius

118 1942 327 2006 intermiserat,
345 1937 459 2006 repetit,
476 1935 556 1989 adid
572 1936 650 2006 qued
667 1942 795 2007 coeperat
809 1953 950 2008 peragen-

119 2034 198 2086 dum.
214 2028 359 2082 (tentione
375 2024 562 2079 (luenradum
586 2025 731 2093 comitem,
749 2026 836 2097 cujus
860 2044 949 2100 supra

119 2121 246 2175 lecimus
262 2116 449 2183 montionem,
466 2114 516 2167 illo
532 2114 714 2185 dirigitsatis
726 2116 761 2168 ad
777 2116 805 2168 id
821 2117 951 2173 volunta·

118 2211 205 2274 rium,
222 2211 252 2261 ut
268 2205 325 2260 sibi
348 2204 425 2274 quod
450 2202 570 2255 alterius
589 2201 668 2273 juris
692 2207 753 2257 erat
775 2206 949 2276 vindicaret,

119 2297 318 2364 solidaretque
330 2290 585 2345 Malmundarium.
596 2290 743 2345 Praeterea
753 2306 790 2344 ex
806 2293 880 2362 ipsis
891 2314 951 2351 mo·

119 2379 951 2451 nachisennesprieresacqirescnnquevalentesindicte

119 2474 166 2527 die
181 2474 216 2526 ad
233 2488 266 2526 se
282 2469 405 2524 conduci
419 2466 515 2537 jubet,
532 2471 561 2521 ut
578 2467 604 2521 si
620 2467 693 2521 torte
711 2468 787 2523 inter
809 2487 860 2526 cos
886 2473 950 2528 ide·

119 2577 194 2617 nens
210 2559 400 2628 reperiretur,
426 2555 560 2609 abbatem
581 2556 625 2610 eis
648 2559 822 2625 praeficeret.
846 2561 883 2615 ht
902 2563 951 2618 ille

120 2665 178 2703 nen
195 2647 340 2719 ignaviter
355 2646 489 2698 tacturus
514 2643 591 2713 qnod
610 2643 717 2714 jussus
740 2650 802 2702 erat
826 2665 951 2719 propere

120 2735 303 2808 aggreditur,
328 2732 405 2802 quod
421 2731 517 2800 patrui
543 2732 590 2785 sui
612 2736 777 2788 reverentia
799 2738 950 2807 emiserat,

120 2827 221 2895 utpote
237 2823 286 2893 qui
301 2821 399 2875 abbati
414 2824 516 2874 nostre
528 2819 684 2890 plurimum
695 2822 803 2877 obesse
817 2826 950 2882 ardebat.

154 2914 263 2966 Parum
279 2910 359 2982 quid,
377 2909 456 2979 quod
467 2924 558 2977 supra
573 2910 829 2981 praetermisimus,
846 2914 893 2968 his
904 2915 951 2969 iu-

120 3001 247 3056 serenda
263 3001 396 3069 repetere
413 3013 470 3051 non
487 2997 685 3068 incongruum
700 2999 848 3056 duximus.
858 3003 953 3057 llemi·

119 3106 177 3145 aus
193 3091 285 3145 abbas
300 3091 368 3158 pest
383 3102 457 3155 eam,
476 3070 542 3157 quar
558 3085 615 3140 sibi
632 3087 708 3141 tecta
732 3091 787 3158 est,
812 3091 950 3161 injuriam

120 3177 388 3249 abarchipraesule,
407 3175 452 3229 dit

120 3273 220 3325 centra
235 3267 392 3338 potentiam
407 3264 487 3317 illius
499 3266 527 3317 el
541 3263 693 3334 ingenium
708 3267 854 3321 valentius
871 3271 949 3324 enini

119 3358 246 3413 humano
262 3352 876 3421 conamine,admenuitllalmnndarienscs
892 3374 952 3413 mo·

119 3446 232 3500 nachos
247 3444 283 3497 de
299 3444 356 3496 sibi
373 3439 518 3496 servanda
535 3439 682 3509 fidelitate,
698 3444 824 3513 itemque
841 3462 949 3500 secun-

119 3534 188 3587 dum
204 3533 337 3602 regulam
352 3530 382 3583 S.
399 3527 551 3582 Benedicti
567 3528 602 3581 de
614 3528 778 3583 obedientia
796 3535 823 3585 et
838 3535 951 3602 proies·

119 3618 334 3684 sieneQuihus
345 3618 479 3670 simulata
494 3616 616 3685 perfidia
632 3618 847 3685 spondentibus
864 3624 951 3678 soilli

120 3709 216 3766 emnia
234 3722 365 3773 servare,
382 3705 539 3770 interdixit,
549 3704 605 3758 snb
617 3703 725 3760 Christi
742 3708 949 3782 obtestatione,

119 3814 156 3854 ne
172 3800 280 3867 praeter
295 3812 327 3850 sc
342 3793 529 3862 susciperent
545 3793 633 3847 alium
648 3796 817 3865 quemlibet,
830 3815 884 3853 nec
901 3817 950 3869 pa-

120 3888 252 3940 terentur
267 3884 379 3938 admitti
395 3882 531 3951 alienum,
548 3881 615 3935 daim
633 3883 697 3952 ipse
712 3884 949 3953 adviveretQuaa

73 3968 77 3976 ’
119 3971 950 4045 qualiterservarerintluceclariuspostpatuit.Cr·etlehat

118 4079 222 4132 nempe
239 4079 272 4117 se
288 4063 345 4116 illis
362 4060 487 4131 quiedam
503 4061 699 4130 simplicitate,
716 4065 852 4133 tanquam
864 4067 949 4121 fidis-

117 4154 213 4220 simis,
231 4168 285 4206 nec
301 4150 457 4221 quisquam
470 4152 527 4202 tam
541 4148 695 4203 manifesta
708 4151 819 4206 reterre
835 4159 949 4223 peterat

115 4242 151 4294 dc
168 4241 236 4306 illis,
253 4240 322 4311 quin
339 4252 458 4308 semper
471 4237 551 4292 velut
566 4237 711 4293 immunes
723 4256 774 4295 ees
787 4244 948 4299 aestimaret

117 4328 208 4400 hujus
224 4329 375 4383 facinoris.

470 4434 596 4489 CAPUT
611 4435 661 4490 tx.

114 4523 321 4579 Sacramentis
331 4523 622 4578 ,ltahnundarienses
633 4526 768 4596 episeopo
776 4524 982 4588 eundumne-D

1009 556 1194 611 cunctatione
1203 557 1377 627 profitentur
1385 575 1418 614 se
1429 561 1468 614 ita
1478 560 1610 617 tacturos
1618 561 1766 618 velocius.
1773 563 1842 629 Quae

1008 660 1058 698 res
1073 645 1160 699 nobis
1176 647 1308 702 luctuose
1325 651 1485 718 comperta,
1503 648 1584 705 velut
1598 666 1659 707 nex
1684 651 1783 707 lue-em
1797 653 1841 709 in-

1007 734 1184 806 gruentibus
1196 734 1338 805 tenebris,
1347 737 1391 791 sic
1407 753 1462 792 nos
1474 740 1589 808 operuit
1603 741 1756 794 moestitia.
1773 740 1842 806 Qut-

1008 822 1073 875 dam
1090 827 1185 878 tamen
1202 839 1238 877 cx
1261 826 1373 879 nestris
1398 841 1464 880 cum
1485 826 1591 882 haculo
1613 829 1729 897 patroni
1751 832 1841 885 neshi

1007 910 1076 966 illuc
1092 912 1209 981 adeunt,
1227 913 1466 986 revindicatoque
1486 915 1551 971 loco
1566 931 1604 971 ex
1628 918 1839 989 nemiueejus,

1007 1000 1085 1070 qnod
1108 1001 1222 1055 irritum
1247 1001 1310 1071 tuit,
1328 1002 1364 1056 ab
1388 1004 1447 1057 illis
1469 1004 1559 1059 invisi
1583 1005 1719 1061 redeunt.
1736 1005 1841 1063 Comes

1006 1088 1167 1158 praedictus
1178 1090 1252 1143 satis
1268 1090 1388 1163 indigne
1403 1093 1469 1147 tulit
1483 1094 1512 1148 id
1527 1093 1636 1149 tactum
1646 1095 1683 1149 iri
1691 1110 1786 1165 super
1795 1111 1837 1163 se,

1005 1175 1191 1247 efferatisque
1207 1179 1312 1233 animis
1329 1179 1465 1251 cupiebat
1480 1182 1536 1237 hec
1551 1183 1656 1237 ulcisci
1671 1191 1734 1238 tam
1746 1199 1838 1255 seper

1005 1266 1178 1333 monaches,
1195 1282 1282 1338 quam
1298 1283 1389 1338 super
1411 1269 1504 1325 laicos
1528 1269 1684 1327 Ecclesiae.
1711 1272 1799 1328 [lade
1812 1277 1841 1329 et

1004 1355 1841 1433 maximapersacutioincubuitnostris,utnecquequem

1005 1444 1147 1497 auderent
1161 1444 1256 1514 palam
1272 1446 1423 1518 progredi,
1440 1446 1557 1502 diffusis
1581 1448 1692 1520 ubique
1707 1449 1841 1506 locorum

1005 1531 1181 1586 militaribus
1197 1532 1325 1588 insidiis.
1344 1536 1456 1590 Placuit
1471 1552 1544 1608 erge
1556 1539 1704 1592 communi
1714 1540 1841 1595 consilio

1004 1620 1128 1675 teatrum
1150 1622 1317 1678 venerabile
1342 1639 1451 1693 corpus
1477 1625 1576 1679 domni
1593 1629 1690 1682 nostri
1704 1628 1839 1684 Remacli

1005 1711 1112 1781 exponi
1128 1711 1157 1763 in
1173 1710 1311 1778 medium,
1321 1712 1424 1782 sicque
1435 1729 1502 1768 cam
1513 1729 1558 1782 ee,
1566 1716 1613 1770 cui
1624 1715 1715 1771 tiebat
1725 1716 1845 1788 injusti·

966 1819 987 1874 g
1004 1799 1053 1866 tia,
1071 1800 1251 1868 propensius
1262 1816 1331 1854 esse
1344 1802 1581 1872 supplicandum,
1592 1805 1648 1858 hoc
1659 1805 1760 1871 mede,
1768 1822 1839 1877 qua·

1004 1888 1844 1961 laeuaquedolerexigebatremedium.lustaenimcausa

1004 1977 1843 2052 detendieratsaisomnibuspropriumvidelicetbenum,

1004 2071 1127 2121 eatenus
1143 2068 1323 2136 inviolatum,
1340 2073 1471 2138 creptum
1487 2070 1522 2123 iri
1538 2070 1574 2124 ab
1592 2069 1718 2141 injustis
1733 2076 1845 2127 morta·

1004 2156 1094 2210 libus.
1113 2157 1153 2210 Ee
1170 2172 1207 2210 ex
1223 2162 1355 2228 tempore
1371 2174 1428 2212 nen
1444 2158 1711 2214 detuitnobisdies
1727 2156 1846 2215 noctes·

1005 2261 1061 2314 que
1077 2245 1211 2299 luctuosa
1223 2246 1402 2300 decantatio:
1417 2247 1535 2316 Aspice,
1544 2247 1676 2316 Domine,
1685 2249 1755 2318 quia
1766 2249 1844 2304 iacta

1006 2339 1050 2389 est
1067 2335 1211 2390 Ecclesiae
1225 2334 1518 2404 tuaedaseleti030am
1528 2336 1689 2406 quaesedel
1700 2336 1733 2390 in
1748 2338 1844 2391 tristi-

1006 2425 1121 2494 tie,non
1137 2425 1241 2496 estqui
1256 2425 1437 2494 consoletur,
1446 2425 1503 2477 nisi
1515 2424 1555 2478 tui
1569 2425 1664 2479 solius
1675 2426 1841 2482 miseratio.

1328 2530 1454 2585 cn1>UT
1474 2530 1510 2584 X.

1009 2639 1123 2709 tegeno
1134 2636 1451 2692 abtrasdtalrnnndario
1463 2635 1628 2708 praecitur
1639 2653 1647 2708 3
1657 2636 1755 2693 abbas
1769 2652 1842 2693 vero

1042 2715 1145 2763 noster
1159 2709 1196 2762 ad
1206 2708 1405 2762 marchionem
1414 2708 1629 2779 Lorrpohardice
1643 2708 1842 2764 Gedetridum

1040 2796 1074 2834 se
1080 2796 1135 2851 pre
1150 2778 1261 2833 auaritia
1275 2778 1406 2834 confert:

1022 2923 1025 2932 .
1041 2885 1588 2956 llialmundaiiensesigiturtametsiex
1599 2886 1719 2942 nemine
1728 2886 1840 2941 domini

1005 2974 1841 3047 abbatispregressuseiscontradiceretur.tamen,utires

1005 3061 1838 3136 eratpreveto,hggrippinamColoniampreficiseunlur.

452 3175 546 3228 fidens
556 3175 620 3228 gups
636 3175 850 3232 ,quusobnig
860 3197 951 3250 posse
966 3172 991 3230 0
1005 3155 1139 3227 Inquisiti
1154 3153 1190 3206 ab
1201 3151 1425 3220 archiepiscopo
1437 3148 1472 3203 de
1484 3165 1537 3203 sua
1553 3149 1840 3204 voluntateetabba-

1005 3247 1042 3300 tis
1058 3244 1239 3299 ordinatione
1256 3239 1394 3307 consulti,
1411 3237 1542 3292 raserunt
1557 3253 1591 3291 se
1606 3239 1703 3308 magis
1718 3239 1840 3295 aliunde

1005 3349 1091 3404 quam
1107 3331 1216 3384 exsuis
1232 3328 1261 3381 id
1272 3323 1586 3388 velle.Quibusadsua
1602 3326 1754 3398 remissis,
1762 3341 1837 3383 evo-

1005 3424 1087 3476 eatur
1102 3418 1194 3473 abbas
1210 3417 1329 3486 Tegeae
1347 3429 1383 3467 ex
1397 3413 1532 3468 coenobio
1548 3414 1737 3485 ilreulwilre,
1750 3431 1840 3486 quem

1004 3509 1133 3581 propriis
1142 3506 1286 3577 privatum
1296 3519 1354 3557 nen
1365 3504 1431 3556 siue
1441 3502 1586 3556 industria
1597 3503 1840 3575 laoitepiscepus

1004 3600 1097 3652 aliena
1108 3596 1271 3663 suscipere.
1282 3593 1356 3646 Nam
1373 3607 1439 3645 eum
1454 3590 1590 3645 abbatem
1598 3607 1668 3647 vere
1679 3593 1840 3648 exordinat

1003 3682 1325 3749 hlalmunderiensium,
1342 3695 1429 3751 quem
1442 3679 1523 3734 velut
1540 3680 1635 3734 turem
1649 3681 1771 3738 aliunde
1787 3698 1839 3737 ce·

1003 3777 1046 3849 git
1060 3776 1180 3841 intrare,
1197 3771 1251 3825 scd
1266 3785 1324 3824 nen
1348 3784 1402 3837 pcr
1425 3768 1543 3822 ostiam.
1571 3767 1650 3840 Ergo
1674 3769 1786 3826 fiducia
1810 3774 1839 3826 et

1004 3865 1149 3920 conductu
1165 3858 1279 3914 comitis
1294 3857 1441 3913 Cuenradi
1457 3857 1625 3912 venientem
1637 3874 1727 3912 suum
1743 3860 1837 3914 abba-

1003 3946 1678 4020 temsuscipiuntblalmundariensesmonachi,
1688 3950 1776 4002 necte
1792 3949 1837 4002 vi·

1003 4044 1109 4098 delicet
1124 4040 1250 4111 quaerat
1262 4034 1770 4107 celebritasMichaelisarchangeli.
1783 4036 1837 4092 Cui

1002 4131 1277 4196 intranti,tanquam
1293 4125 1328 4177 ad
1345 4122 1836 4193 subripiendum,pernoclistene·

1002 4221 1082 4287 bras,
1091 4218 1132 4271 illi
1143 4213 1298 4269 voluntarii
1307 4212 1343 4264 ad
1355 4211 1578 4280 suscipiendum
1593 4211 1735 4266 adhibent
1752 4212 1835 4268 taces

1001 4313 1029 4364 et
1043 4305 1204 4375 lampadas.
1221 4302 1283 4356 Nec
1298 4299 1442 4370 injustum
1464 4299 1520 4353 hec
1543 4299 1661 4370 quidem
1687 4301 1789 4369 tuerit,
1804 4304 1836 4356 ut

1000 4397 1050 4467 qui
1065 4397 1150 4448 nocte
1166 4393 1290 4445 latenter
1304 4388 1466 4454 intraverit,
1483 4388 1562 4442 velut
1577 4388 1634 4455 sur,
1645 4388 1770 4459 fugatus
1786 4406 1834 4445 ra·

998 4486 1067 4555 pina
1084 4481 1221 4536 caruerit.
1240 4478 1382 4532 Dominus
1397 4477 1491 4531 abbas
1506 4478 1576 4530 tunc
1597 4479 1742 4546 temperis
1758 4480 1835 4533 inter

999 4591 1054 4629 nes
1069 4588 1127 4627 nen
1141 4571 1251 4636 aderat,
1265 4567 1331 4637 quia
1349 4565 1629 4635 pestebitumdncis
1645 4581 1678 4619 re
1695 4568 1833 4621 consilio·

151 4601 207 4657 tur,
223 4595 393 4666 persecutio
408 4595 514 4666 grauis
524 4609 615 4663 super·
630 4602 750 4649 nestros
764 4598 945 4668 aqit111·,cer-
1139 4661 1144 4670 .
1292 4655 1296 4664 ,
1734 4656 1739 4666 ,

998 4680 1055 4734 qne
1070 4662 1239 4720 destitutus
1249 4656 1319 4726 quid
1334 4659 1446 4726 ageret,
1464 4669 1522 4723 que
1538 4669 1571 4707 se
1586 4657 1716 4709 verteret
1732 4671 1762 4710 ru
1777 4656 1832 4711 du-

147 4682 204 4735 pus
218 4668 316 4720 sancti
332 4667 429 4719 nostri
444 4666 474 4718 in
485 4665 583 4718 mortio
594 4672 760 4735 exponitur.

149 4753 229 4826 Ergo
241 4755 291 4809 uhi
306 4754 482 4808 tlrronradus
498 4752 534 4806 de
548 4752 674 4807 adventu
685 4769 739 4808 sue
755 4754 814 4808 illis
825 4756 945 4824 opinan-
997 4753 1078 4807 bium
1094 4745 1337 4815 venerat.Neque
1348 4744 1426 4797 enirn
1438 4742 1517 4796 illins
1528 4742 1740 4798 simileminter
1755 4760 1832 4800 mer·

111 4842 193 4897 tibus
209 4844 326 4897 mundat
340 4846 367 4898 et
383 4846 556 4913 apparatum
572 4841 629 4895 sihi
644 4843 764 4897 aliunde
777 4844 841 4899 lieri
858 4845 946 4916 impe·
997 4841 1073 4896 tales
1087 4835 1221 4892 invenire
1237 4832 1374 4887 habebat.

112 4934 165 4993 rat,
183 4932 302 4986 videres
318 4947 370 4986 eos
387 4932 472 4985 laetos
492 4930 644 4998 festinare,
661 4931 841 5000 discurrere,
863 4934 945 4988 illurn
1035 4930 1145 4983 Verum
1160 4923 1227 4994 qnia
1248 4920 1449 4989 Gedetridum,
1471 4921 1523 4989 qui
1539 4924 1607 4975 tunc
1622 4921 1755 4977 marchio
1771 4924 1833 4977 erat

110 5016 192 5070 velut
213 5020 349 5089 angelum
377 5020 429 5074 liei
453 5020 619 5074 venientem
642 5019 807 5089 suscipere,
825 5021 944 5092 seipsos
1000 5007 1565 5088 Langobardiae,nonignorabatvalere
1580 5025 1641 5078 prae
1656 5011 1833 5081 caeterispo·

112 5109 318 5178 sumptusque,
337 5109 465 5179 itemque
480 5108 536 5162 alia
547 5123 613 5179 quae
626 5109 691 5161 usui
702 5109 799 5163 terent
808 5110 942 5166 oltlciosc
998 5106 1087 5162 tentia
1102 5106 1130 5157 ct
1139 5101 1291 5172 dignitate,
1300 5100 1426 5168 itemque
1438 5098 1513 5167 apud
1521 5113 1623 5169 regem
1636 5101 1664 5151 et
1674 5099 1832 5168 optimates

111 5191 291 5263 impendere,
323 5212 359 5249 ee
382 5212 471 5267 qnam
493 5195 635 5251 eliensem
657 5213 754 5251 novus
779 5198 940 5254 advocatus
997 5210 1088 5266 posse
1105 5191 1262 5261 plurimum
1278 5187 1403 5241 consilio
1419 5189 1448 5239 et
1473 5185 1680 5255 familiaritate,
1696 5188 1733 5240 ad
1747 5187 1832 5242 illum

111 5278 263 5335 videretur
275 5281 438 5338 incurrere.
997 5280 1190 5352 recuperandi
1205 5277 1299 5350 gratia
1316 5292 1350 5330 se
1366 5278 1457 5329 tetum
1473 5275 1596 5329 contulit
1619 5275 1716 5344 pretio
1731 5277 1833 5345 preci·

145 5369 308 5440 Postquam
323 5385 360 5424 ex
374 5372 492 5426 nemine
507 5373 732 5444 archipresulis
744 5374 942 5446 obligaritsn·
995 5376 1122 5442 busque.
1132 5368 1160 5421 Is
1175 5366 1313 5421 nimirum
1324 5368 1391 5418 lunc
1401 5362 1590 5417 affectabaliss
1605 5363 1835 5435 ducamesspt'ae·

111 5458 269 5512 oramentis
285 5458 422 5514 homines
437 5458 592 5531 Ecclesiae,
606 5461 757 5517 admonuit
766 5462 833 5516 illos
849 5463 884 5518 dc
893 5464 941 5520 his
995 5458 1166 5517 decessoris
1182 5456 1229 5511 sui
1244 5451 1833 5523 succedere,cuideminusabbasStabu·

110 5559 177 5615 quae
192 5546 222 5601 in
237 5547 382 5601 mandatis
398 5547 534 5619 hahebat,
550 5551 577 5604 si
599 5551 734 5606 abdicate
758 5549 942 5610 Theoderico
993 5552 1108 5608 lensem
1117 5545 1339 5601 advocationem
1349 5556 1484 5597 annuens
1499 5540 1626 5595 malebat
1638 5540 1727 5595 etiam
1738 5541 1833 5599 simul

110 5633 225 5709 abbate,
242 5635 280 5708 ci,
292 5636 340 5692 eui
349 5635 446 5693 donati
458 5639 667 5708 erant,vellent
677 5639 850 5698 obedientes
861 5656 941 5700 esse.
994 5641 1031 5696 ab
1046 5653 1118 5711 rege
1128 5631 1451 5706 appetere.Eaimvero
1463 5629 1554 5704 (qued
1564 5628 1722 5706 selvaajus
1733 5631 1833 5709 gretie
