3900 6112
120 295 178 364 boi
774 283 1005 351 opuscula
1031 279 1192 357 setium

974 466 1003 555 Α,
1016 479 1109 547 Quem
1121 479 1281 536 extinctum
1291 474 1405 530 viderat
1420 490 1515 545 nuper
1528 474 1558 528 in
1574 471 1724 528 moerore?

1053 569 1097 624 Ex
1108 568 1164 622 hoc
1175 567 1267 638 Virgo
1282 565 1393 637 poteris
1410 578 1516 618 secure
1532 562 1662 635 gaudere

1017 658 1082 713 Tibi
1099 657 1200 727 nequit
1214 654 1319 710 amodo
1334 653 1419 708 dolor
1432 651 1608 724 praevalere,

1018 747 1076 805 Sed
1092 762 1147 802 nec
1162 747 1237 801 ultra
1253 743 1369 813 corpori
1384 742 1462 797 valet
1477 754 1558 795 mors
1574 752 1691 794 nocere.

127 493 231 553 llisror
245 496 275 551 in
290 493 423 551 laetitiam
438 491 511 546 mire
523 490 729 546 commutatur.

133 583 196 641 llum
212 601 295 641 mors
311 580 492 638 invincibilis
507 580 583 634 victa
598 576 776 644 coarctatur,

131 671 163 728 Et
174 676 288 731 devicto
301 672 371 726 vitio
387 671 482 724 virtus
495 669 691 724 restauratur.

165 762 216 818 Sed
229 765 256 818 si
273 763 340 817 viso
357 758 496 829 discipuli
513 756 642 829 gaudent
655 752 818 819 Salvatore,

136 849 188 916 ilua
197 854 284 922 putas
299 848 400 904 laetitia
412 845 520 919 gaudet
534 842 679 914 ampliore
1019 839 1070 894 Pia
1082 836 1170 893 nobis
1185 834 1276 910 igitur
1289 832 1382 887 Mater
1392 832 1547 886 miserere.

134 940 195 996 Viso
211 954 267 995 suo
281 936 417 994 Genitrix
432 933 566 990 redivivo
581 932 665 1002 dore,
1429 921 1531 975 tlmen.

426 1113 1839 1153 .............-----------—---—-·-··--

957 1261 1020 1354 V.

725 1455 1092 1544 liliblTA'lloillis
1112 1450 1246 1533 ibiAE

198 1667 253 1731 os
268 1661 588 1729 casaubonum
605 1655 761 1723 nosrm
776 1647 1071 1731 iasucuiusri,
1088 1647 1140 1710 ar
1156 1644 1333 1709 unxina
1354 1642 1410 1704 aa
1433 1638 1639 1703 inserena
1653 1637 1790 1702 usius

889 1787 1132 1808 Μ

324 1931 508 1988 Introductio
523 1930 561 1988 ad
573 1929 785 1987 meditationes

162 2021 243 2078 Jesu
258 2021 370 2078 Christi
383 2021 473 2076 celeri
484 2020 689 2090 miseratione,

124 2104 172 2162 Et
191 2111 294 2166 biariae
309 2109 438 2182 virginis
451 2108 670 2165 iniercessicne

119 2191 232 2266 Spero
244 2198 325 2271 quod
341 2198 406 2253 haee
421 2197 567 2252 meditans
579 2213 616 2252 ex
627 2195 798 2265 intentione,

122 2278 293 2358 hacrymis
305 2286 431 2356 plorabit
445 2301 479 2340 ee
495 2301 532 2340 cx
548 2284 767 2354 compassione.

983 1908 1181 2003 Biracunde,
1198 1931 1313 2002 cupide,
1324 1929 1485 1998 fornicans,
1503 1927 1618 2002 gulose,

1027 2020 1162 2088 Mendax,
1172 2022 1267 2093 piger,
1283 2019 1450 2092 negligens,
1467 2018 1625 2085 detractor,
1641 2015 1755 2084 dolose,

1027 2109 1130 2166 Omnis
1146 2109 1214 2164 mali
1229 2125 1337 2164 servus
1353 2124 1397 2177 es,
1413 2108 1502 2162 nimis
1517 2103 1634 2174 vitiose,

977 2236 984 2247 ·
1066 2199 1233 2271 Resipisce,
1249 2199 1390 2269 pessime,
1407 2197 1477 2251 dum
1487 2197 1515 2251 te
1529 2196 1615 2249 vocat
1625 2192 1715 2263 Deus,

1029 2287 1074 2342 Ne
1086 2287 1134 2342 die
1145 2287 1253 2358 iudicii
1267 2285 1400 2357 puniaris
1415 2300 1497 2339 reus.

169 2374 460 2445 EnverbaApostoli
471 2373 609 2429 omnibus
620 2376 814 2443 promuntur:
1031 2377 1098 2432 Non
1113 2377 1246 2448 ingratus
1259 2389 1389 2443 maneas,
1406 2378 1437 2428 ut
1448 2372 1542 2428 salsus
1552 2370 1675 2427 iudaeus
1692 2385 1700 2440 3

126 2457 978 2538 Congregantes[i.,couregnantes]suntquicompatiun-
1031 2464 1089 2522 Sed
1100 2466 1192 2520 clama
1203 2463 1369 2534 saepissime
1387 2477 1393 2518 :
1409 2462 1512 2527 Parce,
1526 2460 1606 2516 Deus
1616 2474 1711 2514 meus.

127 2549 196 2625 ‘¹¹¹3
957 2546 961 2555 ’
1070 2554 1231 2617 Erubesce,
1249 2553 1344 2608 anima
1355 2551 1454 2622 impia,
1471 2551 1599 2622 ingrata,

131 2635 195 2701 Qui
213 2645 331 2698 celiani
345 2639 486 2713 legitime,
498 2639 528 2693 hi
544 2637 776 2705 coronabuntur,
1034 2642 1100 2698 Heu
1113 2640 1119 2696 i
1131 2657 1187 2697 cur
1201 2658 1262 2707 non
1272 2641 1446 2698 consideras
1459 2637 1465 2695 l
1479 2654 1532 2694 cur
1544 2653 1577 2693 es
1593 2635 1759 2693 obdurata?

135 2721 174 2782 Et
189 2732 243 2803 qui
262 2747 296 2787 se
313 2729 475 2801 dijudicant
485 2744 545 2784 uon
558 2726 784 2800 judicabuntur.
1035 2731 1147 2787 Flendo
1161 2732 1198 2785 dn
1213 2730 1353 2801 suspiria,
1371 2743 1516 2802 gemeque
1532 2728 1692 2798 prostrata,

173 2818 259 2892 Ergo
274 2818 387 2873 Christi
402 2817 524 2873 vulnera
540 2816 626 2871 docet
639 2831 695 2871 nos
711 2830 848 2886 pensare,
1035 2820 1075 2878 Ut
1090 2819 1360 2890 iuaCunctipotens
1375 2818 1471 2874 doleat
1480 2819 1614 2889 peccata,

136 2898 339 2965 Condolendo
350 2907 450 2962 intime
465 2906 606 2976 plorando
621 2919 732 2974 amare,
1072 2909 1138 2964 Heu
1151 2925 1197 2964 ure
1211 2911 1319 2979 quanta
1334 2909 1380 2962 est
1394 2908 1500 2962 animia
1511 2903 1660 2960 hebetudo
1672 2901 1679 2958 i

139 2987 194 3053 Dei
214 2996 368 3068 adjutorio
378 2995 482 3052 hostes
498 3008 652 3065 superare,
1036 2996 1128 3064 Quam
1143 2998 1262 3052 diverse
1278 2999 1402 3066 occupat
1413 3010 1494 3065 saepe
1506 2994 1635 3064 turpido,

141 3077 356 3157 Discussasque
366 3085 488 3140 crimina
498 3083 585 3138 londo
602 3082 732 3153 expiare·
1036 3085 1089 3141 eui
1101 3086 1304 3141 sanctimonie
1319 3085 1404 3140 deest
1419 3082 1571 3151 habitudo,

174 3174 311 3245 Idcirco,
328 3175 377 3246 qui
394 3174 472 3246 legis
487 3172 668 3243 subscripto,
684 3171 819 3243 dignare.
1039 3175 1105 3232 Nisi
1115 3175 1182 3230 licta
1202 3174 1328 3229 forsitan
1342 3174 1393 3228 vix
1407 3166 1587 3228 similitudo!

139 3255 281 3338 Nigoros
295 3262 432 3318 auscium
448 3262 537 3317 simui
553 3274 750 3333 congregare,
1001 3258 1027 3322 c
1078 3266 1158 3320 uiro
1173 3279 1206 3318 sa
1223 3278 1297 3333 opus
1310 3263 1390 3319 ndat
1404 3262 1454 3316 vix
1470 3256 1636 3327 recordari,

140 3343 302 3409 vanitates
317 3350 440 3407 sturnis
457 3351 563 3406 mentis
578 3349 732 3420 elongare,
1043 3353 1099 3408 vix
1113 3356 1144 3409 ut
1163 3355 1237 3420 oret,
1254 3351 1374 3421 misen,
1390 3354 1489 3423 potest
1504 3349 1642 3404 cxcitaii:

141 3433 331 3513 Lssgesssqllti
347 3437 510 3493 mol'tfllstfll'
523 3437 583 3493 noli
594 3436 747 3491 festinare.
1043 3442 1158 3513 Legem
1171 3441 1321 3497 dggjdgpgt
1335 3441 1431 3512 magis
1446 3455 1534 3510 quam
1545 3434 1672 3509 precari,

176 3530 211 3586 Si
226 3529 336 3584 Jflssum
354 3528 401 3581 ¹15⁸
412 3525 524 3597 liii)ius
540 3524 570 3580 5¹¹
581 3525 629 3579 ΜΒ
644 3521 787 3594 ⁰⁰85²³f⁰i
1044 3531 1113 3602 Sed,
1123 3529 1197 3586 beul
1210 3529 1389 3586 vanitatibus
1400 3528 1501 3600 nequit
1511 3527 1626 3583 satiari.

139 3610 212 3674 Non
229 3619 273 3673 sit
287 3615 485 3687 opusjugiier
500 3616 593 3668 lotum
608 3611 744 3680 recitare,
1080 3620 1155 3675 Nam
1169 3620 1239 3676 dum
1255 3620 1441 3674 altissimum
1456 3633 1547 3674 orans
1562 3616 1739 3687 deprecatur

139 3699 205 3762 Sed
216 3707 269 3761 ubi
283 3710 312 3760 te
327 3703 415 3759 cilius
432 3703 535 3773 possis
550 3701 689 3768 excitare,
1045 3709 1125 3764 Pane
1139 3707 1252 3763 inutilia
1268 3723 1348 3779 saepe
1359 3707 1527 3763 meditatur.

138 3785 182 3847 Et
199 3796 345 3850 devotum
359 3792 488 3846 ‘mimum
503 3790 623 3846 dillssius
639 3788 749 3844 cilim-
1047 3795 1128 3852 Heul
1144 3813 1224 3853 ream
1238 3812 1308 3852 esso
1327 3812 1361 3853 se
1375 3813 1430 3851 nec
1446 3794 1629 3864 recordatur,

179 3885 238 3940 Sic
254 3881 384 3954 legendo
399 3879 521 3949 habeas,
539 3879 641 3946 lector,
650 3879 731 3931 tunm
746 3876 872 3929 mentem

130 3964 247 4032 Quasi
258 3969 492 4027 desumintuens
505 3982 632 4039 puerum
647 3966 814 4032 lactentem,

122 4051 212 4117 Per
226 4063 333 4117 aetates
349 4057 486 4131 singulas
498 4056 641 4128 juvenem
652 4053 848 4123 crescentem,

118 4138 234 4205 stein
251 4163 360 4205 cernas
375 4147 532 4219 Virginem
546 4143 589 4199 illi
600 4143 801 4198 famulantem.

181 4239 374 4295 Pendentem
386 4234 539 4303 miracula,
555 4236 681 4288 mortem
696 4230 856 4303 patientem

1048 3884 1106 3941 Sed
1118 3885 1293 3941 discurrens
1309 3886 1438 3956 undique
1448 3900 1524 3939 vane
1543 3885 1733 3956 pervagatur.

1084 3975 1235 4044 Apparere
1245 3974 1370 4028 nititura
1386 3972 1462 4028 toris
1476 3974 1595 4044 agnina,

1049 4063 1108 4119 Sed
1118 4067 1216 4118 manet
1229 4063 1364 4132 interius,
1373 4078 1427 4133 pro
1438 4062 1522 4117 dolor
1533 4059 1540 4116 l
1556 4060 1687 4131 vulpina,

1051 4152 1154 4208 Debtia
1164 4152 1287 4208 servitia
1301 4151 1371 4206 dum
1386 4151 1447 4223 agit
1460 4150 1570 4215 divina,

1050 4241 1175 4312 Semper
1188 4241 1217 4295 in
1232 4239 1380 4294 volvendo
1396 4241 1452 4306 est,
1465 4240 1496 4293 ut
1510 4241 1579 4292 sunt
1593 4233 1772 4292 molendina.

101 4314 238 4384 Perre
253 4327 383 4397 undique
399 4327 428 4380 et
442 4336 561 4394 semper
576 4323 673 4393 ipsum
689 4319 851 4373 imitantem

94 4401 212 4471 Sui
222 4431 327 4488 poenas
340 4414 407 4470 Filii
422 4413 530 4468 acriter
548 4410 733 4482 plorantem„

93 4489 382 4576 Tormentaque
394 4501 512 4574 singula
527 4502 625 4561 mente
641 4497 825 4553 tolerantem.

187 4593 340 4660 Quamvis
356 4591 435 4647 euim
450 4589 556 4663 pagina
571 4603 631 4643 non
641 4586 757 4641 videtur
772 4584 852 4638 clare

87 4661 189 4732 Vi
207 4684 299 4754 rginis
312 4679 460 4736 moestitias
475 4677 595 4733 modum
610 4674 774 4743 declarare,

87 4749 144 4808 Γ
154 4781 275 4825 amen
292 4769 361 4825 inde
376 4766 514 4824 convenit
529 4781 584 4820 nos
595 4765 758 4835 pensitare,

87 4836 199 4906 Et
222 4859 249 4914 in
262 4857 352 4915 corde
368 4855 484 4927 saepius
494 4853 580 4909 avide
596 4853 734 4907 tractare.

323 4942 497 5019 Deploratio
515 4939 846 5016 ignorantiaebumanae.

224 5033 329 5093 Obomo
342 5033 522 5102 miserrimc,
532 5030 603 5104 quid
620 5029 664 5086 sis
679 5037 854 5093 memorare,

103 5104 182 5167 N
192 5124 416 5197 ecoonadquid
431 5121 528 5177 iactus
544 5119 589 5174 sis
603 5130 724 5188 semper
736 5111 907 5180 recordare,

113 5192 290 5268 Quoiam
304 5213 385 5269 Deus
400 5211 472 5267 iecit
485 5212 526 5280 ta,
536 5207 638 5275 miser,
654 5205 807 5260 meditare.

132 5280 245 5354 Hcu
252 5302 363 5373 qualem
377 5299 478 5356 tacisti
485 5301 514 5354 te
525 5297 632 5369 nequis
644 5294 776 5368 cogitare
789 5287 796 5346 t

221 5386 320 5447 &oum
334 5389 408 5447 satis
419 5388 491 5445 iecit
500 5389 539 5456 le,
564 5385 615 5458 qui
630 5385 736 5439 cuncta
749 5377 872 5450 creavit,

176 5462 229 5528 ²¹0
239 5492 311 5552 sepa
326 5478 431 5536 reiecit
445 5480 483 5545 te,
493 5490 581 5548 quom
590 5473 744 5545 peccatum
761 5467 868 5523 stravit

191 5552 261 5623 Rani
275 5571 332 5625 heu
345 5566 352 5624 t
367 5582 422 5623 cur
434 5566 571 5638 ingratus
587 5578 620 5618 es
636 5561 663 5617 ei
679 5559 730 5632 qui
744 5562 773 5614 te
786 5556 856 5612 lavit

192 5640 346 5715 &omacio
359 5655 518 5729 sanguine,
534 5667 622 5726 quem
636 5664 689 5722 pro
704 5651 733 5704 te
748 5643 892 5703 stillavit?

222 5741 378 5821 Onequam,
387 5743 563 5813 vanissime,
578 5738 688 5810 invide,
702 5747 856 5809 pompose,

1086 4329 1109 4384 Ο
1122 4329 1238 4402 quoties
1256 4343 1331 4398 opus
1343 4344 1359 4382 a
1374 4332 1401 4383 te
1417 4326 1524 4384 faciem
1537 4325 1653 4394 avertit,

1052 4418 1088 4474 Et
1100 4418 1137 4473 ad
1153 4434 1242 4473 curas
1253 4416 1358 4471 noxias
1372 4416 1429 4471 cito
1441 4431 1474 4471 se
1490 4412 1649 4471 convertit!

1052 4506 1124 4573 Quae
1139 4506 1261 4560 deberet
1276 4502 1373 4559 lacere
1384 4519 1442 4559 non
1457 4502 1676 4570 animadvertit,

1008 4593 1037 4656 D
1052 4596 1111 4652 Sed
1126 4612 1159 4650 se
1174 4594 1250 4649 male
1265 4608 1415 4663 occupans
1428 4593 1542 4663 sipsam
1556 4592 1709 4662 pervertit.

1089 4684 1203 4754 Nempe
1217 4682 1317 4737 carnis
1333 4682 1526 4737 labiacanunt
1540 4680 1632 4737 verba
1646 4681 1725 4749 vitae,

1054 4775 1090 4830 Et
1104 4770 1237 4828 adoravit
1251 4771 1365 4842 sepius
1381 4785 1489 4840 corpus
1504 4769 1651 4840 quoddam
1664 4768 1719 4824 rite
1734 4783 1742 4824 i

1054 4862 1114 4918 Sed
1129 4863 1184 4915 boc
1200 4859 1308 4915 malum
1322 4859 1428 4915 animae
1442 4861 1489 4915 est
1503 4857 1555 4913 Dei
1570 4857 1682 4927 oblitis,

1056 4950 1150 5007 Nudae
1165 4947 1358 5019 bonitatibus,
1374 4947 1455 5003 vitiis
1465 4945 1583 5002 attritae.

1091 5038 1229 5094 Ooordis
1240 5037 1363 5092 vesania
1378 5037 1502 5092 multum
1517 5032 1718 5104 abhorrenda,

1057 5127 1192 5185 Graviter
1205 5142 1223 5180 a
1238 5125 1363 5181 Domino
1373 5122 1457 5196 juste
1472 5123 1630 5194 punienda;

1056 5217 1080 5272 0
1091 5214 1189 5271 cordis
1204 5213 1355 5269 discursio
1367 5210 1481 5285 jugiter
1492 5211 1638 5282 deflenda,

1057 5304 1223 5377 Eljuvante
1238 5300 1362 5357 Domino
1372 5316 1390 5355 a
1399 5300 1515 5356 cunctis
1530 5299 1708 5373 plangenda.

1091 5392 1230 5448 Ocordis
1245 5390 1370 5459 vacatio,
1387 5405 1404 5445 o
1419 5385 1587 5461 inquieluol

1033 5516 1039 5523 ·
1059 5479 1138 5538 Reul
1155 5477 1227 5535 haul
1245 5478 1309 5534 baec
1324 5480 1370 5533 est
1380 5477 1485 5532 animas
1496 5493 1570 5533 mem
1584 5477 1733 5551 aegritudo

1059 5571 1085 5625 Α
1098 5585 1157 5642 qua
1167 5569 1302 5641 elongata
1317 5569 1364 5623 est
1378 5582 1448 5623 vera
1463 5567 1643 5636 sanctitudo,

1060 5657 1235 5731 Etpertscta
1251 5655 1384 5713 oriminis
1400 5656 1446 5712 sui
1462 5656 1627 5727 poeniludo.
