3908 6112
110 337 173 398 569
641 334 825 398 APPEND.
846 335 886 396 ll.
911 334 1141 399 OPUSGULA
1164 333 1305 399 sueth.
1772 338 1833 402 570

109 537 191 590 circa
207 536 411 592 collectionem
428 550 583 603 canonum,
600 551 688 607 quam
711 535 798 591 libris
823 536 963 591 tredecim
988 536 1148 590 Anselmus
1173 535 1315 605 absolvit,
1341 541 1369 591 et
1392 537 1529 592 Anselmi
1543 538 1700 594 Decretum
1715 541 1831 611 quidam

110 606 271 688 appellant.
295 606 365 731 Erbm
381 607 446 662 suis
461 606 1168 733 mffisalibsazlhlatlffvnlnatuffir‘rladiffftassghodssbus
1193 610 1404 679 expurgatam,
1426 609 1573 679 notisque,
1591 610 1640 663 ubi
1656 613 1831 682 oportuerit,

110 678 227 812 11ιῦῗέ
229 681 309 802 tegle
322 692 801 830 seevfuffiflopaschaqernoldus
817 748 913 829 livion
926 694 1032 803 Itribuit
1046 749 1075 830 S.
1094 719 1234 804 A'nselmo
1250 749 1358 818 (Uvrou
1373 749 1404 828 in
1420 750 1498 830 actis
1513 749 1552 805 ad
1563 749 1642 805 diem
1657 749 1690 806 18
1705 752 1833 822 Martii),

110 834 206 890 eaque
222 823 352 888 exstare,
363 825 392 873 et
404 818 544 873 anselmo
560 819 715 873 ascribam
731 819 883 873 codicibus
899 820 1126 942 praegrandibus
1142 819 1342 874 membraneis
1357 819 1544 876 bibliothecae
1554 821 1682 876 caenobii
1696 821 1727 876 S.
1740 822 1832 877 Bene·

111 889 181 943 dicti
198 890 348 944 Mantuani
363 891 489 944 testatur
503 890 688 943 Possevinus
699 890 741 959 (in
752 891 887 960 rippam).
915 889 1161 944 ‘minentissimus
1173 891 1310 945 domiuus
1325 890 1504 946 Fruar-iscus
1520 891 1678 945 cardinalis
1695 892 1833 946 Barberi-

111 976 178 1024 nus,
198 960 383 1015 Benedictini
400 960 514 1014 ordinis
535 963 694 1031 protector,
717 976 770 1030 pro
797 975 850 1014 sua
875 976 947 1032 erga
971 975 1017 1015 me
1040 962 1133 1016 veteri
1157 977 1191 1015 ac
1216 961 1355 1030 peculim-i
1382 961 1573 1032 benignitate,
1590 967 1677 1033 atquc
1692 963 1790 1017 innata
1806 965 1834 1017 iu

112 1046 216 1085 omnes
233 1031 380 1085 bonarum
394 1030 556 1085 litterarum
571 1031 701 1085 cultores
716 1030 849 1085 benefica
864 1032 1073 1102 propensione,
1091 1033 1203 1086 curavit
1223 1032 1290 1087 inde
1311 1031 1367 1085 lide
1386 1032 1499 1103 integra
1516 1033 1572 1088 hoc
1586 1033 1739 1103 exemplar
1752 1035 1834 1088 tran-

113 1101 214 1155 smitti.
225 1102 315 1172 Atqui
330 1101 379 1155 illa
395 1100 512 1171 eloquio
528 1101 793 1172 humiliora,quam
825 1117 870 1156 uae
882 1102 953 1156 tanti
963 1102 1019 1156 viri
1033 1102 1194 1173 praeferant
1209 1103 1392 1174 gravitatem,
1410 1103 1498 1157 alicui
1512 1103 1700 1158 videbuntur.
1711 1104 1834 1159 Verum-

112 1177 208 1226 tamen
224 1171 409 1242 conjecturae
423 1187 490 1242 quae
504 1187 541 1227 ex
556 1173 624 1243 styli
638 1173 779 1227 varietate
794 1189 810 1228 e
834 1173 943 1228 ormari
967 1172 1073 1239 solent,
1089 1173 1172 1227 levas
1189 1173 1358 1243 frequenter
1372 1177 1513 1243 appareat
1527 1179 1556 1229 et
1571 1174 1709 1239 tallacee;
1749 1175 1835 1245 uippa

112 1242 303 1297 manifestum
318 1246 365 1296 est
380 1256 440 1297 non
455 1242 588 1297 eumdem
605 1244 633 1296 in
649 1242 800 1297 universis
817 1244 957 1312 operibus
973 1244 1038 1297 suis
1054 1258 1208 1299 sermones
1230 1243 1458 1314 methodumque
1473 1259 1595 1299 servare
1610 1260 1714 1299 sacros
1727 1191 1833 1300 locte-

114 1329 173 1382 res,
199 1313 368 1384 praesertim
390 1328 443 1368 eos
466 1314 517 1383 qui
537 1317 647 1383 praeter
666 1314 808 1368 doctrinae
830 1314 1049 1380 excellentiam,
1065 1314 1133 1367 vitas
1155 1314 1264 1368 addunt
1286 1315 1485 1383 sanctitatem,
1503 1319 1531 1368 et
1554 1315 1670 1383 pietatis
1694 1315 1833 1386 igniculis

114 1384 228 1439 incensi
243 1385 289 1438 lre
313 1387 417 1438 uenter
433 1383 566 1438 teruntur
580 1384 607 1437 in
626 1383 728 1438 Deum.
746 1384 799 1439 Dei
813 1385 915 1439 verbis
938 1384 1012 1439 alios
1035 1384 1211 1465 quandoque
1227 1385 1350 1455 gravius
1364 1384 1597 1454 reprehendunt,
1615 1386 1679 1439 suis
1694 1387 1833 1450 precibus

116 1455 271 1525 aliqnando
320 1470 387 1508 eum
410 1454 550 1509 humilius
563 1471 628 1525 pro
650 1470 684 1509 se
706 1455 901 1525 interpellant.
928 1454 985 1509 Pro
1008 1471 1053 1509 rer
1078 1457 1107 1510 et
1127 1456 1295 1537 argumenti
1315 1456 1455 1509 varietate
1473 1456 1559 1510 modo
1574 1456 1730 1523 extollunt,
1748 1458 1833 1512 modo

117 1525 282 1596 deprimunt
297 1540 483 1590 sermonem,
500 1541 554 1580 nec
579 1525 682 1581 eodem
707 1526 792 1580 vocis
814 1529 916 1581 tenore
940 1527 1087 1597 agendum
1108 1524 1244 1595 judicant
1267 1542 1333 1580 cum
1360 1526 1502 1580 Ecclesia
1517 1533 1710 1596 persecutore
1724 1531 1753 1582 at
1767 1543 1833 1582 cum

119 1596 213 1650 nundi
229 1596 394 1650 conditore.
412 1596 539 1665 Spiritus
554 1596 635 1650 intus
651 1597 701 1650 alit
716 1596 844 1651 humiles
860 1597 959 1651 cordis
978 1597 1189 1668 cogitationes,
1209 1600 1238 1651 et
1263 1597 1336 1651 loris
1357 1596 1416 1650 edit
1434 1597 1517 1651 lenes
1530 1598 1615 1651 vocis
1631 1613 1789 1663 susurres,
1805 1600 1833 1652 in

120 1671 278 1737 conspeetu
300 1666 382 1721 illius
396 1682 450 1736 pro
465 1665 554 1737 cujus
574 1668 720 1722 bonorum
740 1667 769 1721 in
790 1667 897 1737 spiritu
916 1667 1082 1721 vehementi
1103 1667 1276 1737 plerumque
1296 1668 1435 1733 clamant,
1455 1671 1484 1721 et
1508 1669 1593 1737 quasi
1618 1668 1687 1722 tuba
1706 1669 1834 1724 exaltant

121 1752 216 1792 vocem
230 1752 320 1792 suam
346 1739 552 1792 annuntiantes
567 1738 676 1808 populo
692 1739 807 1792 scelera
823 1752 935 1806 eorum,
956 1742 984 1793 et
1004 1738 1143 1792 domibus
1157 1738 1324 1807 principum
1339 1742 1459 1808 peccata
1475 1753 1587 1792 eorum.
1604 1738 1750 1809 Cumque
1766 1741 1833 1809 quis

123 1809 252 1878 loquitur,
269 1812 299 1862 et
314 1787 350 1861 cle
365 1822 423 1878 qua
437 1823 469 1863 re
483 1809 581 1880 agitur
596 1809 836 1878 expendendum,
853 1808 986 1879 adeoque
1004 1809 1186 1878 temperandi
1208 1823 1372 1877 sermones,
1391 1811 1421 1863 ut
1436 1809 1631 1878 undequaque
1646 1809 1832 1864 conveniant.

123 1879 274 1933 hiselmus
289 1877 377 1932 modo
393 1893 460 1932 cum
476 1878 605 1933 Henrico
620 1882 743 1949 tyranno
757 1879 788 1933 in
802 1879 866 1934 acie
881 1884 1001 1951 pugnat,
1018 1879 1104 1934 modo
1119 1884 1221 1933 contra
1241 1879 1450 1934 schismaticos
1466 1879 1586 1949 scriptis
1602 1883 1692 1948 tonat,
1709 1883 1835 1935 attamen

125 1949 288 2004 iaeubiculi
310 1948 512 2018 penetralibus
532 1949 666 2010 divinum
689 1964 808 2021 semper
830 1950 943 2022 aliquid
962 1950 1045 2004 intus
1066 1949 1213 2020 apitahat,
1235 1957 1265 2004 ot
1287 1948 1540 2020 contemplabatur
1557 1949 1691 2004 caelestia
1706 1949 1752 2018 (In
1773 1950 1837 2005 Vita

126 2035 191 2074 num.
207 2019 267 2088 80),
283 2034 350 2089 quae
365 2021 514 2074 reverenti
529 2019 635 2075 deinde
658 2022 812 2090 promebat
833 2021 961 2091 eloquio.
988 2019 1069 2074 Nihil
1094 2035 1165 2092 ergo
1191 2020 1296 2075 mirum
1320 2021 1347 2074 si
1370 2020 1500 2102 graviter
1516 2020 1628 2088 doceat,
1645 2023 1673 2074 et
1688 2019 1837 2074 humiliter

127 2094 189 2154 oret;
206 2091 234 2144 si
251 2105 356 2144 sacras
372 2089 435 2143 Seri
459 2093 541 2144 turae
556 2091 586 2144 in
601 2096 742 2160 tyrannos
759 2091 867 2146 acriter
881 2094 1084 2162 contorqueat,
1103 2095 1131 2144 et
1145 2091 1245 2144 divina
1259 2097 1399 2162 mysteria
1415 2090 1574 2144 humiliatae
1589 2091 1696 2145 mentis
1711 2091 1835 2145 medite-

127 2166 161 2214 tur
174 2159 293 2215 ellectu.
308 2160 421 2215 Multos
434 2106 555 2215 libellos
567 2162 702 2232 propriis
716 2161 853 2216 manibus
868 2161 1171 2232 conscripsisseVitae
1187 2167 1290 2215 auctor
1304 2166 1441 2216 recenset
1455 2165 1546 2230 (num.
1562 2161 1618 2230 25).
1630 2161 1704 2225 Quid
1718 2162 1745 2214 si
1759 2163 1837 2216 inter

126 2231 179 2286 illos
194 2232 266 2286 isti?
279 2230 365 2286 Certe
380 2232 410 2285 in
426 2231 491 2302 ipsa
506 2232 554 2285 illa
569 2231 656 2285 domo
673 2232 702 2286 in
739 2248 775 2286 ua
793 2232 879 2286 vitam
897 2232 1088 2286 monasticam
1104 2236 1132 2285 et
1147 2232 1401 2301 contemplativam
1422 2232 1578 2301 protessus
1594 2236 1649 2300 est,
1666 2246 1769 2286 omnes
1785 2232 1836 2285 isti

125 2302 164 2372 qni
178 2306 357 2374 sequuntur,
369 2302 648 2371 contemplationum
662 2248 765 2369 libell,
776 2303 900 2373 praellxo
911 2302 947 2357 ed
958 2302 1095 2374 singulos
1105 2301 1173 2370 ejus
1183 2303 1311 2371 nomine,
1322 2302 1482 2374 diligenter
1497 2304 1721 2355 conservantur.
1735 2301 1835 2356 Liceat

121 2372 210 2443 itaque
224 2373 466 2443 precedentibus
482 2373 636 2443 opusculis
650 2373 705 2428 ista
722 2374 890 2442 subtexere,
907 2374 1013 2428 saltem
1028 2389 1065 2426 ne
1080 2378 1211 2445 pereant.

958 2668 986 2797 l

489 2889 765 2974 lllllll'l'd'l'lll
793 2888 843 2973 tlt
870 2889 1163 2975 ohtttortett
1189 2885 1466 2971 acutulum

159 3133 179 3190 l.
189 3136 283 3193 Pater
293 3142 407 3206 noster,
419 3137 468 3210 qui
479 3152 512 3192 es
527 3137 557 3190 in
573 3135 666 3202 ecelis,
680 3133 886 3190 sanctilieetur
896 3117 990 3188 rao-A
1007 3150 1083 3206 gens
1098 3135 1171 3190 ero?
1186 3135 1324 3206 Nunquid
1340 3135 1492 3205 pausabo?
1507 3134 1646 3205 Nunquid
1662 3134 1728 3188 aliis
1743 3133 1836 3187 inten-

116 3231 184 3278 iaea
199 3231 292 3297 tunm,
309 3230 366 3282 etc.
388 3225 543 3282 Osnmma
559 3222 726 3280 clementia!
746 3223 770 3278 0
791 3221 949 3278 ineffabilis
1005 3227 1054 3280 tus
1069 3226 1142 3279 ero?
1161 3223 1245 3279 Certe
1269 3240 1335 3279 cum
1356 3225 1480 3295 impetu,
1497 3224 1635 3279 omnibus
1649 3223 1835 3294 postpositis,

119 3299 300 3387 benignitas!
312 3315 336 3370 0
350 3315 424 3370 mira
439 3312 584 3386 dignatio!
600 3313 624 3368 o
639 3312 803 3384 longitudo,
814 3311 948 3381 latitudo,
1006 3327 1122 3368 curram
1146 3313 1182 3367 ad
1207 3328 1285 3367 eum.
1302 3312 1418 3367 Sulllcit
1441 3311 1525 3382 mihi,
1551 3313 1577 3366 si
1602 3311 1696 3366 habeo
1723 3312 1836 3366 Patrem

126 3400 295 3474 eufimiae,
305 3408 333 3458 et
344 3404 522 3474 protundum
535 3402 688 3457 charitatis
699 3399 822 3457 divinael
836 3400 951 3455 Vilissi·
1006 3417 1114 3471 meum,
1126 3404 1155 3457 et
1169 3401 1235 3456 ideo
1246 3405 1305 3457 toto
1316 3401 1407 3457 corde
1418 3401 1534 3455 tendam
1546 3401 1574 3455 in
1587 3416 1663 3456 eum.
1676 3400 1741 3454 Non
1754 3399 1837 3470 aspi-

124 3496 196 3545 mum
211 3492 304 3547 lutam
326 3508 410 3560 sum,
427 3491 611 3548 detestabilis
631 3492 747 3557 senice,
766 3490 949 3561 nequissima
1005 3492 1097 3560 ciam,
1118 3507 1176 3546 non
1200 3491 1279 3546 aliud
1300 3491 1408 3545 videbo
1431 3491 1490 3545 nisi
1517 3490 1610 3545 Deum
1631 3505 1743 3558 meum,
1769 3488 1837 3559 quia

127 3584 265 3647 amen,
288 3584 318 3635 ct
339 3585 437 3636 tamen
453 3582 533 3635 Deus
548 3581 687 3648 deorum,
714 3580 778 3634 ilex
801 3593 906 3651 regum
922 3580 950 3632 et
1005 3580 1110 3635 oculus
1121 3581 1228 3636 mentis
1239 3596 1313 3636 meaa
1324 3584 1403 3635 totus
1417 3579 1509 3634 tendit
1524 3579 1553 3634 in
1569 3577 1738 3648 illum,qoia
1748 3577 1837 3632 nimis

130 3663 262 3724 Dominus
272 3668 494 3738 dominantium,
505 3684 539 3724 ee
555 3683 651 3723 meum
664 3667 779 3721 Patrem
787 3667 865 3721 dicit.
878 3665 949 3721 Cum
1004 3669 1103 3725 allexit
1113 3671 1240 3724 animum
1251 3685 1357 3724 meum.
1367 3669 1462 3724 Pater
1470 3667 1613 3724 nestero
1624 3668 1690 3736 met,
1699 3670 1727 3721 et
1738 3666 1837 3721 tavum

125 3756 220 3821 oratis,
238 3757 344 3828 inquit,
363 3756 455 3811 dicite
474 3772 480 3811 :
504 3756 599 3811 Pater
624 3761 735 3820 noster,
759 3760 814 3810 etc.
831 3753 949 3824 Exque
1005 3759 1034 3813 in
1049 3775 1102 3814 ore
1117 3775 1196 3829 meo,
1214 3774 1279 3813 cum
1303 3763 1331 3813 to
1356 3759 1447 3813 Deum
1472 3774 1587 3824 meum,
1605 3758 1721 3811 Patrem
1741 3770 1837 3809 areum

124 3840 174 3899 hoc
184 3845 255 3900 dicit
265 3846 330 3915 ipsa
340 3845 467 3913 Veritas,
478 3845 669 3900 verissimum
680 3848 736 3898 est.
747 3843 781 3898 Et
797 3843 860 3898 scio
870 3842 950 3914 quod
1005 3844 1094 3901 vocol
1110 3846 1134 3900 O
1150 3846 1274 3901 dulcedo
1290 3843 1465 3900 indicibilis!
1490 3843 1514 3898 O
1535 3843 1707 3915 jucunditas
1723 3841 1837 3897 intesti-

124 3933 185 4002 plus
196 3933 263 3988 sine
273 3934 489 4003 comparatione
499 3948 544 3988 me
555 3933 651 4005 diligit
660 3935 840 4003 quampater
848 3946 949 3986 carna·
1006 3935 1122 3988 mabilia
1135 3931 1141 3988 l
1161 3933 1186 3988 Ο
1201 3934 1339 4004 iubilatio
1359 3931 1527 4000 ineffabilis,
1543 3947 1610 3985 cum
1630 3930 1723 3985 audeo
1738 3933 1765 3984 te
1780 3930 1837 3984 Pa-

124 4021 158 4076 lis
171 4021 217 4076 vel
232 4025 335 4091 mater,
352 4023 410 4078 imo
426 4038 513 4094 quam
536 4036 592 4093 ego
616 4021 691 4091 ipse.
716 4020 759 4076 De
780 4023 860 4074 tanto
876 4035 950 4091 ergo
1005 4027 1080 4078 trem
1094 4020 1217 4076 vecarcl
1234 4022 1257 4076 Ο
1272 4018 1446 4076 exsultatio!
1462 4018 1486 4073 O
1500 4017 1668 4074 admiratio!
1684 4018 1708 4072 Ο
1723 4018 1838 4072 medul-

126 4109 203 4164 Patre
220 4109 385 4165 elevabitur
399 4125 451 4165 eor
465 4125 562 4165 meum
577 4112 609 4165 ut
622 4109 731 4181 aquila,
743 4112 772 4165 et
782 4108 845 4180 jam
859 4108 950 4180 hujus
1004 4110 1076 4166 laris
1091 4108 1264 4165 modulatio!
1282 4110 1355 4175 Quia
1364 4111 1452 4163 Pater
1462 4123 1546 4162 meus
1561 4110 1607 4162 est
1621 4110 1661 4162 tu.
1673 4106 1747 4170 Quid
1762 4106 1837 4160 ultra

120 4199 186 4254 coli
199 4197 343 4254 interiora
358 4203 552 4253 contemnam.
570 4197 646 4263 Quid
660 4199 735 4254 ultra
752 4198 824 4252 mihi
838 4198 874 4252 de
890 4202 950 4252 ter·
1005 4199 1207 4272 praetendam?
1225 4199 1300 4264 Quid
1316 4199 1390 4253 ultra
1406 4196 1525 4251 dicam?
1538 4195 1613 4260 Quid
1627 4196 1702 4250 ultra
1718 4195 1838 4264 petam?

116 4289 199 4343 renis
211 4287 377 4343 honoribus
392 4287 442 4358 qui
457 4303 524 4343 sum
535 4286 614 4342 illius
630 4286 810 4358 Deithlajus
821 4286 950 4342 dedecus
1003 4288 1093 4343 Pater
1107 4303 1192 4342 meus
1207 4303 1240 4341 aa
1255 4291 1296 4341 tu.

121 4382 200 4433 esset
214 4377 289 4432 mihi
302 4380 440 4446 appetere
458 4379 718 4448 quantumcunque
743 4390 882 4447 magnum
899 4374 951 4428 ho·
1043 4376 1069 4430 Ξ.
1086 4375 1144 4430 Sed
1164 4375 1215 4429 ubi
1235 4390 1284 4445 es,
1302 4374 1387 4428 Pater
1402 4372 1460 4426 mit
1484 4371 1534 4426 ubi
1551 4385 1600 4440 es,
1616 4369 1643 4425 si
1657 4369 1767 4440 ubique
1781 4371 1838 4423 est

121 4479 220 4520 norem
235 4469 386 4519 terrenum
400 4480 489 4536 quam
503 4465 595 4519 lllium
610 4464 798 4534 imperatoris
813 4466 950 4534 appetere
965 4467 993 4533 Β
1008 4464 1067 4519 imo
1082 4466 1149 4535 quia
1166 4465 1286 4534 ubique,
1303 4461 1450 4534 quomodo
1474 4460 1580 4516 coelum
1595 4459 1646 4513 tibi
1663 4459 1752 4514 sedes
1769 4459 1838 4512 est?

123 4549 235 4609 latrinae
244 4554 386 4608 osticium.
398 4552 472 4618 Quid
484 4552 559 4609 ultra
568 4553 639 4607 mihi
650 4553 686 4607 de
696 4553 824 4607 terrenis
839 4551 951 4606 divitiis
976 4538 979 4551 '
1007 4552 1065 4608 Sed
1090 4553 1164 4622 ideo,
1186 4551 1403 4623 benignissime
1425 4550 1556 4619 Domine,
1573 4549 1620 4603 vis
1640 4552 1670 4603 ut
1692 4547 1836 4616 dicamus.

126 4641 175 4710 qui
188 4643 273 4714 regni
288 4645 391 4696 aeterni
405 4657 471 4696 sum
489 4641 609 4696 haeres?
623 4641 855 4714 Ignominiosius
870 4644 952 4705 esset
1007 4641 1102 4697 Pater
1117 4648 1229 4710 noster,
1247 4641 1296 4713 qui
1310 4655 1344 4695 es
1357 4639 1388 4693 iu
1404 4639 1497 4709 caelis,
1514 4642 1545 4692 nt
1559 4653 1615 4693 nos
1630 4636 1786 4693 atorrenis
1803 4634 1837 4688 ad

122 4729 193 4784 mihi
217 4731 254 4786 de
274 4735 533 4802 quantumcunque
559 4730 676 4802 magnis
697 4730 809 4784 divitiis
826 4730 951 4785 terrenis
1006 4731 1140 4785 eoelestia
1153 4730 1264 4798 eleves,
1278 4728 1327 4784 ubi
1343 4724 1836 4796 maximetuapotentia,sapientia,

129 4831 228 4874 cnmre
253 4835 340 4892 quam
362 4819 590 4891 primogenitum
612 4819 800 4888 imperatoris
822 4818 858 4872 de
884 4818 951 4872 limo
1007 4823 1035 4873 et
1050 4820 1165 4873 bonitas
1190 4817 1333 4887 elucesit3
1353 4821 1385 4872 ut
1406 4817 1461 4881 ibi,
1482 4816 1522 4869 mi
1543 4817 1634 4885 pater,
1656 4813 1696 4867 sit
1720 4827 1839 4881 semper

131 4919 266 4976 equorum
274 4924 408 4963 snorum.
417 4907 492 4972 Quid
504 4908 578 4961 ultra
590 4906 661 4961 mihi
674 4907 711 4961 de
727 4907 843 4961 deliciis
854 4923 953 4961 carna·
1006 4911 1102 4963 tecum
1116 4908 1272 4962 conversio
1283 4909 1312 4960 et
1322 4905 1510 4961 conversatio
1521 4907 1633 4971 nostra,
1642 4906 1700 4955 uta
1711 4905 1739 4955 tc
1750 4901 1839 4955 coele-

136 4992 667 5068 libus,deterrenis,quantumcanqne
678 4996 954 5067 magnistDetesta-
1007 4997 1074 5065 stia,
1092 5012 1148 5050 nou
1165 4998 1454 5067 terrena,pelamus,
1468 4995 1519 5048 aut
1533 4994 1611 5047 certe
1627 4995 1730 5059 uanos
1747 4991 1837 5058 spiri-

140 5079 215 5138 bilius
230 5090 311 5141 esset
327 5085 398 5139 mihi
413 5085 472 5139 tilio
489 5086 582 5157 Regis
597 5085 705 5139 summi
720 5084 799 5138 allici
814 5083 844 5138 in
859 5099 953 5155 quau·
1006 5086 1102 5140 tuales
1117 5084 1184 5139 caeli
1200 5085 1284 5152 lacti,
1305 5084 1335 5139 in
1355 5083 1442 5137 nobis
1466 5081 1505 5135 sit
1529 5080 1668 5135 habitatio
1684 5083 1742 5133 tua.
1762 5077 1837 5144 Quid

143 5171 300 5246 lumcunque
311 5175 446 5229 allectiva
455 5179 685 5246 creaturaquam
696 5173 787 5228 filium
798 5173 953 5243 imperato·
1008 5189 1082 5247 ergo
1098 5190 1153 5228 nos
1163 5173 1308 5228 tardabit?
1319 5172 1393 5238 Quid
1405 5187 1460 5225 nos
1471 5169 1619 5224 retrahet?
1629 5168 1703 5234 Quid
1715 5168 1838 5237 impedi-

147 5259 205 5316 r'uin
214 5262 567 5329 sanietetidissimaQuid
578 5264 696 5332 bonum,
705 5263 775 5334 quid
786 5262 949 5334 pulchrum,
1008 5267 1104 5318 meme
1120 5262 1233 5331 parabit
1247 5261 1317 5332 quin
1333 5259 1494 5324 coelestem,
1507 5273 1565 5311 noa
1579 5258 1736 5324 terrenam,
1749 5257 1838 5310 vitam

149 5349 195 5414 quid
208 5353 287 5425 utile,
305 5354 375 5426 quid
391 5352 589 5409 desiderabile
600 5368 645 5407 me
656 5351 775 5407 allicere
790 5355 888 5422 potest
903 5351 953 5423 qni
1008 5351 1168 5421 ducamus,
1189 5353 1220 5404 ut
1241 5350 1270 5403 in
1291 5347 1379 5402 nobis
1393 5346 1433 5401 sit
1447 5345 1587 5400 habitatio
1609 5345 1682 5398 tuat
1704 5342 1727 5397 Ο
1748 5343 1839 5415 digna

114 5502 118 5508 ¹
150 5429 222 5496 lares
244 5459 310 5498 eum
333 5441 422 5497 tontis
438 5441 534 5497 omnis
550 5441 678 5512 pictatis,
695 5446 723 5495 ot
738 5441 832 5494 honi?
850 5440 952 5494 Omnia
1007 5440 1176 5506 admiratio,
1194 5439 1267 5492 mira
1282 5436 1428 5507 dignatio,
1454 5439 1482 5490 et
1506 5433 1681 5505 dignissima
1699 5431 1838 5486 habitatio

150 5535 262 5598 ttapectu
276 5532 357 5588 illius
371 5549 429 5588 non
445 5536 514 5587 sunt
529 5531 586 5585 nisi
602 5530 737 5601 quaedam
752 5528 914 5583 similitudo
925 5532 953 5583 et
1006 5530 1118 5586 Christi
1130 5529 1158 5582 in
1169 5525 1271 5582 nobis!
1284 5525 1347 5596 Ego
1360 5524 1544 5580 loedissimus
1556 5527 1644 5576 limus
1654 5525 1683 5576 et
1693 5521 1840 5575 abomina-

150 5619 239 5676 tttbra.
254 5623 402 5677 Accedam
416 5637 488 5693 ergo
504 5622 540 5676 ad
557 5621 671 5675 Patrem
687 5635 794 5687 meum,
815 5617 864 5689 qui
881 5617 951 5671 nihil
1008 5614 1396 5688 hilispoccatorumlatrina,
1408 5615 1490 5668 valeo
1506 5626 1576 5666 esse
1587 5611 1775 5666 eximmensa
1787 5607 1839 5661 Dei

150 5702 206 5762 aliud
219 5710 280 5766 vult
289 5711 348 5767 nisi
359 5715 388 5766 at
397 5711 521 5766 habeam
531 5725 607 5766 aum.
621 5709 761 5780 Nunquid
773 5722 845 5780 ergo
859 5707 951 5777 negli—
1009 5707 1065 5761 mei
1081 5705 1235 5761 clementia
1251 5704 1470 5760 tabernaculum
1487 5700 1564 5772 ejus.
1577 5699 1612 5754 Et
1626 5698 1675 5769 qui
1692 5711 1757 5750 sum
1774 5692 1837 5762 ple-
