3900 6112
613 273 840 340 OPUSGULA
869 272 1039 338 stultia.

87 492 182 549 cume,
197 477 306 548 animm
322 493 401 535 nunc
416 477 526 534 festina
541 477 596 547 ire,

87 565 165 625 ossis
178 565 334 623 Dominam
348 565 452 623 eadem
467 564 582 622 fulcire.

93 653 161 711 baec
172 658 229 725 est,
245 654 380 726 Domina,
396 653 462 711 dies
475 653 530 709 tibi
543 653 626 723 dura,

87 742 313 800 rcumdedarunt
325 746 354 800 te
368 743 457 800 modo
470 742 576 799 matris
588 741 667 814 iura,

87 831 222 905 braquam
236 831 408 904 parturiens
423 832 518 888 sentis
535 830 611 886 mala
624 829 721 901 plura,

87 919 173 977 rebus
189 922 309 992 pariens
324 925 458 977 materna
472 934 628 992 pressura.

87 1006 140 1066 orl
156 1023 175 1065 o
189 1006 339 1083 gemitusl
354 1024 414 1082 quo
429 1012 457 1066 te
472 1024 507 1065 es
522 1022 659 1077 versura,

87 1095 225 1154 samicta
239 1113 274 1154 es
291 1113 330 1154 ex
344 1097 404 1153 nati
417 1099 554 1153 tortura‘?

87 1200 247 1242 ’mansura
264 1186 403 1259 stigmata
418 1185 527 1257 lutura,

92 1275 207 1330 tantum
221 1272 326 1330 delicia
339 1289 394 1346 pro
409 1273 468 1330 ista
482 1273 604 1331 fixura?

87 1376 97 1419 t
109 1365 171 1420 tam
185 1361 324 1420 flebiliter
338 1378 426 1419 manu
440 1362 496 1418 bae
511 1362 636 1432 firmata,

87 1449 255 1507 liatenditur
268 1454 301 1508 ut
314 1450 355 1508 sit
370 1450 553 1522 conclavata,

87 1539 125 1596 ris
140 1537 286 1596 toramine
300 1542 370 1597 suut
384 1539 561 1611 inordinata,

87 1627 277 1702 mgitudinem
292 1629 429 1703 corporis
443 1628 576 1695 formata,

814 454 976 529 AFaciam
990 475 1161 547 consignari
1177 489 1223 531 me
1238 476 1371 545 passioni
1387 476 1447 546 isti,

856 560 959 636 Plagis
973 561 1032 618 tuis
1047 562 1122 619 laede
1137 579 1184 619 me
1198 566 1286 636 atque
1299 569 1394 620 morte
1408 565 1496 620 tristi.

890 651 963 707 ltem
978 666 1077 721 cerne,
1093 651 1199 723 anima,
1215 653 1329 708 vultum
1343 651 1446 708 Matris
1461 652 1569 724 flentis,

854 741 887 796 lu
903 739 970 796 istis
984 739 1143 814 angustiis,
1155 738 1271 814 jugiter
1283 741 1454 812 prasentia,

853 827 951 886 Pensa
965 828 1131 887 ineffabiles
1146 844 1251 902 poenas
1266 828 1335 902 ejus
1348 829 1468 899 mentis,

855 919 986 994 Urgents
1000 919 1188 976 incommodo
1203 935 1279 992 pene
1292 919 1458 975 morientis.

890 1009 965 1076 lieu,
981 1008 1074 1081 Virgo
1089 1009 1297 1080 pulcherrima,
1314 1008 1427 1080 peccati
1439 1007 1544 1081 ignara

854 1097 1045 1170 Feminisque
1059 1097 1154 1168 pridie
1170 1097 1289 1154 ceteris
1303 1099 1372 1169 plus
1386 1097 1540 1169 praeclara,

854 1186 939 1242 Nune
954 1185 1079 1258 pallens,
1096 1187 1126 1242 et
1138 1185 1276 1258 lugubris
1292 1188 1350 1242 tota
1364 1200 1398 1243 es
1411 1200 1520 1255 amara,

853 1275 985 1331 Patiente
999 1289 1099 1331 coram
1114 1277 1143 1331 te
1157 1278 1207 1331 tua
1220 1274 1308 1331 Prole
1323 1275 1423 1332 chara.

889 1360 1066 1434 Compellor,
1082 1375 1099 1418 o
1115 1362 1248 1432 Domina,
1265 1361 1302 1419 de
1317 1364 1345 1418 te
1359 1362 1484 1419 reticere

854 1452 927 1520 Quia
941 1456 969 1509 te
984 1452 1144 1510 considero
1158 1452 1284 1523 amplius
1299 1451 1402 1508 dolore

854 1541 947 1607 Quam
962 1535 1117 1598 serm‘dues
1131 1540 1223 1614 aliqui
1238 1540 1357 1613 possint
1365 1539 1424 1597 tari
1439 1555 1520 1611 vere,

854 1629 913 1685 Aut
925 1629 1034 1685 mentis
1048 1627 1197 1685 meditatio
1213 1628 1444 1700 comprehendat
1457 1642 1558 1685 merae.

87 1715 139 1774 ori
155 1731 173 1774 o
188 1717 337 1791 gemitnsl
357 1717 429 1792 quid
444 1733 522 1774 nuno
536 1719 607 1774 sunt
621 1715 729 1773 tacturi
814 1688 840 1752 Β
890 1715 957 1773 Non
972 1716 1074 1789 miror,
1091 1732 1108 1774 o
1124 1715 1259 1789 Domina,
1274 1715 1367 1790 Virgo
1383 1715 1529 1786 redimita,

96 1805 150 1879 qui
164 1805 356 1862 considerant
367 1805 430 1879 jam
444 1822 504 1863 non
518 1806 608 1885 corde
623 1804 700 1876 duri,

87 1893 191 1951 ttinant
204 1894 323 1951 trahere
337 1895 422 1967 pravi
435 1895 561 1968 perituri

101 1982 279 2040 foraminum
292 1983 424 2040 membra
437 1983 533 2039 Cbisti
547 1984 624 2055 puri.

87 2071 160 2144 pisti,
176 2071 283 2144 anima,
300 2087 388 2129 cerne
404 2071 484 2128 diras
499 2076 616 2146 gentes,

87 2173 143 2216 nos
158 2159 279 2230 milites,
296 2158 373 2217 haul
389 2160 477 2216 nimis
492 2159 637 2230 iurantes,

87 2248 150 2304 itui
165 2247 282 2304 Domini
297 2264 365 2304 cum
379 2248 407 2304 vi
423 2249 637 2321 distendentes,

87 2335 177 2393 οιίιιιιι
190 2336 312 2409 pellium
327 2336 396 2394 binc
411 2337 480 2394 inde
496 2337 659 2394 trahentes.

87 2422 171 2481 altari
184 2429 293 2498 potest,
308 2426 389 2499 quod
402 2428 514 2483 tantum
528 2426 716 2483 tetenderunt

87 2514 200 2571 bratim
219 2514 376 2571 Dominum
390 2531 465 2587 pene
480 2515 645 2571 diviserunt
658 2514 725 2587 (cs),

87 2618 126 2659 aa
138 2604 237 2659 omnia
252 2604 319 2676 eJus
336 2604 531 2674 nudaverunt,

87 2691 113 2748 is
126 2694 330 2749 crassissimis
347 2694 479 2750 membra
494 2693 732 2751 transfixerunt?

87 2797 104 2838 s
118 2782 201 2855 loqui
213 2783 322 2855 poterit
336 2781 573 2852 horribilitatem,

88 2870 272 2944 eligentium
286 2870 363 2927 banc
379 2871 591 2940 crudelitatem,

86 2974 103 3015 s
117 2959 234 3015 Domini
248 2959 326 3015 banc
341 2960 549 3030 parilitatem,

87 3050 111 3103 st
123 3047 284 3104 amantium
298 3048 373 3104 hano
388 3048 589 3104 anxietatem?

88 3141 179 3192 cstroe
193 3136 310 3192 duritiae
325 3137 443 3207 penitus
458 3137 643 3210 frangantur,

87 3240 98 3280 a
111 3225 142 3280 in
157 3222 305 3296 lacrymas
321 3227 477 3297 sanguinis
499 3230 662 3293 vertantur,

87 3312 237 3368 desideria
252 3315 281 3368 in
297 3313 400 3369 iesum
416 3316 555 3388 figantur,

87 3401 165 3457 :orda
179 3401 277 3457 valido
292 3402 392 3457 dolore
410 3403 594 3470 scindantur,

87 3490 152 3545 lietu
166 3490 275 3561 pudeat
291 3505 347 3545 nos
362 3490 427 3545 baec
443 3492 606 3560 praeterire,

87 3577 167 3633 ordis
183 3578 295 3651 gemitu
310 3580 395 3634 decet
409 3595 465 3634 nos
482 3580 594 3650 rugire,

95 3664 184 3723 liente
200 3666 323 3722 Domino
339 3667 469 3723 dolorem
486 3669 607 3734 sentire,

87 3769 141 3825 pse
157 3754 282 3824 dederit,
297 3743 367 3810 bum
383 3770 418 3811 eo
434 3757 527 3811 obire.

198 3842 265 3899 Flet
282 3844 423 3899 ernastus
437 3847 467 3898 in
483 3860 571 3899 cruce

87 3932 240 4003 implendo,
257 3933 363 4001 anima,
379 3933 428 3987 hic
443 3933 531 3987 diluta
546 3937 684 4002 urentem,

89 4036 157 4076 sum
173 4023 317 4075 maximas
333 4036 437 4092 poeuas
458 4020 659 4091 sufferentem,

87 4109 265 4164 imarissime
281 4111 311 4164 in
325 4110 480 4165 tormentis
495 4110 622 4177 ilentem,

89 4201 100 4252 t
113 4199 247 4254 exterius
261 4202 355 4254 toturn
372 4198 538 4268 patientem.

91 4286 274 4342 horribiliter
288 4287 419 4341 membra
435 4286 632 4343 extenduntur

87 4393 144 4434 aro
159 4392 266 4448 aspero
280 4377 359 4433 terro
377 4377 537 4449 fodiuntur,

87 4483 217 4540 impeges
233 4468 348 4522 ossium
363 4483 381 4521 a
395 4482 429 4524 se
444 4467 660 4537 dissolvuntur,

87 4555 207 4612 cambra
223 4556 369 4628 sanguine
384 4558 489 4610 cuncta
503 4555 730 4624 perfunduntur.

87 4660 156 4700 anus
171 4644 340 4700 tenerrimas
356 4644 449 4699 clavis
465 4644 662 4715 perforantur,

87 4731 165 4789 nodo
181 4731 271 4787 simili
286 4731 349 4786 dire
364 4733 562 4802 terebrantur,

87 4837 140 4877 :um
154 4820 315 4877 subtilibus
331 4820 419 4875 terris
434 4821 612 4889 lacerantur,

87 4926 155 4968 ense
167 4913 280 4967 tenerae
294 4909 388 4965 clavis
403 4909 558 4967 laniantur.

99 4999 167 5056 vide
182 4999 303 5055 intimos
318 4999 394 5055 istos
411 5001 570 5069 eruciatus,

89 5088 156 5162 ejus
172 5089 314 5162 gemitus,
329 5091 418 5159 atque
437 5087 577 5159 ejulatus,

87 5179 249 5249 impariter
263 5176 374 5233 uberes
390 5177 537 5248 ploratus,

87 5267 167 5324 lacer
182 5267 318 5337 corporis
332 5268 412 5322 totus
428 5270 475 5322 est
490 5267 616 5323 ablatus.

87 5355 273 5429 inpiissime,
289 5354 431 5428 quidest,
447 5355 519 5426 quid
536 5356 650 5428 egisti?

87 5448 112 5501 ot
125 5460 181 5516 pro
196 5443 316 5500 miseria
334 5447 480 5500 tormenta
496 5445 606 5501 subisti
621 5447 635 5498 t

87 5566 155 5621 bar.
171 5561 203 5618 in
217 5577 249 5616 ιιι
262 5577 293 5634 p.
303 5563 374 5618 tom.
390 5560 426 5632 ll,
444 5561 503 5632 dis,
518 5557 564 5632 ³6,
582 5563 656 5619 sect.
679 5561 708 5615 t.

188 5687 316 5746 Parnon.
338 5683 469 5743 CXLIX.

854 1806 926 1872 Quae
940 1807 972 1862 in
985 1808 1045 1863 tam
1059 1805 1209 1862 debilibus
1224 1821 1258 1862 es
1272 1805 1428 1861 tormentis
1444 1805 1501 1860 sita
1513 1824 1520 1872 ;

854 1894 913 1952 Sed
928 1894 1057 1951 admiror
1071 1892 1219 1967 quomodo
1233 1907 1411 1965 perseveras
1426 1893 1476 1962 ita,

854 1984 891 2040 Et
905 1984 984 2056 quod
999 1998 1053 2040 cor
1067 1998 1127 2042 non
1141 1982 1287 2055 rumpitur
1298 1981 1478 2039 abscedente
1491 1981 1560 2039 vita.

889 2072 913 2129 0
927 2088 993 2129 mea
1007 2069 1131 2129 fiducia!
1147 2072 1296 2144 deprecor
1308 2076 1341 2129 ut
1354 2070 1441 2139 velia,

854 2161 957 2218 Statim
971 2176 1018 2217 me
1032 2162 1191 2234 perfodere
1205 2164 1263 2218 tuae
1277 2176 1374 2233 poenae
1387 2160 1467 2232 telis,

855 2251 913 2310 Fae
927 2254 958 2306 ut
971 2249 1025 2308 tibi
1036 2249 1151 2323 jugiter
1165 2264 1273 2306 servus
1289 2249 1347 2304 sim
1360 2247 1468 2319 tidelis,

855 2339 890 2395 Et
905 2354 1000 2395 meam
1015 2339 1168 2395 Dominam
1182 2337 1304 2394 adorem
1316 2337 1347 2394 in
1362 2336 1457 2393 coelis.

890 2427 995 2500 equis
1012 2428 1077 2484 sine
1092 2428 1231 2500 lacrymis
1245 2429 1344 2496 potest
1358 2427 1422 2482 baec
1437 2438 1564 2497 pensare

855 2518 909 2573 Tot
923 2516 1049 2573 sufferre
1064 2516 1167 2590 gravia
1186 2515 1240 2571 Dei
1255 2514 1398 2584 Salutare,

856 2607 998 2678 itancque
1013 2605 1137 2661 Matrem
1152 2604 1305 2677 Virginem
1318 2606 1377 2660 tam
1392 2602 1515 2660 multum
1529 2603 1658 2674 plorare,

855 2695 1040 2768 Sanctosque
1055 2694 1207 2766 apostolos
1221 2692 1314 2748 multa
1327 2693 1477 2750 toleraret

891 2785 1021 2840 ioannes
1035 2783 1179 2855 apostole,
1196 2785 1248 2855 qui
1261 2783 1319 2839 ista
1333 2781 1445 2851 vidisti,

855 2873 1048 2944 videndoque
1062 2873 1163 2928 intime
1180 2871 1341 2929 condolens
1357 2870 1478 2939 flevisti,

817 2950 842 3010 C
856 2962 956 3018 Fletus
972 2961 1044 3016 mihi
1058 2961 1192 3032 impetra,
1208 2962 1390 3032 vulneraque
1405 2959 1525 3021 Christi,

856 3051 932 3105 luva
946 3066 1003 3119 me,
1020 3066 1086 3104 cum
1101 3049 1224 3116 videris,
1241 3051 1309 3104 ante
1323 3048 1428 3104 iesum
1442 3047 1520 3103 sisti.

891 3139 913 3192 F
928 3139 1052 3193 amatrix
1068 3138 1194 3207 Domini,
1210 3135 1459 3209 piaMagdaiena,

855 3230 947 3292 Quem
962 3228 1062 3282 vidisti
1076 3228 1189 3298 perpeti
1204 3226 1295 3282 multo
1309 3225 1391 3281 luctu
1404 3222 1501 3296 plena,

855 3320 926 3372 Peto
941 3332 994 3387 pro
1008 3316 1171 3386 multiplici,
1189 3331 1278 3388 quam
1291 3317 1323 3372 tu
1339 3314 1435 3384 vides,
1450 3329 1547 3385 poena,

856 3407 928 3460 Mihi
943 3406 1040 3461 luctus
1057 3405 1166 3476 obtine,
1183 3407 1211 3460 et
1225 3405 1285 3476 poli
1300 3419 1424 3459 amaena.

890 3494 1051 3564 Dreliquoa
1068 3496 1178 3547 sanotae
1194 3492 1322 3561 femina,
1340 3490 1447 3564 sigula
1462 3491 1575 3558 Martae,

855 3584 926 3646 Quae
942 3581 1060 3637 vidistis
1075 3581 1177 3653 gravia
1193 3584 1337 3637 tormenta
1351 3580 1484 3649 Messias,

856 3669 913 3722 Pro
929 3685 975 3723 me
990 3684 1096 3740 preces
1112 3668 1224 3725 fundite
1239 3684 1359 3740 semper
1373 3668 1449 3740 proli
1463 3669 1531 3739 pira,

857 3757 895 3811 Ut
910 3758 1026 3813 salvum
1041 3773 1088 3813 me
1103 3758 1191 3815 iaciat
1205 3760 1235 3814 in
1249 3761 1381 3814 extrema
1396 3759 1454 3814 die.

893 3846 950 3902 Per
965 3846 1085 3918 Christi,
1102 3847 1208 3918 adjuro
1223 3863 1289 3915 vos,
1305 3847 1429 3903 vulnera
1445 3850 1576 3916 cruenta,

893 3939 950 3992 Pro
965 3936 1075 4008 quibus
1091 3936 1283 3991 moestissima
1299 3936 1425 3991 dedistis
1441 3935 1577 4004 lamenta,

859 4027 963 4080 iuvate
978 4025 1010 4079 ut
1024 4038 1162 4092 spernam
1178 4023 1275 4077 hostis
1290 4025 1479 4091 tentamenta,

860 4109 896 4168 m
911 4116 941 4167 ut
956 4127 1015 4168 non
1030 4113 1193 4166 sustineam
1209 4115 1317 4165 aeterua
1332 4112 1487 4164 tormenta.

817 4195 842 4254 D
894 4201 980 4257 Nunc
995 4198 1136 4255 allecturus
1152 4200 1268 4254 animus
1283 4199 1480 4268 laerymarum
1494 4197 1620 4267 fructus,

860 4289 969 4345 lterum
987 4288 1024 4342 ad
1040 4288 1196 4343 Dominum
1210 4289 1288 4342 totus
1304 4287 1343 4341 sit
1358 4286 1510 4356 reductus,

861 4382 957 4449 Nunc,
972 4393 1052 4435 nunc
1067 4377 1114 4447 pia
1128 4376 1226 4430 anima
1241 4375 1296 4429 ilas
1311 4390 1395 4445 aquae
1411 4374 1527 4435 duetus.

862 4469 974 4526 Dehine
988 4470 1047 4525 tota
1062 4466 1089 4522 si
1103 4466 1215 4535 valeas,
1231 4465 1381 4535 liquescas
1396 4465 1427 4518 in
1441 4464 1551 4532 luctus,

897 4560 1013 4631 Specta,
1031 4560 1133 4627 specta
1147 4557 1248 4611 intime
1262 4555 1366 4610 iesum
1379 4552 1530 4626 ejulando,

861 4649 1099 4720 circumquaque
1113 4645 1237 4701 vulnera
1252 4643 1371 4716 singula
1386 4643 1556 4705 scrutando.

862 4738 994 4806 Qualiter
1009 4737 1131 4810 gravata
1146 4735 1206 4790 sint
1219 4735 1268 4805 pie
1282 4732 1471 4803 explorando,

863 4829 898 4884 Et
913 4825 983 4899 quid
997 4825 1081 4896 pravi
1095 4823 1228 4879 iecerunt
1242 4836 1361 4876 crucem
1375 4818 1539 4874 exaltando.

898 4914 986 4987 Ecca,
1002 4929 1072 4969 eece
1087 4911 1203 4969 elevant
1216 4907 1337 4982 signum
1351 4907 1540 4973 nominatum,

863 5004 974 5076 Spiritu
989 5002 1162 5074 prophetico
1176 4999 1260 5071 prius
1274 4998 1499 5070 praesignatum,

863 5093 980 5162 lesum,
995 5106 1099 5147 verum
1114 5088 1274 5157 bominem,
1291 5087 1395 5153 Deum,
1411 5085 1465 5140 Dei
1478 5088 1589 5156 netum,

864 5183 897 5238 lu
910 5181 992 5253 ligno
1007 5179 1175 5236 arctissima
1190 5180 1310 5232 tensum
1324 5177 1352 5231 et
1367 5174 1522 5231 clavatum.

901 5271 1040 5338 Gemens,
1057 5283 1156 5337 cerne,
1172 5266 1278 5335 anima,
1294 5279 1414 5321 crucem
1427 5264 1580 5337 erigentes

867 5359 998 5416 Tandem
1013 5372 1081 5413 cum
1094 5356 1205 5426 impetu
1219 5353 1310 5410 nimio
1326 5352 1472 5425 figentes:

868 5445 1110 5519 Heu,⁸disjuneta
1126 5443 1259 5516 graviter
1272 5441 1404 5498 membre
1419 5439 1603 5510 collidentes,

1527 5677 1563 5731 20

1686 5720 1733 5758 A
