3900 6112
474 311 744 386 resederunt
757 310 957 384 victuale
975 318 1020 382 111
1040 317 1178 381 PAPAE.
1639 316 1698 382 946

87 535 109 577 e
121 520 308 589 desiderans,
317 534 425 576 everso
437 534 506 574 mox
517 521 615 574 vetera
626 518 783 573 refectorio
796 558 804 587 ,
820 501 849 561 Α
863 517 1092 589 sicquecapituli
1103 517 1197 572 aedem
1206 517 1243 571 ab
1253 517 1385 572 orientali
1394 522 1694 590 partepartransver-

87 608 135 665 die
145 609 307 665 enormiter
321 625 338 663 a
352 608 446 663 latore
462 607 580 678 templo,
593 623 610 661 a
625 606 720 661 fronte
735 621 807 661 vero
863 622 929 661 sum
939 606 1099 675 constituit,
1112 610 1145 660 ut
1157 606 1279 661 interior
1294 605 1549 683 ejus'frontispicii
1565 611 1695 682 angulus

87 712 99 755 o
113 696 289 766 inhaerebat,
306 697 444 768 quodque
461 697 547 750 etiam
563 696 628 765 ipse
643 696 753 750 dudum
762 695 809 748 bis

87 786 237 842 ediverso
252 785 422 854 adauxerat,
438 785 467 837 in
487 784 626 838 ulteriore
645 784 716 838 illud
728 785 809 853 parte

87 875 210 943 claustri,
222 873 308 945 juxta
323 873 517 927 meridianum
532 871 646 926 scilicet
670 871 736 934 atrii
757 886 809 925 ec-

87 963 177 1031 letns,
194 964 335 1017 decorum
349 962 434 1015 valde
450 961 583 1030 satisque
599 975 738 1030 magnum
754 975 808 1014 ex-

87 1094 90 1117 ,
106 1051 296 1122 diversisque
311 1052 403 1104 totum
417 1049 724 1117 coloribuspictorum
739 1047 807 1101 arti-

87 1141 193 1212 ›mpsit,
210 1145 238 1194 et
249 1139 380 1210 laqueari
396 1138 530 1208 apposito
542 1137 688 1204 trabibus,
697 1135 806 1207 tegulis

87 1228 242 1299 roperuit.
259 1228 404 1299 Legivum
417 1241 536 1297 quoque
552 1225 763 1296 perpulchrum
781 1226 809 1277 et

87 1332 110 1373 rs
121 1318 153 1372 in
163 1332 198 1371 eo
211 1314 553 1386 constituit,qnod,valde
563 1314 702 1368 decenter
713 1328 808 1384 gypso

87 1406 249 1476 m,cunctis
265 1404 426 1474 spectabile
442 1403 579 1458 reddidit.
596 1403 690 1473 Cujus
706 1400 808 1455 vidali-

87 1508 143 1550 nus
160 1493 354 1565 longitudinis
373 1492 402 1546 in
413 1491 522 1546 cubitis
535 1491 665 1562 quinqua
677 1494 704 1544 et
714 1505 809 1544 nona-

87 1581 245 1650 xtenditur,
261 1580 382 1636 latitudo
392 1580 422 1634 in
436 1579 533 1634 tribus
549 1583 577 1634 et
591 1579 694 1651 viginti
711 1578 809 1648 porri·

87 1673 112 1726 ³n
126 1669 377 1740 quintodecimum
392 1684 463 1724 vero
483 1668 604 1724 altitudo
621 1667 808 1733 sustollitur;

87 1758 162 1815 mtali
173 1762 256 1829 parte
268 1758 382 1812 hebens
392 1758 575 1829 ingressum,
587 1757 624 1811 ab
636 1755 812 1810 occidentali

87 1847 208 1914 asidam,
225 1850 291 1901 ante
302 1846 532 1917 quamprofccto
546 1844 641 1915 ampla
657 1844 742 1898 valde
758 1844 811 1898 ab·

87 1951 162 1992 ensa
169 1939 385 1990 extransverso
393 1935 524 1989 cernitur
534 1934 701 1988 constituta.
716 1932 810 1986 Habet

862 695 970 766 angulo
985 695 1124 750 exteriori
1132 695 1345 750 titulibasilicae
1357 696 1397 750 sit
1406 711 1569 768 connexus,
1581 699 1695 753 absidia

861 799 931 838 vero
939 785 1033 852 ipsius
1044 784 1233 853 appropriare
1249 784 1421 839 dormitorio
1439 785 1584 840 videatur.
1599 786 1694 857 Cujus

860 872 907 925 vid
917 871 995 925 :isset
1011 873 1115 926 ..Inuus
1131 872 1283 943 longitudo
1300 873 1468 927 cubitorum
1483 874 1697 945 quinquaginta

860 964 888 1014 et
912 961 1011 1030 trium,
1042 960 1161 1015 latitudo
1177 961 1291 1031 viginti,
1318 961 1439 1017 altitudo
1466 965 1563 1016 autem
1586 965 1652 1017 octo
1669 964 1699 1017 et

860 1049 963 1103 decem
977 1048 1112 1118 habetur,
1129 1048 1326 1104 hebetantem
1342 1065 1358 1103 a
1374 1051 1464 1104 latera
1480 1051 1696 1105 unofenestras

859 1139 973 1192 vitreas
991 1137 1235 1208 speciosissimas
1250 1153 1367 1204 novem,
1384 1139 1420 1193 ab
1437 1139 1528 1193 altero
1544 1140 1699 1210 totidem,a

860 1226 1047 1296 frontispicio
1063 1226 1488 1298 aquilonalitrasrotundas,ab
1496 1228 1617 1282 australi
1625 1244 1696 1282 vero

860 1315 935 1369 duas
955 1330 1039 1385 aeque
1061 1316 1219 1383 rotundas,
1245 1314 1376 1385 laqueari
1400 1319 1428 1370 et
1449 1317 1616 1385 pavimento
1641 1331 1696 1370 seu

860 1403 984 1472 picturis
1007 1403 1236 1474 pretiosissimis
1260 1403 1515 1459 sufficientissime
1544 1406 1692 1460 decorata.

861 1492 982 1545 Tantam
1002 1496 1098 1546 autem
1113 1496 1193 1562 tunc,
1210 1508 1276 1546 cum
1292 1493 1348 1546 ista
1363 1491 1594 1562 suffoderentur,
1605 1496 1694 1547 terrae

862 1583 992 1634 motuum
1006 1580 1121 1649 experti
1130 1595 1234 1634 snmus
1246 1580 1454 1652 frequentiam,
1467 1583 1498 1635 ut
1507 1597 1564 1636 uno
1577 1581 1696 1652 quidem

862 1668 908 1722 die
928 1668 1044 1723 vicibus
1056 1668 1158 1723 decem
1168 1671 1195 1722 et
1206 1672 1329 1739 septem,
1341 1685 1394 1739 par
1404 1670 1479 1723 alios
1498 1685 1569 1724 vero
1586 1670 1698 1741 aliquot

862 1757 927 1810 dics
945 1771 1022 1811 nunc
1037 1761 1172 1827 quatuor,
1195 1773 1274 1810 nunc
1293 1757 1421 1827 duobus,
1438 1757 1626 1812 modoetiam
1643 1773 1698 1811 sex

863 1844 910 1899 vel
920 1846 1048 1917 quinque
1056 1845 1215 1914 vicibuS,id
1224 1845 1492 1917 perdiessingulos
1500 1846 1695 1901 sentiremus:

863 1933 941 2003 quod
953 1935 1032 1988 certe
1043 1936 1163 2005 proptor
1174 1935 1343 1989 innumeras
1356 1935 1493 2006 ejusdem
1501 1935 1698 2005 locisepnltn-

87 2025 206 2079 alatere
230 2023 390 2078 meridiano
406 2023 553 2078 fenestras
568 2021 807 2092 quatuordecim,
822 2035 849 2096 Β
864 2037 913 2076 ras
929 2025 999 2076 tunc
1012 2023 1184 2078 necessario
1199 2024 1336 2093 violatas,
1354 2040 1420 2094 quae
1436 2028 1605 2080 sanctorum
1622 2023 1697 2078 forta

87 2112 213 2184 ›ulpitum
228 2114 299 2180 tres,
316 2110 566 2182 aseptentrionali
581 2109 809 2164 veroduastan-
864 2110 1015 2164 hominum
1025 2110 1150 2179 fuerant,
1161 2113 1280 2165 nouabs
1292 2128 1323 2166 re
1339 2113 1504 2183 contigisse
1519 2113 1602 2167 multi
1617 2114 1699 2183 puta-

87 2216 138 2256 uas
155 2216 272 2271 quoque
294 2199 436 2254 rotundas
453 2201 483 2253 in
508 2200 654 2254 frontibus
668 2197 808 2268 singulis,
864 2199 971 2253 vimus.
982 2198 1064 2252 Alias
1081 2214 1152 2252 sane
1164 2200 1237 2254 satis
1255 2216 1322 2277 rapo
1342 2200 1395 2254 boc
1412 2202 1442 2255 iu
1460 2201 1524 2255 loco
1541 2201 1619 2254 solet
1635 2201 1700 2254 ficri

94 2291 171 2344 vitro
186 2293 244 2343 tam
259 2304 449 2360 gypsoqunm
460 2288 580 2358 plumbo
595 2288 752 2358 insigniter
766 2285 810 2339 la-

87 2394 106 2434 s.
123 2378 210 2432 Juxta
225 2377 357 2431 eamdem
371 2392 488 2448 quoque
507 2377 626 2431 domum
642 2376 678 2429 ab
688 2374 812 2429 australi

88 2467 227 2538 equinam
241 2465 507 2535 fratrum,amplam
521 2464 595 2519 satis
607 2468 634 2519 et
646 2463 810 2534 pulchram,

87 2555 144 2611 bus
159 2554 285 2608 invicem
301 2555 444 2608 connexis
461 2553 636 2620 fornicibus
654 2568 730 2623 quos
754 2567 812 2605 una

87 2644 237 2700 reolumna
254 2645 409 2710 sustentet,
428 2643 541 2708 erexit;
559 2643 692 2712 interque
718 2642 812 2711 ipsam

87 2732 230 2800 raterium,
247 2731 361 2803 gradus
375 2734 405 2784 et
431 2730 562 2801 januam,
587 2730 664 2785 unde
687 2745 812 2800 quaeque

87 2821 154 2876 varia
169 2821 198 2873 in
224 2820 300 2874 idom
316 2819 506 2874 refectorium
534 2819 598 2874 sivo
623 2818 812 2874 conferantur

88 2909 247 2977 eferuntur,
274 2908 435 2962 constituit.
464 2907 508 2961 Ex
523 2907 616 2961 altera
630 2923 701 2961 vero
718 2906 813 2976 ipsius

87 3013 119 3052 rae
132 2999 216 3067 parte
234 2997 384 3050 cellarium
407 2997 519 3060 statuit,
535 3012 572 3050 ex
590 3012 648 3066 quo
664 2996 811 3062 videlicet,

863 2290 952 2341 terrae
968 2289 1075 2342 motus.
1086 2287 1195 2340 Verum
1211 2289 1349 2357 quoniam
1369 2288 1476 2359 ingens
1503 2288 1698 2358 praecipitium

864 2375 900 2429 ab
917 2375 1048 2429 interiori
1064 2375 1227 2429 dormitorii
1237 2379 1319 2445 parte
1329 2376 1636 2445 remanserat,erectis
1647 2391 1697 2429 sc-

865 2480 919 2519 cus
943 2463 1075 2517 eamdem
1097 2464 1215 2517 domum
1240 2466 1383 2534 cameris,
1405 2469 1432 2519 ct
1454 2469 1531 2520 terra
1557 2465 1699 2535 saxisque

865 2556 972 2607 caetera
988 2551 1106 2621 replens
1122 2551 1252 2622 injectis,
1270 2553 1397 2624 itemque
1421 2556 1487 2608 ante
1509 2553 1700 2607 refectorium

865 2642 895 2694 in
911 2641 1008 2696 fronte
1023 2640 1161 2695 videlicet
1176 2641 1307 2710 claustri,
1326 2659 1418 2696 curva
1432 2642 1625 2697 nihilominus
1650 2658 1700 2696 ca-

866 2738 951 2784 mera·
969 2729 1129 2784 cisternam
1156 2731 1313 2784 maximam
1335 2730 1496 2800 fabricans,
1522 2733 1561 2786 ita
1583 2732 1701 2785 demum

866 2819 957 2873 totius
973 2818 1095 2872 claustri
1112 2819 1299 2888 superficiem
1320 2820 1503 2890 coaequavit3
1523 2821 1700 2891 moxitaque

866 2922 953 2960 arcus
973 2922 1025 2977 per
1041 2923 1146 2978 gyrum
1162 2907 1409 2961 deambulatorios
1426 2923 1518 2978 super
1532 2911 1648 2962 contum
1673 2909 1702 2959 et

868 2995 1701 3065 decemmarmoreascolumnellasinstituens,claustrum

87 3085 223 3140 electorio
253 3100 340 3155 quam
365 3086 499 3155 coquinae
523 3085 662 3156 quaelibet
688 3082 814 3137 debeant
870 3082 1213 3153 omneinlougitudincm
1223 3083 1386 3137 cubitorum
1396 3083 1549 3137 contumel
1560 3082 1700 3153 quinque,

87 3173 155 3229 varia
165 3173 263 3227 tribui.
276 3173 347 3227 Post
362 3172 427 3227 haec
438 3189 505 3228 cum
518 3172 643 3227 necdum
658 3171 813 3225 sufficiens

830 3134 855 3196 G

869 3171 899 3224 in
910 3171 1090 3225 latitudinem
1104 3186 1174 3224 vero
1184 3170 1312 3241 quinquo
1331 3174 1359 3225 ct
1373 3171 1560 3242 septuaginta
1574 3168 1698 3225 diffudit.

87 3262 94 3316 l
110 3264 220 3317 tantam
236 3261 359 3315 fratrum
372 3262 589 3316 multitudinem
605 3261 726 3315 claustri
743 3274 813 3328 spa·
868 3259 962 3330 Cujus
974 3258 1041 3331 quia
1054 3275 1088 3313 ea
1103 3274 1258 3329 pars,quae
1268 3259 1389 3330 majoris
1404 3260 1538 3314 basilicae
1554 3262 1617 3313 erat
1628 3275 1701 3314 con-

87 3349 278 3420 ideretur,vir
299 3355 378 3404 certe
392 3351 590 3421 magnanimis
602 3354 636 3418 ¹et
647 3349 736 3403 nimis
753 3363 815 3401 rna·
869 3348 960 3420 tigna,
978 3348 1004 3402 si
1019 3348 1136 3402 caeteris
1146 3339 1415 3418 coaequareturnon
1427 3351 1513 3418 aptus
1523 3348 1552 3401 in
1567 3347 1700 3401 eamdem

87 3438 199 3506 iduciaa,
222 3438 427 3492 dormitorium
447 3444 534 3509 atquc
559 3438 732 3507 capitulum,
749 3451 815 3507 quae
868 3436 1022 3491 basilicam
1032 3439 1114 3491 essct
1129 3437 1299 3508 ingressus,
1312 3437 1418 3490 subtus
1428 3437 1496 3491 item
1508 3438 1536 3490 ct
1547 3451 1637 3507 super
1649 3436 1702 3490 de-

86 3523 817 3598 ripscmetmagnovaldesumptuacstudiofabri·
868 3525 1080 3580 ambulatorius
1105 3524 1235 3580 fornices
1251 3523 1337 3594 fecit,
1354 3529 1382 3580 ct
1406 3526 1435 3578 in
1455 3525 1522 3597 ejus
1542 3526 1700 3596 utriusque

87 3617 112 3684 rt,
126 3631 182 3669 nec
198 3630 255 3670 non
266 3619 294 3669 et
309 3618 438 3670 veterem
453 3616 666 3669 infirmantium
685 3615 814 3682 domum,
869 3614 1022 3685 angularis
1037 3629 1218 3668 marmoreos
1235 3615 1469 3685 gradus,quibus
1483 3616 1514 3669 in
1531 3618 1637 3670 caetera
1653 3615 1703 3668 de-

87 3720 154 3777 egro
170 3707 216 3759 est
230 3721 396 3775 aggressus
409 3706 554 3774 evertere,
571 3708 609 3773 et,
622 3703 745 3758 claustri
760 3717 818 3756 am·
870 3704 1705 3776 scanderetur,instituit;adcapitulumquidemquintodo-

87 3794 94 3846 i
105 3794 274 3863 occasione,
284 3793 404 3847 easdem
412 3808 530 3864 quoque
540 3793 643 3847 domos
658 3792 817 3861 ampliores

87 3897 117 3936 a.
134 3882 278 3946 Quoniam
288 3882 380 3953 igitur
394 3883 571 3936 exteriorem
583 3879 746 3935 dormitorii
755 3895 818 3932 mu·

87 3986 166 4039 torro
196 3971 284 4042 longe
313 3970 350 4025 ab
393 3972 486 4025 altaro
518 3971 547 4024 in
575 3985 682 4041 magno
709 3969 817 4022 montis

87 4059 148 4113 ritio
163 4060 309 4114 statuebat
324 4059 450 4130 erigere,
467 4059 596 4129 quinque
616 4073 751 4112 crossam
765 4073 818 4110 cu-

87 4148 235 4202 naceriam
256 4147 284 4201 in
308 4148 496 4201 fundamento
516 4147 652 4201 maximae
673 4144 819 4199 firmitatis

87 4234 280 4306 jaciens,eam
297 4237 327 4290 in
338 4237 532 4290 ducentorum
547 4235 642 4305 spatio
653 4235 819 4288 cubitorum

87 4339 175 4396 ngum
191 4325 329 4393 extendit,
346 4324 374 4378 in
384 4324 534 4378 altitudine
544 4329 640 4378 aulem
656 4324 821 4377 cubilorum

87 4427 107 4466 a
121 4415 228 4481 erexit,
246 4418 371 4483 quatuor
385 4416 413 4466 et
427 4413 531 4484 viginti
556 4413 664 4467 cubitis
680 4413 709 4465 in
723 4412 820 4466 latitu-

87 4516 171 4556 muro
179 4502 313 4556 interiori
322 4502 479 4555 distantem
487 4519 494 4567 5
508 4501 645 4556 habensa
657 4501 820 4554 meridiano

87 4605 101 4642 u
116 4589 263 4644 fenestras
278 4590 391 4658 amplas
407 4590 520 4660 viginti,
534 4590 670 4660 equibus
684 4593 745 4642 tres
762 4605 821 4641 ma-

871 3794 989 3861 cimum,
1006 3808 1023 3846 a
1038 3793 1371 3847 refectorioverotertio
1383 3794 1539 3862 decimum,
1549 3795 1701 3864 totumque

871 3881 901 3934 in
915 3879 1039 3934 circuitu
1061 3883 1088 3933 et
1102 3879 1227 3949 lapideis
1248 3880 1425 3949 pavimentis
1445 3880 1572 3935 bisantei
1587 3881 1704 3935 artificii

872 3968 987 4036 stravit,
1004 3970 1033 4021 et
1046 3966 1388 4037 picturispuleherrimis
1404 3970 1539 4039 compsit.
1556 3968 1636 4023 Nihil
1647 3969 1704 4023 hoc

870 4056 1139 4125 moratuscxplet0‚
1150 4055 1293 4109 solarium
1303 4056 1402 4126 palatii
1418 4056 1510 4128 illius,
1526 4058 1634 4128 quoda
1650 4058 1703 4111 Ri-

872 4145 1108 4213 cheriocoeptum
1123 4144 1187 4213 ipse
1206 4144 1380 4214 perfecerat,
1398 4145 1434 4198 ab
1448 4145 1605 4199 eminentia
1614 4147 1705 4216 priori

872 4235 908 4288 ad
924 4233 1046 4288 claustri
1057 4232 1206 4303 planitiem
1221 4231 1367 4302 deposuit,
1380 4232 1476 4303 adque
1490 4233 1564 4288 inibi
1575 4234 1704 4288 infirmo-

873 4339 937 4376 rum
950 4322 1071 4376 fratrum
1087 4321 1214 4391 quictem
1230 4320 1389 4374 constituit.
1409 4323 1501 4375 Porro
1514 4323 1550 4375 ab
1566 4322 1706 4377 occiden-

872 4412 921 4465 tali
936 4413 1018 4481 parte
1034 4410 1166 4477 claustri,
1184 4408 1268 4479 juxta
1284 4411 1443 4464 cisternam
1466 4409 1603 4467 videlicet
1619 4428 1707 4483 quam

874 4499 1079 4570 praediximus
1088 4498 1191 4552 cellam
1203 4497 1380 4552 novitiorum
1392 4500 1493 4554 ordine
1503 4501 1576 4555 satis
1587 4501 1706 4571 aptavit,

878 4589 908 4641 in
923 4603 980 4659 qua
999 4588 1136 4641 videlicet
1151 4586 1249 4656 iidem,
1269 4587 1356 4657 juxta
1372 4589 1509 4660 regulare
1524 4591 1706 4658 institutum,

102 4678 198 4732 tribus
220 4679 404 4732 columnellis
428 4680 606 4742 ¹marmoreis
636 4678 818 4733 fulciuntur:
835 4680 863 4741 D
879 4680 907 4731 ct
921 4676 1053 4731 meditari
1063 4676 1252 4746 ctquiesccre
1264 4680 1350 4747 atque
1366 4679 1522 4732 comedere
1537 4679 1638 4735 novitii
1651 4679 1709 4748 ipsi

87 4766 207 4821 idelicet
220 4767 325 4820 domus
343 4767 431 4838 longe
448 4767 545 4835 priore
561 4766 694 4836 amplior,
711 4766 823 4820 tirmior

90 4853 200 4923 chrior,
213 4854 348 4909 studiose
359 4855 446 4908 nimis
458 4857 504 4908 est
518 4857 547 4908 et
558 4855 708 4909 labrorum
720 4854 824 4924 peritia

87 4959 131 4998 rus
147 4947 233 5012 tecta,
250 4947 277 4997 et
286 4944 431 5013 pictorum
441 4944 565 4998 artificio
579 4943 730 4998 coloribus
740 4943 825 4996 deco-

87 5031 169 5102 juxta
184 5048 272 5102 qnam
294 5034 391 5102 etiam,
414 5033 443 5085 in
460 5033 595 5086 ulteriori
618 5031 711 5102 capite
731 5030 827 5100 ipsius

87 5121 163 5176 rium
180 5121 303 5175 fratrum
322 5122 495 5190 construxit,
507 5120 831 5191 parvumquidem,eed

87 5214 257 5279 competens
272 5210 500 5282 pulchrumque.

87 5298 227 5370 'igioerpa
238 5298 443 5354 defunctorum
455 5299 687 5370 corpora—llis
698 5298 827 5354 triennio

87 5402 113 5441 er
127 5388 352 5458 consummatis,
369 5391 521 5443 monteme
536 5388 675 5459 vestigio,
692 5388 741 5459 qui
751 5388 828 5442 intra

87 5478 117 5546 rt,
130 5474 704 5549 suffodereaggressusest,perlongum
713 5476 827 5531 scilicet

87 5568 229 5621 scentum
237 5567 266 5621 et
276 5565 415 5637 quinque,
427 5581 480 5637 per
488 5565 578 5620 latum
589 5569 685 5621 autem
698 5566 827 5637 quadra-

88 5657 119 5713 et
132 5668 251 5727 novem,
278 5669 333 5727 per
351 5654 441 5710 altum
466 5670 537 5711 vero
559 5653 678 5711 circiter
696 5657 828 5731 septem;

880 4767 1030 4830 deberent;
1047 4766 1150 4835 sicque
1163 4764 1224 4836 jam
1247 4766 1363 4820 tandem
1380 4766 1498 4838 fratros,
1519 4769 1567 4838 qui
1586 4771 1709 4823 eatenus

880 4857 1021 4924 supertot
1036 4853 1178 4924 operibus
1188 4854 1388 4924 *inquietatiac
1402 4856 1711 4928 molestatiplusquam

880 4943 954 4998 satis
970 4943 1150 5012 exstiterant,
1166 4946 1327 5012 opportuna
1342 4944 1429 4998 simul
1441 4948 1591 4999 etamoena
1601 4944 1710 5016 qdictis

882 5033 1007 5087 statione
1017 5031 1140 5102 locatos,
1157 5033 1252 5086 ordini
1264 5032 1299 5087 do
1317 5036 1426 5087 caetero
1443 5033 1582 5104 regulari,
1603 5038 1710 5105 «quanto

883 5121 1046 5176 ordinatius
1065 5124 1143 5175 tanto
1171 5120 1335 5176 districtius
1364 5136 1482 5190 operam
1513 5122 1583 5177 darc
1606 5125 1711 5193 perdo·

881 5210 950 5265 cuit.

917 5298 971 5352 His
985 5296 1224 5370 igituromnibus
1239 5312 1276 5353 ex
1285 5299 1353 5353 voto
1368 5298 1519 5370 perfectis,
1530 5301 1712 5357 etintoriori-

880 5387 937 5442 bus
953 5386 1075 5441 fratrum
1096 5386 1225 5442 officinis
1246 5387 1466 5458 decentissime,
1484 5393 1514 5444 ut
1539 5396 1711 5462 optaverat,

882 5475 1107 5546 consummatis,
1123 5476 1161 5531 ad
1176 5475 1323 5530 exteriora
1338 5491 1372 5531 se
1383 5476 1573 5534 nibilominus
1590 5480 1715 5536 aedificia

881 5564 1242 5635 monasteriiperllcienda
1250 5564 1377 5639 impiger
1386 5582 1420 5622 ac
1429 5567 1516 5623 fortis
1527 5568 1714 5641 accingitltb

882 5653 1059 5714 occidentali
1071 5655 1164 5734 igitur
1178 5657 1259 5730 parte
1268 5653 1396 5729 primum
1406 5657 1563 5717 maceriam
1579 5656 1715 5714 firmissi·
1747 5658 1757 5727 p
