3908 6112
111 304 173 367 731
416 253 770 369 CONSUETUDINES
793 298 1124 366 CLUNIACENSES.
1141 335 1177 348 -
1193 299 1322 364 LIBER
1340 302 1535 367 TERTIUS.
1776 302 1836 367 ’138
1929 273 1934 278 ⁵

109 503 208 573 sedet,
223 504 252 558 et
262 503 370 559 iratres
385 518 498 573 secum,
515 503 565 575 qui
583 518 685 558 secum
708 505 790 557 erant
805 502 834 555 in
849 500 907 570 via,
920 503 948 555 01
965 495 1033 563 lei
1048 499 1079 554 in
1093 499 1147 555 bae
1163 501 1249 556 domo
1264 503 1313 555 tua
1328 501 1368 556 ita
1381 518 1471 575 agere
1483 503 1684 574 etinjunctum
1700 503 1757 559 sibi
1772 503 1834 559 ofli-

110 591 253 665 siugulos
269 595 413 648 exeuntes
432 593 599 658 osculatur,
617 594 646 647 at
661 593 688 646 si
710 592 803 646 inille
828 591 949 645 dienen
1006 588 1084 643 cium
1099 589 1137 642 ita
1152 589 1359 645 administrare
1381 595 1414 646 ut
1435 594 1464 646 et
1478 592 1529 646 tibi
1553 592 1669 662 placere
1692 593 1787 647 valeat
1806 594 1835 647 et

109 682 168 735 erit
183 683 390 751 opportunum,
408 683 437 735 iu
453 686 596 753 sequente
606 684 674 751 post
690 681 847 750 capitulum
857 679 948 732 simili
1004 677 1158 732 utilitatem
1170 693 1327 734 servorum
1342 680 1835 751 1000οῐ0100001110010000100110-

109 770 200 825 medo
223 771 309 839 lacit,
329 773 358 824 01
382 786 437 841 pro
456 770 523 841 ejus
546 771 673 825 adventu
693 769 802 823 habent
820 766 945 823 100010-
1005 766 1079 820 sime
1094 767 1217 837 expleat,
1234 772 1355 839 propter
1369 770 1448 841 quod
1462 773 1491 826 01
1511 770 1558 824 hie
1579 771 1607 824 et
1620 769 1650 822 10
1662 769 1758 823 tuturo
1774 784 1834 823 00-

108 858 556 930 0100100000001001001010,νο1
566 856 943 930 quodtantumdemvaleat,
1005 856 1071 909 culo
1087 857 1254 911 mercedem
1270 858 1403 913 laborum
1415 874 1537 913 suorum
1552 859 1583 913 iu
1598 858 1747 914 consortio
1763 873 1834 912 san-

109 950 140 1002 01
149 948 344 1020 pigmentum.
362 947 481 1002 Fratres
491 948 541 1019 qui
556 948 585 1000 in
597 947 664 1019 ejus
675 947 785 1001 vadunt
800 944 944 1015 obsequio
1005 945 1243 999 ctorumtuorum
1254 962 1271 1000 a
1282 950 1309 1002 te
1320 947 1455 1017 piissimo
1468 948 1608 1020 largitore
1620 945 1837 1016 percipiat.Per

109 1035 140 1090 in
156 1036 215 1105 via,
228 1035 343 1107 jugiter
358 1036 518 1091 observant
532 1037 562 1090 ut
577 1051 695 1106 semper
706 1036 766 1089 sint
777 1051 844 1088 eum
858 1033 946 1088 111010
1006 1031 1171 1100 Dominum,
1187 1058 1198 1082 ιι
1215 1039 1271 1089 etc.
1294 1034 1415 1100 Quando
1440 1040 1537 1092 autem
1556 1039 1602 1091 est
1621 1034 1834 1105 absolvendus,

112 1125 259 1194 proximo,
275 1140 312 1180 ne
331 1125 488 1196 aliquando
504 1125 548 1179 eis
564 1125 680 1180 eveniat
696 1124 804 1179 deesse
827 1123 945 1194 quando
1005 1120 1091 1175 mittit
1104 1138 1170 1176 cum
1183 1123 1232 1179 illo
1248 1141 1382 1180 versum:
1394 1126 1578 1181 Benedictus
1589 1141 1631 1193 00,
1643 1125 1777 1190 Domine,
1788 1123 1837 1194 qui

113 1211 216 1267 horam
231 1213 392 1285 quamlibet
407 1214 570 1268 cantaverit
585 1213 755 1284 regularem
771 1229 778 1282 3
793 1214 821 1267 et
835 1213 861 1267 si
879 1213 946 1282 quis
1004 1210 1149 1281 adjuvisti
1162 1229 1218 1284 me,
1236 1217 1263 1268 et
1276 1214 1325 1268 tali
1339 1215 1505 1270 absolvitur
1519 1214 1737 1270 benedictione.
1750 1233 1760 1258 a
1775 1212 1836 1266 llo-

117 1316 216 1358 eorum
232 1303 308 1358 torte
321 1318 379 1357 uon
395 1302 572 1368 interfuerit,
588 1306 761 1372 posteonon
772 1318 835 1356 eam
851 1303 947 1355 cantat
1005 1299 1084 1355 mine
1094 1301 1168 1355 lesu
1183 1300 1310 1372 Christe,
1328 1299 1835 1373 00101000001001111001101000111-

119 1391 226 1463 absque
239 1391 358 1446 licentia
367 1390 632 1463 ejusQuotiesper
643 1390 840 1445 ullamvillam
854 1388 947 1461 maio·
1005 1405 1059 1442 cus
1080 1390 1240 1445 retributor
1264 1394 1291 1445 01
1316 1392 1446 1446 clemens
1468 1392 1591 1463 largitor
1614 1391 1730 1459 existis,
1756 1389 1836 1443 hune

123 1495 178 1534 rem
191 1481 371 1551 transierint,
388 1496 425 1536 ex
439 1496 532 1551 more,
552 1497 703 1553 uunquam
724 1480 881 1535 obmittunt
897 1480 945 1533 in·
1004 1478 1146 1533 famulum
1168 1482 1250 1534 tuum
1269 1479 1320 1550 qui
1341 1480 1370 1535 in
1392 1480 1448 1535 hac
1468 1480 1554 1535 domo
1569 1483 1619 1534 tua
1641 1492 1836 1549 nuncusque

126 1568 205 1624 luere
218 1568 372 1639 capellum.
1004 1566 1130 1625 fideliter
1144 1568 1300 1639 laboravit,
1316 1573 1345 1624 et
1357 1570 1409 1625 tibi
1422 1572 1579 1641 servisque
1595 1569 1654 1623 tuis
1669 1566 1834 1622 obediendo

153 1656 206 1712 Sed
227 1659 259 1712 ut
282 1658 379 1712 adhuc
401 1658 520 1713 redeam
542 1659 571 1713 in
596 1660 773 1728 claustrum,
796 1657 875 1712 omni
898 1657 944 1711 die
1003 1655 1170 1727 injunctum
1181 1657 1239 1711 sibi
1249 1659 1277 1712 te
1289 1659 1445 1713 auxiliante
1461 1655 1675 1712 administravit
1690 1654 1834 1722 osticium,

131 1745 264 1801 llominica
286 1747 412 1802 domnus
434 1747 528 1802 abbas
554 1751 671 1804 notatur
693 1763 760 1803 eum
785 1748 886 1818 pueris
909 1747 947 1801 ad
1003 1742 1157 1798 laboribus
1177 1745 1242 1800 suis
1258 1745 1345 1800 solita
1357 1746 1538 1817 benignitate
1553 1744 1701 1813 responde
1720 1746 1749 1797 et
1766 1741 1835 1813 pius

133 1834 280 1890 mandatum
297 1853 304 1902 ;
321 1836 370 1906 qui
387 1837 484 1906 etiam,
501 1838 579 1909 quod
599 1838 649 1891 alii
663 1854 722 1892 nou
739 1838 858 1902 iaciunt,
875 1851 945 1906 pau·
967 1835 1381 1931 Bremuueratorappare3et
1391 1836 1500 1904 praesta
1511 1835 1542 1888 ut
1552 1833 1582 1887 10
1592 1832 1647 1887 hac
1656 1830 1835 1902 domojugi·

134 1924 189 1994 peri,
202 1925 248 1978 cui
264 1923 342 1979 lavat
355 1926 456 1995 pedes,
472 1926 572 1981 tribuit
586 1927 662 1981 duos
674 1927 824 1994 denariae,
837 1928 864 1979 et
875 1940 945 1995 pue·
1003 1922 1049 1976 ter
1063 1925 1242 1993 permaneat,
1251 1926 1279 1979 et
1289 1924 1458 1978 mercedem
1468 1923 1603 1977 laborum
1615 1936 1738 1976 suorum
1748 1922 1777 1974 01
1786 1919 1835 1974 hie

134 2013 166 2067 ris
178 2014 271 2068 tribuit
285 2016 318 2067 ut
329 2030 382 2084 per
396 2014 481 2085 ipses
496 2016 678 2086 pauperibus
693 2015 872 2070 tribuantur.
890 2013 946 2069 Eo·
1004 2013 1032 2066 et
1046 2011 1076 2065 iu
1089 2012 1281 2068 retributione
1298 2013 1478 2084 justoruma
1495 2015 1522 2066 te
1541 2011 1694 2082 percipiat,
1711 2007 1835 2080 largito-

134 2101 246 2157 rumdem
261 2118 420 2172 puerorum
432 2104 776 2176 confessionemquoties
791 2103 880 2159 luerit
895 2119 945 2158 re·
1003 2115 1125 2171 remque
1138 2103 1268 2156 omnium
1282 2101 1428 2157 bonorum
1445 2103 1474 2156 te
1492 2116 1562 2156 esse
1583 2099 1759 2171 plenissima
1777 2096 1835 2152 flde

135 2192 265 2261 cepturus,
280 2193 423 2264 magister
437 2193 554 2249 illerum
570 2193 689 2248 adducit
708 2193 777 2248 illos
800 2207 894 2264 usque
910 2192 946 2247 ad
1004 2205 1063 2244 uon
1074 2189 1195 2246 dubitet.
1212 2214 1223 2238 a

135 2278 263 2335 introitum
272 2281 401 2352 capituli,
410 2283 438 2336 01
448 2281 558 2336 ibidem
571 2283 723 2352 exspectat
731 2282 890 2337 redituros.
901 2282 947 2336 Ad
1039 2278 1084 2332 Ab
1098 2279 1170 2334 hora
1181 2281 1277 2334 autem
1289 2277 1482 2334 ordinationis
1496 2294 1570 2346 suae,
1579 2280 1646 2347 post
1656 2277 1690 2330 D.
1699 2275 1835 2330 abbatem

136 2369 269 2439 coquinam
282 2385 350 2424 cum
364 2373 481 2425 notatus
498 2370 600 2439 luerit,
622 2388 689 2427 cum
712 2371 784 2426 olias
809 2387 867 2426 non
887 2371 948 2425 sint
1004 2367 1040 2422 de
1055 2368 1193 2424 omnibus
1206 2368 1297 2424 rebus
1309 2371 1337 2423 et
1358 2369 1469 2438 causis,
1488 2384 1554 2438 quae
1570 2367 1607 2421 ad
1620 2364 1835 2421 monasterium

136 2456 320 2529 nisiquatuor,
336 2458 755 2531 ipsequintussoletesse.Ad
767 2461 841 2514 duas
853 2459 947 2530 septi·
1002 2458 1159 2527 pertinent,
1176 2459 1204 2511 et
1224 2458 1428 2528 spiritualibus
1451 2461 1480 2512 01
1499 2455 1712 2526 temporalibus
1729 2469 1763 2509 se
1787 2453 1834 2509 10-

136 2560 217 2602 nanas
231 2549 262 2602 in
276 2563 363 2616 auno,
381 2548 408 2602 si
423 2551 471 2603 est
489 2564 626 2618 praesens
650 2551 678 2604 et
697 2548 871 2617 incolumis,
887 2563 947 2602 non
1003 2546 1145 2600 tramittit.
1175 2534 1323 2617 Quotquot
1348 2549 1417 2601 sunt
1441 2546 1491 2617 qui
1518 2546 1607 2600 ullam
1634 2545 1744 2599 babent
1765 2544 1835 2598 cbe-

135 2633 193 2690 alius
204 2652 333 2707 unquam
345 2636 381 2691 ad
397 2637 540 2709 majorem
559 2637 681 2692 missam
697 2653 786 2708 quam
798 2636 846 2710 ille
862 2639 947 2691 nota·
1005 2633 1153 2689 dientiam.
1166 2636 1202 2689 ad
1216 2651 1283 2691 eum
1295 2636 1461 2706 respiciunt
1474 2651 1576 2690 omnes
1589 2650 1596 2706 3
1610 2636 1639 2689 et
1651 2634 1677 2689 si
1691 2633 1749 2688 tale
1764 2632 1835 2704 quid

136 2725 183 2795 tur,
203 2725 231 2780 id
256 2728 320 2794 est,
346 2726 507 2780 Dominicae
533 2727 764 2781 resurrectionis
790 2728 817 2780 ct
844 2725 947 2780 Pente·
1004 2724 1186 2794 praecipuum
1202 2726 1295 2780 acturi
1315 2728 1393 2796 sunt,
1414 2740 1599 2796 nequaquam
1625 2725 1716 2794 agunt
1731 2737 1835 2776 omnes

135 2815 270 2883 00010ος10
284 2815 395 2887 quibus
409 2818 506 2869 tamen
522 2815 598 2870 alius
614 2814 757 2870 sacerdos
773 2816 894 2870 cantore
905 2814 948 2866 in·
1005 2811 1118 2883 absque
1130 2814 1255 2868 concilio
1271 2813 1337 2885 ejus
1353 2817 1381 2869 et
1395 2817 1476 2870 nutu.
1494 2814 1525 2868 ln
1539 2813 1629 2868 choro
1644 2813 1766 2867 sinistro
1778 2813 1836 2865 stat

134 2899 259 2975 jungente
274 2904 409 2959 dicturus
424 2907 470 2958 est
483 2904 573 2958 boras
590 2904 753 2976 regulares,
764 2906 949 2975 praeterves·
1005 2917 1175 2972 supremus,
1193 2904 1221 2957 ct
1241 2904 1270 2956 in
1291 2903 1449 2958 refectorio
1469 2903 1504 2957 ad
1518 2917 1687 2972 supremam
1701 2914 1835 2955 mensam

134 2992 948 3062 parsetmatutinaslaudes,etinresectoriodatmnsest
1005 3005 1071 3061 quae
1087 2994 1133 3044 est
1149 2991 1186 3045 ad
1210 2990 1358 3046 dexteram
1379 2992 1412 3046 D.
1437 2991 1572 3056 abbatis;
1597 2992 1625 3044 et
1650 2991 1677 3044 si
1701 2989 1750 3044 ille
1776 3003 1836 3041 000

138 3076 376 3151 benedictionem,
392 3083 442 3153 qui
457 3083 527 3136 etin
541 3081 599 3136 11110
612 3082 771 3152 praecipuis
795 3081 900 3136 diebus
913 3080 950 3135 ad
1004 3080 1107 3149 aderit,
1125 3080 1209 3134 sedet
1229 3079 1260 3133 10
1281 3080 1349 3151 ejus
1370 3081 1451 3135 sede.
1466 3080 1524 3135 Sed
1537 3081 1622 3134 extra
1644 3076 1835 3132 relectorium

135 3169 260 3225 canticum
275 3169 430 3242 Evangelii
444 3184 503 3226 000
521 3171 625 3225 viliore
640 3186 729 3242 quam
752 3171 878 3225 domnus
902 3171 951 3224 ab·
1004 3168 1077 3222 nulli
1090 3169 1256 3224 mortalium
1268 3169 1336 3223 licet
1346 3169 1373 3223 ei
1384 3169 1544 3240 quidquam
1555 3168 1680 3223 mittere.
1691 3166 1724 3220 lu
1739 3164 1836 3219 relec-

134 3254 175 3311 100
188 3260 320 3328 vestitur,
338 3263 367 3313 01
384 3275 450 3314 eum
466 3274 501 3314 00
524 3259 612 3314 simul
633 3260 734 3314 altaria
755 3260 900 3330 ineenset,
922 3262 950 3314 01
969 3220 1080 3311 ctorio
1097 3256 1144 3311 cui
1156 3257 1291 3326 voluerit,
1306 3260 1333 3311 et
1349 3257 1419 3328 quid
1441 3256 1577 3324 voluerit,
1600 3253 1696 3309 mittit.
1717 3253 1749 3308 Si
1772 3266 1835 3322 per·

134 3345 326 3403 collectaneum
350 3351 446 3403 100001
467 3349 504 3403 ad
528 3347 596 3420 ejus
621 3349 808 3419 obsequium.
833 3348 949 3403 Natalis
1004 3347 1115 3401 rexerit
1143 3347 1180 3400 ed
1214 3345 1398 3400 obedientias
1434 3360 1502 3415 quoe
1531 3347 1599 3398 sunt
1630 3357 1722 3413 prope
1750 3342 1779 3395 et
1805 3339 1836 3394 in

135 3431 240 3506 1100101,
257 3441 286 3491 01
299 3437 411 3492 Natalis
425 3441 596 3492 sanctorum
612 3439 815 3508 apostolorum
830 3438 910 3493 Petri
922 3439 950 3493 01
1005 3435 1138 3505 01000110,
1151 3436 1230 3489 (10011
1244 3450 1345 3489 secum
1359 3435 1434 3488 duos
1448 3434 1555 3488 iratres
1570 3434 1599 3486 et
1608 3446 1699 3486 unum
1712 3429 1835 3502 sagina-

136 3521 209 3592 Pauli,
224 3527 398 3596 assumptio
412 3527 444 3580 B.
461 3527 573 3597 Mariae,
588 3528 657 3599 quia
672 3543 731 3581 nou
748 3527 844 3598 magis
859 3528 889 3581 in
902 3527 948 3582 die
1004 3524 1100 3578 rium:
1124 3524 1151 3579 si
1174 3524 1309 3596 longius,
1335 3522 1418 3577 verbi
1443 3523 1554 3594 gratia,
1579 3521 1609 3575 in
1636 3517 1834 3589 provinciam,

137 3609 267 3669 Dominica
279 3632 367 3686 quam
379 3615 949 3685 100111000000011,1000(10(000001)1)00
1004 3613 1080 3667 duos
1094 3614 1280 3685 saginarioS,
1305 3616 1333 3667 et
1353 3615 1414 3666 tres
1435 3611 1558 3681 tratres,
1574 3625 1612 3664 ex
1630 3609 1741 3680 quibus
1757 3622 1834 3662 unus

139 3715 183 3755 nan
195 3707 308 3758 notatur
320 3705 356 3758 ad
372 3706 575 3775 septimanam,
591 3705 645 3759 sed
657 3704 785 3759 adsolos
801 3704 868 3757 illos
885 3704 950 3758 dies
1004 3703 1156 3773 estsuper
1173 3701 1241 3773 ejus
1263 3702 1390 3756 famulos
1408 3704 1436 3756 et
1451 3716 1543 3770 super
1563 3698 1731 3754 sarcinulas
1755 3696 1833 3768 ejus,

139 3791 271 3865 utriusque
295 3791 479 3848 festivitatis.
503 3791 650 3864 Quotquot
674 3793 759 3848 etiam
783 3808 837 3863 per
859 3796 949 3846 totum
1004 3793 1033 3845 et
1044 3792 1252 3846 vestimentum
1268 3790 1452 3845 sacerdotale
1465 3806 1532 3844 cum
1545 3804 1603 3859 quo
1619 3788 1659 3842 sit
1673 3788 1834 3859 argenteus

141 3891 226 3935 annam
240 3880 354 3952 majora
377 3886 447 3936 sunt
462 3881 553 3951 festa,
571 3883 598 3936 si
613 3882 742 3953 potuerit
763 3887 791 3936 et
808 3882 949 3949 voluerit,
1004 3879 1091 3935 calix.
1108 3879 1242 3945 Quandiu
1256 3883 1353 3934 autem
1367 3879 1497 3934 fueritin
1511 3878 1719 3947 claustro,nec
1735 3876 1834 3946 capel-

143 3968 216 4025 anto
227 3970 350 4026 missam
365 3970 518 4042 majorem,
536 3986 620 4040 vesp.
638 3973 666 4025 et
681 3973 781 4024 matut.
798 3970 911 4024 laudes.
1003 3967 1103 4022 lanum
1119 3967 1217 4038 habet,
1241 3983 1295 4022 nec
1316 3967 1525 4022 vestimentum
1541 3966 1621 4020 aliud
1642 3966 1677 4019 ad
1697 3967 1832 4030 missam,

433 4058 559 4114 CAPUT
579 4059 627 4113 lV.
1004 4072 1091 4127 quam
1107 4059 1135 4111 et
1154 4056 1277 4127 quilibet
1291 4058 1367 4111 alius
1391 4056 1492 4125 trater,
1509 4071 1564 4111 nee
1581 4054 1688 4126 aliquid
1712 4055 1835 4124 privatae

383 4147 427 4203 Dc
439 4149 544 4219 priore
558 4147 680 4219 majore.
1003 4147 1148 4216 pecuniae.
1164 4143 1285 4209 Quando
1298 4145 1410 4200 deteris
1423 4144 1511 4200 tuerit
1525 4159 1678 4210 reversus,
1692 4143 1835 4214 quidquid

168 4230 272 4297 Quando
295 4237 378 4307 prior
400 4239 446 4291 est
469 4236 660 4305 ordinandus,
686 4238 780 4308 primo
806 4235 949 4291 Dominus
1003 4233 1175 4306 hujusmodi
1188 4236 1330 4304 apportat,
1352 4237 1443 4288 totum
1469 4231 1632 4288 camerario
1653 4230 1759 4300 reddit,
1778 4246 1835 4285 000

144 4316 213 4378 abbas
228 4326 315 4381 habet
324 4326 391 4381 inde
401 4325 557 4381 consilium
570 4342 636 4380 cum
646 4327 815 4381 senioribus
829 4340 951 4397 congre·
1002 4323 1101 4378 minus
1117 4322 1214 4378 abillo
1228 4322 1332 4393 recipit
1343 4321 1487 4393 quidquid
1502 4321 1638 4376 habuerit
1649 4334 1734 4389 opus.
1750 4318 1835 4384 Quod

144 4410 261 4484 ationis
272 4419 376 4485 postea
387 4415 477 4469 refert
485 4416 659 4470 sententiam
674 4430 758 4468 snam
772 4415 801 4467 iu
811 4414 949 4483 capitulo,
1002 4414 1068 4468 ideo
1082 4429 1098 4467 0
1114 4413 1227 4468 uostris
1242 4412 1376 4483 patribus
1392 4413 1553 4482 praecatum
1569 4413 1624 4475 est,
1641 4426 1678 4464 ne
1692 4410 1742 4463 illa
1758 4409 1835 4462 mala

144 4498 165 4547 ti
175 4505 238 4570 quod
252 4505 312 4559 sibi
327 4504 443 4558 videtur
457 4504 577 4559 laudant
588 4502 803 4567 omnesQuem
814 4503 948 4574 elegerit,
1002 4504 1096 4573 pestis
1122 4502 1331 4573 proprietatis,
1350 4503 1378 4557 01
1401 4501 1568 4570 praesertim
1584 4498 1738 4554 monachis
1761 4496 1834 4551 adeo

145 4584 164 4636 Si
174 4593 245 4662 sapit,
261 4593 377 4647 veniam
391 4593 471 4662 petit,
484 4594 607 4647 excusat
623 4608 656 4645 se
670 4593 706 4646 ad
720 4607 827 4646 munus
844 4590 950 4662 hujus·
964 4574 1180 4662 Dpariculosa,
1197 4591 1296 4661 aliquo
1310 4590 1396 4644 modo
1412 4588 1689 4658 subrepat.'Verum
1705 4602 1771 4641 eum
1783 4601 1837 4655 per

144 4677 270 4737 Ι11011000
287 4682 424 4736 idoneum
440 4697 518 4735 esse.
544 4682 589 4735 Ad
609 4681 742 4735 ultimum
766 4681 790 4734 si
812 4680 900 4750 jussa
923 4684 952 4734 et
1005 4681 1111 4749 omnia,
1123 4685 1153 4734 ut
1166 4680 1356 4750 proemissum
1369 4683 1424 4748 est,
1437 4678 1535 4733 vicem
1545 4678 1652 4733 babeat
1665 4677 1699 4731 Ι).
1707 4674 1834 4742 abbatis,

142 4757 349 4834 interseruerit
364 4770 540 4839 obedientia,
553 4785 611 4823 000
624 4768 782 4824 aliudtacit
798 4785 886 4838 quam
902 4769 950 4822 10-
1005 4770 1130 4824 maxime
1156 4769 1300 4838 absentis,
1316 4768 1418 4823 neseio
1435 4768 1512 4822 unde
1528 4765 1693 4838 contigerit,
1711 4763 1790 4835 quod
1804 4763 1834 4817 in

144 4849 221 4927 clinat3
234 4859 317 4914 sedet
328 4858 364 4912 ad
378 4858 531 4913 sinistram
542 4859 651 4912 domini
664 4857 869 4912 abbatisCum
881 4874 950 4912 sur·
1003 4858 1066 4912 sola
1080 4856 1207 4911 ccclesia
1220 4855 1318 4910 amisit
1334 4871 1408 4925 eam,
1424 4855 1463 4909 110
1483 4859 1514 4910 01
1528 4869 1585 4927 ego
1606 4853 1732 4908 viderim
1755 4851 1834 4923 qued

143 4948 249 5002 rexerint
263 4949 300 5002 de
316 4946 452 5016 capitulo,
470 4950 539 5002 0001
555 4963 620 5001 cum
636 4946 799 5017 psalmodia
819 4946 905 5001 solita
919 4946 949 5000 in
1002 4951 1171 5017 praecentor
1184 4949 1212 5000 et
1227 4944 1374 4999 armarius
1398 4945 1523 5000 necdum
1538 4943 1657 5014 quidem
1676 4940 1834 4995 admodum

139 5033 274 5090 ecclesiam
282 5036 440 5106 majorem:
454 5035 504 5089 ubi
519 5035 780 5106 novuspriorante
789 5034 858 5089 facit
869 5038 897 5090 et
906 5051 949 5090 re·
1005 5050 1114 5104 senex,
1132 5034 1336 5089 duodecimam
1353 5033 1487 5088 babuerit
1505 5032 1677 5098 lectionem,
1701 5033 1730 5085 et
1753 5029 1835 5101 prior

137 5118 524 5192 tn,buncversumdicend0
537 5127 593 5179 ter:
611 5125 742 5194 1100010
759 5123 946 5195 adjutorium,
1004 5127 1147 5180 octavam.
1172 5122 1256 5188 Quod
1283 5123 1335 5194 qui
1360 5123 1486 5178 voluerit
1514 5122 1626 5192 laudet,
1647 5136 1664 5175 0
1690 5118 1834 5190 parvitate

135 5213 155 5264 et
165 5214 238 5268 totus
251 5216 417 5267 cenventus
437 5211 574 5267 similiter
589 5214 759 5284 respondet.
776 5213 830 5267 Dat
845 5212 871 5267 ei
885 5213 949 5283 ipse
1003 5214 1101 5269 adbuc
1115 5227 1180 5266 mea
1194 5212 1350 5284 ignoratur
1368 5211 1515 5282 quomode
1534 5211 1573 5266 sit
1588 5211 1710 5282 dignum
1726 5206 1833 5264 01100-

132 5296 949 5372 llabbashancbenedictionem:«Tuam,elementissime
1003 5302 1098 5358 detur.

127 5386 220 5460 Pater,
241 5390 482 5461 omnipotentiam
508 5391 660 5462 supplices
685 5392 895 5461 deprecamur,
919 5392 951 5445 ut
1327 5386 1452 5443 CAPUT
1472 5387 1507 5442 V.

123 5477 271 5534 intendere
279 5478 414 5551 digneris
424 5495 514 5550 super
524 5479 602 5534 hune
613 5480 753 5534 famulum
762 5484 950 5552 tuum,quem
1074 5479 1117 5534 De
1133 5477 1256 5533 decanis
1270 5476 1319 5548 qni
1333 5483 1400 5530 sunt
1426 5475 1562 5531 villarum
1573 5476 1760 5548 provisores.

120 5572 166 5626 tuo
176 5583 393 5639 servorumque
403 5572 521 5623 tuorum
532 5569 654 5623 servitio
669 5570 950 5640 mancipamus,spi·
1036 5568 1110 5641 Ejus
1133 5569 1228 5621 autem
1248 5564 1428 5636 suffraganei
1450 5567 1488 5621 ad
1511 5565 1683 5637 temporalia
1704 5566 1774 5620 sunt
1788 5564 1832 5618 illi

118 5657 861 5729 011000000100110,0110101100100(110000110010000,’
873 5659 948 5716 dena
1001 5659 1110 5717 fratres
1129 5657 1264 5729 quisunt
1285 5654 1422 5711 villarum
1443 5657 1626 5729 provisores,
1650 5658 1679 5711 et
1690 5669 1766 5727 quos
1778 5666 1832 5723 pro
