3900 6112
177 204 235 268 DE
244 206 385 271 REBUS
407 206 553 269 GESTIS
570 206 788 279 NORMAIN.
804 206 849 275 ld
863 207 1029 286 SICILIA,
1041 210 1131 273 Ero.
1150 248 1187 258 —
1204 214 1282 277 LlB.
1300 217 1355 277 lv.
1539 222 1619 303 10&

81 403 173 457 >taeter
188 416 241 456 sos
260 403 311 473 qui
321 403 448 457 maxima
464 404 539 458 dona
550 403 699 459 tuilssent.
749 391 778 454 Ᾰ
793 405 903 460 Hostes
918 405 1043 477 imperii,
1058 408 1243 464 Basilachius
1259 414 1345 483 atqua
1366 413 1493 470 Biianns
1508 415 1582 489 (100)

81 488 147 544 tiam
161 493 275 560 turpes,
290 493 317 544 et
338 494 424 561 turpe
439 492 541 546 subire
630 565 633 570 Ι
793 493 930 564 lusignes
942 493 1049 564 Graeci,
1066 495 1153 551 bellis
1173 499 1337 570 opibusque
1353 504 1497 574 potentes,
1574 498 1577 502 ’

81 576 195 633 iterium
210 577 277 648 (95),
295 578 384 632 vitam
400 580 525 633 ducebat
541 580 680 651 Iniquum,
793 580 857 634 Hoc
872 582 947 635 duce
962 586 1031 637 sunt
1046 583 1125 654 victi,
1141 586 1246 640 victori
1261 590 1353 643 cessit
1366 592 1490 660 uterque
1508 608 1514 647 :

81 704 86 732 ‚
102 665 249 735 moechus,
266 667 416 721 consortia
427 667 506 721 nullu
522 669 691 737 proborum,
792 669 866 723 Num
881 669 939 724 sibi
954 685 1012 725 non
1025 671 1114 744 longa
1124 673 1193 727 dum
1205 677 1479 747 congrederetur-eb
1490 681 1564 736 urbe

81 752 96 806 11
109 755 205 808 coetus
220 752 344 824 collegia
360 769 479 823 semper
493 755 617 810 amabat.
792 756 931 813 Bellando
947 758 1043 813 victus
1067 761 1153 831 cedit,
1171 763 1344 834 capiturque
1357 764 1493 821 Brieuus.

81 838 163 895 rirtus
180 843 274 895 sancti
285 841 432 896 contraria
445 858 529 912 papae
792 845 895 899 Victus
909 846 1033 900 Alexina
1050 849 1142 902 cessit
1156 849 1343 905 Basilachius
1358 868 1446 923 arce;

81 942 158 1001 agno
174 928 403 1000 deponijudicat
417 930 499 984 illum
515 947 521 985 :
791 932 874 987 Alter
887 934 917 986 in
932 933 1052 988 alterius
1069 951 1264 1007 congressum
1280 940 1348 993 dum
1363 950 1545 1012 properaret,

84 1017 202 1071 mandat
220 1018 370 1086 perhiberi
385 1035 438 1073 rex
449 1019 525 1088 apud
542 1019 625 1088 ipsos
790 1019 926 1073 Proxima
942 1023 1039 1075 castra
1059 1022 1105 1077 die
1128 1025 1249 1079 cedente
1264 1026 1399 1081 locantur
1414 1030 1561 1103 utrinque,

81 1105 173 1172 erius,
186 1105 256 1160 totis
272 1109 299 1160 et
309 1107 425 1161 viribus
437 1108 571 1160 obstent:
789 1108 883 1162 Nocte
893 1107 994 1180 lugam
1003 1110 1291 1179 prudenssimulavit
1302 1114 1426 1170 Alexius
1442 1116 1491 1172 illa

101 1191 193 1247 duces
219 1193 414 1265 Guellumque
439 1194 602 1266 ducemque
619 1194 732 1250 Rodul·
788 1195 1051 1267 Castrisdimissis,
1063 1215 1159 1270 neque
1170 1204 1229 1255 tota
1239 1205 1349 1256 remota
1358 1204 1493 1274 supellex

594 1282 694 1355 [pbum
789 1283 864 1355 Ejus
878 1287 948 1355 orat,
956 1286 1090 1355 quaedam
1100 1289 1223 1342 tentoria
1232 1289 1289 1343 fixa
1305 1290 1471 1345 manebant.

81 1368 203 1425 ilenrico
217 1371 297 1426 Petri
317 1387 370 1440 pro
384 1374 466 1440 parte
482 1372 624 1426 resistant
789 1371 860 1426 llaec
876 1371 1000 1426 dimissa
1014 1372 1103 1445 fugae,
1113 1374 1315 1447 jumentaque,
1331 1377 1396 1432 lnce
1412 1381 1548 1450 sequenti

81 1458 160 1514 lmen
175 1458 284 1529 quibus
301 1460 505 1514 insurrexerat
521 1462 604 1514 alter.
787 1458 1024 1529 Effecerefidem,
1037 1462 1205 1533 castrisque
1215 1464 1318 1518 relicta
1334 1466 1491 1536 suppellex

82 1549 146 1602 atur
163 1563 308 1602 concessa
323 1564 431 1602 corona
450 1548 577 1603 liedulfo
593 1547 660 1617 (06).
784 1547 892 1602 Contra
908 1564 941 1602 se
956 1547 1052 1602 nullos
1064 1549 1114 1604 ubi
1128 1550 1201 1604 vidit
1209 1552 1316 1606 adessa
1331 1556 1451 1623 paratus

81 1635 185 1690 onibus
202 1636 291 1690 multo
304 1651 369 1690 cum
386 1636 478 1690 milite
491 1636 604 1707 junctis
785 1636 909 1690 Hostilis
921 1635 1001 1706 belli,
1019 1638 1201 1693 castrissine
1215 1643 1301 1709 genle
1321 1641 1434 1696 relictis

81 1739 127 1778 um
142 1740 225 1794 papae
245 1724 424 1778 venerabilis
440 1724 529 1792 hosti,
743 1724 1019 1814 BCircumquaque
1035 1726 1099 1778 suis
1116 1726 1301 1781 Basilachius
1312 1728 1435 1797 imperat
1449 1730 1503 1799 ire,

91 1813 154 1883 regi
171 1813 306 1866 damnato
324 1814 430 1867 multus
456 1812 587 1867 adhaeret
782 1812 812 1867 Si
828 1828 903 1882 quos
915 1813 1064 1882 excipiunt
1074 1812 1110 1866 ab
1122 1815 1208 1883 equis
1220 1814 1267 1868 val
1283 1819 1536 1889 genteturnultus,

97 1900 235 1953 recolens
251 1900 397 1971 aliumque
412 1901 551 1955 inducere
568 1899 673 1954 uolens
782 1901 820 1955 Ut
833 1900 891 1954 sibi
911 1900 1071 1954 notificent.
1091 1901 1253 1955 hlussantis
1274 1904 1355 1958 nullo
1371 1906 1504 1961 cohortis

81 2001 180 2059 egn03
197 2004 289 2057 grave
305 1990 337 2042 fit
351 1993 500 2043 certamen
516 1990 654 2058 utrinque
781 1989 856 2057 Vox,
875 1989 972 2042 nullus
985 1989 1077 2058 potuit
1092 2004 1186 2043 sonus
1201 1992 1251 2043 aut
1265 1990 1396 2046 hinnitus
1413 2009 1558 2066 equorum

81 2091 108 2128 m
123 2091 199 2146 gens
215 2079 273 2139 est,
293 2080 321 2130 et
335 2076 439 2131 cedere
455 2077 557 2130 nescia
572 2076 689 2147 magnis
780 2076 904 2145 Audiri3
920 2080 1020 2147 sperat
1031 2076 1217 2132 Basilachius
1229 2080 1324 2132 omnia
1337 2083 1398 2135 tutu

81 2179 95 2217 r
110 2179 162 2229 se;
181 2164 250 2217 hinc
273 2164 454 2236 Lotbaringi,
471 2163 604 2218 Saxones
620 2163 688 2218 inde
779 2164 874 2236 Atque
890 2165 953 2218 suis
969 2163 1084 2219 hostem
1098 2182 1151 2236 pro
1167 2167 1282 2220 viribus
1297 2169 1521 2238 expavefactum

81 2250 166 2319 liunt,
181 2252 303 2306 alternis
319 2253 441 2307 vulnera
456 2253 582 2307 reddunt
778 2251 877 2305 Credit
892 2252 994 2306 inesse
1009 2251 1128 2323 fugam:
1152 2256 1313 2309 caenautem
1330 2257 1448 2325 crapula
1468 2273 1572 2315 senine

87 2355 93 2393 :
107 2341 164 2392 stat
174 2341 300 2410 quisque
314 2340 437 2394 studens
449 2340 567 2394 obstare
576 2339 719 2411 vicissim,
784 2340 944 2411 Aggraval,
958 2341 985 2394 et
996 2339 1104 2393 eastris
1113 2356 1189 2411 gens
1199 2342 1503 2413 totaquietajacebat;

81 2430 135 2481 itur
149 2427 189 2481 ihi
204 2428 323 2499 triginta
338 2444 416 2482 caesa
429 2429 561 2483 virorum
778 2426 910 2481 Callibus
925 2426 1049 2481 occultis
1063 2427 1205 2482 advectus
1222 2428 1346 2484 Alexius
1363 2430 1464 2486 hostes

81 2518 183 2570 neutro
199 2517 306 2586 populo
319 2516 441 2570 cedente
458 2516 632 2586 Rodulphus
778 2515 948 2584 lrrumpcns
962 2515 1059 2569 subito
1075 2516 1252 2587 perterruit3
1276 2517 1333 2588 his,
1351 2518 1417 2590 quin
1439 2521 1535 2574 noctis

81 2601 175 2657 tessus
190 2604 317 2673 populus
332 2603 440 2658 deiecit
455 2608 588 2675 uterque.
777 2602 939 2657 Obstahant
954 2603 1092 2671 tenebre,
1113 2619 1260 2675 nusquam
1276 2605 1340 2659 loca
1352 2609 1412 2661 tuta
1427 2608 1565 2677 patebant
1578 2624 1585 2664 :

81 2693 184 2745 ctorem
200 2695 337 2761 percepta
352 2696 445 2746 morte
461 2693 608 2762 Rodulphi
776 2692 852 2760 Spes
870 2692 916 2765 est
928 2689 1008 2745 nulla
1024 2690 1123 2764 iugae3
1140 2692 1295 2762 cupiuntur
1308 2696 1337 2749 et
1350 2695 1568 2752 interimuntur.

81 2780 201 2848 anricuS,
216 2796 304 2850 quam
320 2782 404 2851 regni
419 2782 617 2852 depositorem
775 2779 830 2832 His
846 2794 937 2849 sopor
950 2780 979 2833 et
992 2779 1054 2833 viui
1069 2779 1189 2835 dederat
1205 2780 1343 2836 vlolentis
1359 2782 1448 2837 multa

81 2883 100 2920 ,θ
115 2867 172 2935 sui,
193 2884 297 2939 papam
312 2869 453 2923 infestare
470 2871 591 2931 laborat.
773 2867 953 2938 Segnitiem3
968 2881 1023 2921 nec
1038 2869 1119 2923 abire
1134 2868 1232 2923 valent
1246 2886 1300 2924 nec
1320 2870 1355 2925 ad
1371 2887 1450 2926 arma
1466 2873 1584 2929 reverti.

83 2970 208 3010 essurus
225 2972 331 3028 magna
347 2962 517 3029 cumgente
534 2960 638 3014 venire
773 2954 897 3008 Lumine
912 2955 1045 3024 privatus
1061 2956 1248 3011 basilachius
1264 2960 1292 3011 et
1306 2957 1358 3015 tibi
1374 2963 1477 3028 eaptus

81 3064 84 3091 1
98 3044 231 3121 prudens
247 3049 395 3113 comperto
412 3062 485 3115 papa
502 3048 634 3102 savorem
730 3086 757 3154 c
772 3044 911 3113 Legatur,
924 3041 997 3095 nihil
1012 3041 1077 3112 ipse
1092 3042 1198 3097 videns
1213 3044 1393 3114 Nicephore,
1408 3046 1564 3118 videndus,

81 3132 201 3201 educis,
219 3137 374 3187 succurrat
390 3137 419 3187 ut
432 3133 497 3202 ipse
512 3134 605 3189 labori
772 3130 898 3200 Imperio
914 3130 1000 3201 cujus
1016 3134 1248 3200 presumpserat
1260 3147 1329 3186 asse
1343 3132 1474 3187 rebellis.

81 3222 173 3273 [arma
185 3235 240 3273 suo
252 3220 406 3289 (97),vires
418 3222 710 3295 etdeprimathoslis‚
770 3220 909 3290 Impiger,
922 3223 950 3273 et
965 3221 1068 3272 cautus
1084 3219 1128 3272 sic
1143 3220 1237 3273 victor
1250 3218 1373 3274 Alexlus
1387 3219 1489 3277 hostes

81 3311 135 3362 tuae
151 3309 310 3363 Beneventi
325 3309 436 3364 foedere
450 3313 535 3379 pacto
768 3308 887 3379 Imperii
902 3306 1010 3361 multos
1025 3305 1116 3361 armis
1141 3309 1292 3378 superavit
1306 3310 1335 3362 st
1349 3312 1420 3362 arte.

81 3398 186 3450 lomam
202 3399 353 3466 remeavit,
371 3397 488 3468 duxque
505 3396 659 3454 Salernum
770 3397 836 3450 Dux
850 3395 977 3450 transire
992 3393 1097 3449 rolens
1121 3409 1212 3464 mare,
1229 3396 1363 3466 praecipit
1377 3412 1456 3450 arma
1469 3399 1578 3471 parapI,

81 3499 120 3553 ee,
136 3483 188 3536 tibi
204 3485 367 3539 construxit
387 3486 416 3538 in
431 3486 507 3539 urhe
523 3486 640 3542 decoris
769 3484 970 3554 Militibusque
986 3482 1051 3537 suis
1066 3497 1100 3537 se
1114 3483 1321 3552 praestolentur
1335 3484 1480 3554 Hydronti

81 3572 140 3641 riri,
157 3573 214 3628 sihi
235 3575 344 3628 nobilis
359 3574 425 3628 aula
440 3577 568 3644 paratur.
768 3573 904 3642 Imperat,
922 3570 1015 3641 aptari
1038 3586 1131 3626 naves
1147 3571 1226 3638 iacit,
1243 3572 1307 3642 ipse
1323 3571 1439 3628 Salerni

81 3664 141 3715 tum
157 3677 266 3732 genero
277 3661 333 3731 (98)
346 3662 479 3732 prolique
495 3662 623 3732 repulsae
769 3661 907 3733 Undique
922 3659 999 3715 dona
1014 3662 1118 3730 petens
1133 3664 1162 3714 et
1177 3659 1380 3731 supplementa
1402 3665 1543 3723 moratur.

81 3750 176 3820 gustis,
195 3767 253 3804 non
269 3749 464 3805 sollicitudine
480 3766 570 3820 parva
768 3749 834 3802 lluc
848 3748 918 3802 illuc
934 3748 1034 3823 apices
1050 3763 1109 3802 non
1123 3763 1248 3803 cessans
1263 3750 1388 3820 mittere,
1405 3765 1508 3809 secum

81 3839 204 3903 ccendit;
219 3841 322 3910 gravis
338 3840 401 3894 haec
413 3839 521 3911 injuria
538 3843 638 3898 multis
768 3835 902 3891 Navibus
919 3835 1039 3889 armatis
1054 3835 1129 3889 ildas
1149 3840 1247 3890 monet
1261 3835 1304 3891 ire
1321 3837 1479 3909 cohortes3

83 3930 130 3980 tur
144 3927 238 3995 duris,
259 3927 333 3982 hane
349 3928 498 3983 desiderat
513 3931 605 3986 ultum
769 3923 919 3977 lnsolitum
936 3922 1035 3977 mullis
1050 3920 1106 3976 iter
1128 3923 1199 3977 illud
1215 3926 1243 3977 et
1258 3938 1326 3978 arce
1341 3923 1420 3995 [acre
1430 3926 1454 3998 l]
1470 3927 1595 4000 videtur,

81 4013 178 4068 uidam
189 4017 273 4087 regni
287 4016 476 4086 Nicephorus
487 4018 546 4088 (99)
561 4019 693 4078 habenas
766 4010 921 4079 Praecipue
937 4008 1046 4081 quibus
1061 4024 1171 4063 uxores
1187 4011 1350 4083 etpignora
1365 4013 1453 4068 chara

81 4118 195 4174 gnavus
211 4105 307 4174 hello3
324 4109 420 4159 tamen
436 4107 592 4177 ingeniosa
768 4099 899 4153 ltlilitiam
924 4098 1020 4166 talem,
1042 4096 1095 4150 sed
1112 4097 1203 4151 verba
1218 4098 1357 4152 minantia
1371 4100 1489 4156 blandis

81 4208 103 4258 1,
120 4196 220 4246 contra
238 4193 344 4247 furtiva
360 4195 490 4264 pericula
506 4200 622 4268 cautus,
767 4189 798 4242 ln
809 4186 945 4242 domibus
959 4185 1073 4240 luerunt
1085 4201 1092 4254 3
1105 4200 1162 4239 non
1177 4200 1316 4240 exercere
1331 4186 1472 4243 volebant

81 4282 162 4332 tuens
178 4280 334 4350 plusquam
350 4283 524 4337 metuendus
540 4284 673 4340 hahetur,
768 4279 833 4332 Dux
848 4275 971 4344 addens,
987 4274 1127 4344 precibus
1141 4275 1251 4329 multos
1265 4289 1426 4344 properare
1440 4277 1549 4353 coegit,

81 4381 146 4437 ceps
162 4372 307 4422 sustentat
320 4369 443 4425 hlexius
458 4371 549 4439 illum,
767 4365 951 4421 Conveniunt
973 4376 1092 4431 omnes,
1108 4362 1186 4416 sicut
1201 4362 1353 4417 mandatur
1368 4362 1522 4436 Hydronti,

81 4470 109 4509 1ο
129 4456 233 4527 vigens
250 4463 277 4511 et
292 4462 432 4514 strenuus
447 4461 549 4528 armis,
727 4423 944 4508 1›Dalmaticas
959 4466 1050 4506 naves
1067 4450 1148 4505 oneri
1164 4450 1223 4504 dux
1238 4451 1320 4522 eligit
1331 4454 1424 4524 aptas,

85 4559 120 4596 us
135 4548 207 4613 arat,
224 4546 372 4618 clarisque
389 4550 563 4617 parentibus
578 4553 671 4608 ortus,
768 4543 884 4598 Auxilio
901 4541 959 4596 sihi
974 4556 1048 4611 quus
1064 4554 1140 4612 gens
1149 4539 1269 4595 miserat
1283 4540 1332 4594 illa
1347 4541 1473 4611 petitas:

81 4647 134 4685 inae
149 4633 250 4700 plnres
267 4637 361 4690 aetatis
376 4636 491 4707 abipso
767 4632 828 4685 llas
844 4631 935 4685 armis
951 4634 978 4684 et
993 4628 1078 4701 equis
1094 4630 1272 4701 sumptuque
1288 4629 1420 4702 virisque
1430 4632 1557 4701 repletas

81 4721 145 4776 tutis
160 4723 301 4791 primaevo
317 4724 399 4778 duxit
411 4727 440 4779 in
455 4726 556 4781 armis.
769 4719 814 4773 hd
837 4719 968 4774 Corifum
991 4717 1064 4788 (101)
1087 4717 1182 4786 millii,
1208 4717 1271 4773 haec
1287 4718 1384 4774 insula
1405 4734 1463 4773 non
1490 4720 1594 4790 procul

81 4809 166 4863 ‘tabat
181 4810 244 4864 lieri
260 4826 360 4881 grave,
377 4828 437 4866 non
452 4812 602 4870 dubitabat
1475 4806 1560 4880 [urbe

81 4900 125 4951 cto
142 4897 199 4950 sibi
214 4899 403 4970 praecipiente
419 4901 530 4955 subire.
771 4897 864 4952 Distat
879 4895 1062 4968 Hydrontiua
1076 4895 1165 4966 (100),
1177 4896 1300 4966 placidis
1316 4896 1497 4967 spirantibus
1512 4895 1595 4953 auris

81 5097 130 5136 cus
143 5084 497 5152 Agnetemadmonentem
507 5087 577 5156 quid
589 5102 654 5141 eum
666 5102 711 5142 rs·
767 5085 846 5142 1081.
858 5083 964 5137 Trana.

87 5157 200 5223 oportet
221 5154 300 5207 omni
317 5154 572 5212 administratione
588 5157 709 5228 depulit,
802 5155 857 5224 (08)
872 5151 1239 5207 blichaeliDucae.L1eau.

81 5240 115 5276 im
127 5225 257 5299 prosecta
276 5241 333 5278 non
351 5227 399 5279 diu
415 5229 588 5296 supervixit.
606 5229 710 5283 Trans.
801 5225 857 5296 (99)
877 5223 1065 5304 Nicephorus
1081 5223 1259 5304 Botoniates·
1273 5236 1331 5292 qua
1343 5224 1406 5278 arte
1421 5222 1595 5280 Michaelem

81 5294 136 5347 llus
152 5296 267 5348 Streniae
279 5296 337 5348 dux
349 5313 499 5352 consensu
514 5299 658 5354 ducumet
673 5300 712 5352 le·
765 5297 801 5352 ab
817 5299 939 5366 imperio
955 5293 1113 5364 depecerat,
1130 5293 1166 5348 ab
1180 5291 1439 5349 hlemoComneno
1452 5295 1596 5364 depulsus

81 5365 100 5416 ri
116 5365 146 5418 in
171 5365 315 5419 lini-eheie
340 5375 551 5437 convenerant,
570 5371 710 5424 inlocum
766 5368 942 5423 1311111111.

81 5435 123 5505 gni
135 5436 220 5562 gullo
236 5437 353 5561 qpoliati
368 5437 510 5519 suffectus
531 5444 586 5529 est.
603 5440 707 5523 Tiasa.
802 5438 875 5565 (ngt)
889 5433 1129 5563 Igriqnusquiqtute
1144 5433 1240 5562 thexgi
1255 5435 1352 5492 victus
1366 5439 1423 5565 ἰοὶ.
1433 5436 1540 5495 Trans.

81 5512 712 5639 tricitiitttllttthltthalli}
800 5512 874 5656 laet
889 5521 1482 5653 101111113011311111011
1500 5580 1549 5639 ar
1563 5577 1594 5635 a

199 5666 318 5726 Parnon
332 5667 458 5727 CXLlX.
1437 5667 1474 5725 01
