<?xml version="1.0" encoding="UTF-8"?>
<!DOCTYPE html PUBLIC "-//W3C//DTD XHTML 1.0 Transitional//EN"
    "http://www.w3.org/TR/xhtml1/DTD/xhtml1-transitional.dtd">
<html xmlns="http://www.w3.org/1999/xhtml" xml:lang="en" lang="en">
 <head>
  <title>
</title>
<meta http-equiv="Content-Type" content="text/html;charset=utf-8" />
  <meta name='ocr-system' content='tesseract 3.04.00' />
  <meta name='ocr-capabilities' content='ocr_page ocr_carea ocr_par ocr_line ocrx_word'/>
</head>
<body>
  <div class='ocr_page' id='page_1' title='image "./patrologiaecurs66unkngoog_0773.png"; bbox 0 0 3900 6112; ppageno 0'>
   <div class='ocr_carea' id='block_1_1' title="bbox 84 216 271 336">
    <p class='ocr_par' dir='ltr' id='par_1_1' title="bbox 84 216 271 336">
     <span class='ocr_line' id='line_1_1' title="bbox 84 216 271 336; baseline 0.021 -4"><span class='ocrx_word' id='word_1_1' title='bbox 84 216 91 235; x_wconf 33' lang='grc' dir='ltr'>ι</span> <span class='ocrx_word' id='word_1_2' title='bbox 192 272 271 336; x_wconf 84' lang='grc'>1535</span> 
     </span>
    </p>
   </div>
   <div class='ocr_carea' id='block_1_2' title="bbox 699 271 1408 342">
    <p class='ocr_par' dir='ltr' id='par_1_2' title="bbox 699 271 1408 342">
     <span class='ocr_line' id='line_1_2' title="bbox 699 271 1408 342; baseline 0 -6"><span class='ocrx_word' id='word_1_3' title='bbox 699 272 892 338; x_wconf 80' lang='lat' dir='ltr'><strong>EBRARDI</strong></span> <span class='ocrx_word' id='word_1_4' title='bbox 912 274 1182 342; x_wconf 83' lang='lat' dir='ltr'>WATINENSIS</span> <span class='ocrx_word' id='word_1_5' title='bbox 1204 271 1408 336; x_wconf 84' lang='lat' dir='ltr'><strong>CANONICI</strong></span> 
     </span>
    </p>
   </div>
   <div class='ocr_carea' id='block_1_3' title="bbox 1833 274 1904 338">
    <p class='ocr_par' dir='ltr' id='par_1_3' title="bbox 1833 274 1904 338">
     <span class='ocr_line' id='line_1_3' title="bbox 1833 274 1904 338; baseline 0.07 -5"><span class='ocrx_word' id='word_1_6' title='bbox 1833 274 1904 338; x_wconf 78' lang='lat' dir='ltr'><strong>fleo</strong></span> 
     </span>
    </p>
   </div>
   <div class='ocr_carea' id='block_1_4' title="bbox 188 460 1907 546">
    <p class='ocr_par' dir='ltr' id='par_1_4' title="bbox 188 460 1907 546">
     <span class='ocr_line' id='line_1_4' title="bbox 188 460 1907 546; baseline 0.001 -18"><span class='ocrx_word' id='word_1_7' title='bbox 188 473 266 528; x_wconf 85' lang='lat' dir='ltr'><strong>liena</strong></span> <span class='ocrx_word' id='word_1_8' title='bbox 293 473 429 529; x_wconf 80' lang='lat' dir='ltr'><strong>facundia</strong></span> <span class='ocrx_word' id='word_1_9' title='bbox 450 473 600 528; x_wconf 88' lang='lat' dir='ltr'><strong>florentes.</strong></span> <span class='ocrx_word' id='word_1_10' title='bbox 631 473 691 529; x_wconf 85' lang='lat' dir='ltr'><strong>Sed</strong></span> <span class='ocrx_word' id='word_1_11' title='bbox 715 475 783 546; x_wconf 90' lang='lat' dir='ltr'><strong>quia</strong></span> <span class='ocrx_word' id='word_1_12' title='bbox 811 492 868 530; x_wconf 92' lang='lat' dir='ltr'><strong>nen</strong></span> <span class='ocrx_word' id='word_1_13' title='bbox 897 460 1205 546; x_wconf 73' lang='lat' dir='ltr'><strong>diffiteorAlnsuper</strong></span> <span class='ocrx_word' id='word_1_14' title='bbox 1219 477 1247 530; x_wconf 92' lang='lat' dir='ltr'><strong>et</strong></span> <span class='ocrx_word' id='word_1_15' title='bbox 1262 476 1380 545; x_wconf 88' lang='lat' dir='ltr'><strong>gratum</strong></span> <span class='ocrx_word' id='word_1_16' title='bbox 1405 474 1492 529; x_wconf 90' lang='lat' dir='ltr'><strong>debut</strong></span> <span class='ocrx_word' id='word_1_17' title='bbox 1506 473 1599 544; x_wconf 88' lang='lat' dir='ltr'><strong>accipi</strong></span> <span class='ocrx_word' id='word_1_18' title='bbox 1617 473 1653 528; x_wconf 87' lang='lat' dir='ltr'><strong>de</strong></span> <span class='ocrx_word' id='word_1_19' title='bbox 1681 474 1762 529; x_wconf 88' lang='lat' dir='ltr'><strong>tanto</strong></span> <span class='ocrx_word' id='word_1_20' title='bbox 1792 476 1907 544; x_wconf 88' lang='lat' dir='ltr'><strong>patrone</strong></span> 
     </span>
    </p>
   </div>
   <div class='ocr_carea' id='block_1_5' title="bbox 189 562 1025 1344">
    <p class='ocr_par' dir='ltr' id='par_1_5' title="bbox 189 562 1025 1344">
     <span class='ocr_line' id='line_1_5' title="bbox 190 562 1025 633; baseline 0.002 -15"><span class='ocrx_word' id='word_1_21' title='bbox 190 579 308 633; x_wconf 74' lang='lat' dir='ltr'><strong>aequum</strong></span> <span class='ocrx_word' id='word_1_22' title='bbox 333 579 403 617; x_wconf 90' lang='lat' dir='ltr'><strong>esse</strong></span> <span class='ocrx_word' id='word_1_23' title='bbox 431 563 547 617; x_wconf 86' lang='lat' dir='ltr'><strong>servire</strong></span> <span class='ocrx_word' id='word_1_24' title='bbox 566 562 740 633; x_wconf 81' lang='lat' dir='ltr'><strong>majoribus,</strong></span> <span class='ocrx_word' id='word_1_25' title='bbox 757 564 792 617; x_wconf 88' lang='lat' dir='ltr'><strong>ad</strong></span> <span class='ocrx_word' id='word_1_26' title='bbox 815 567 916 618; x_wconf 89' lang='lat' dir='ltr'><strong>nutum</strong></span> <span class='ocrx_word' id='word_1_27' title='bbox 943 568 1025 620; x_wconf 90' lang='lat' dir='ltr'><strong>tuum</strong></span> 
     </span>
     <span class='ocr_line' id='line_1_6' title="bbox 190 652 1024 723; baseline 0.005 -17"><span class='ocrx_word' id='word_1_28' title='bbox 190 653 396 723; x_wconf 85' lang='lat' dir='ltr'><strong>qualecunque</strong></span> <span class='ocrx_word' id='word_1_29' title='bbox 415 652 517 706; x_wconf 89' lang='lat' dir='ltr'><strong>defero</strong></span> <span class='ocrx_word' id='word_1_30' title='bbox 543 654 697 722; x_wconf 87' lang='lat' dir='ltr'><strong>scriptam,</strong></span> <span class='ocrx_word' id='word_1_31' title='bbox 712 653 827 707; x_wconf 88' lang='lat' dir='ltr'><strong>illorum</strong></span> <span class='ocrx_word' id='word_1_32' title='bbox 850 655 1024 710; x_wconf 86' lang='lat' dir='ltr'><strong>tradendum</strong></span> 
     </span>
     <span class='ocr_line' id='line_1_7' title="bbox 189 740 1022 813; baseline 0.005 -19"><span class='ocrx_word' id='word_1_33' title='bbox 189 741 326 795; x_wconf 89' lang='lat' dir='ltr'><strong>manibus</strong></span> <span class='ocrx_word' id='word_1_34' title='bbox 351 740 401 810; x_wconf 92' lang='lat' dir='ltr'><strong>qui</strong></span> <span class='ocrx_word' id='word_1_35' title='bbox 431 743 540 810; x_wconf 86' lang='lat' dir='ltr'><strong>quante</strong></span> <span class='ocrx_word' id='word_1_36' title='bbox 565 745 633 794; x_wconf 89' lang='lat' dir='ltr'><strong>sunt</strong></span> <span class='ocrx_word' id='word_1_37' title='bbox 662 741 781 812; x_wconf 79' lang='lat' dir='ltr'><strong>ingenio</strong></span> <span class='ocrx_word' id='word_1_38' title='bbox 810 742 1022 813; x_wconf 78' lang='lat' dir='ltr'><strong>sublimioreS,</strong></span> 
     </span>
     <span class='ocr_line' id='line_1_8' title="bbox 189 829 1021 900; baseline 0.005 -17"><span class='ocrx_word' id='word_1_39' title='bbox 189 829 855 900; x_wconf 78' lang='lat' dir='ltr'><strong>tautoquibuslibetineasibusvereorp&#39;udicio</strong></span> <span class='ocrx_word' id='word_1_40' title='bbox 868 832 1021 887; x_wconf 74' lang='lat' dir='ltr'><strong>certiores</strong></span> 
     </span>
     <span class='ocr_line' id='line_1_9' title="bbox 189 917 1023 988; baseline 0.002 -16"><span class='ocrx_word' id='word_1_41' title='bbox 189 917 284 982; x_wconf 90' lang='lat' dir='ltr'><strong>Quare</strong></span> <span class='ocrx_word' id='word_1_42' title='bbox 295 933 382 988; x_wconf 91' lang='lat' dir='ltr'><strong>quem</strong></span> <span class='ocrx_word' id='word_1_43' title='bbox 399 917 542 987; x_wconf 78' lang='lat' dir='ltr'><strong>sapientia</strong></span> <span class='ocrx_word' id='word_1_44' title='bbox 556 918 648 986; x_wconf 90' lang='lat' dir='ltr'><strong>verbi,</strong></span> <span class='ocrx_word' id='word_1_45' title='bbox 661 921 817 973; x_wconf 87' lang='lat' dir='ltr'><strong>venustate</strong></span> <span class='ocrx_word' id='word_1_46' title='bbox 826 919 953 988; x_wconf 88' lang='lat' dir='ltr'><strong>dicendi,</strong></span> <span class='ocrx_word' id='word_1_47' title='bbox 965 935 1023 975; x_wconf 93' lang='lat' dir='ltr'><strong>non</strong></span> 
     </span>
     <span class='ocr_line' id='line_1_10' title="bbox 190 1005 1023 1075; baseline 0.001 -14"><span class='ocrx_word' id='word_1_48' title='bbox 190 1008 302 1072; x_wconf 87' lang='lat' dir='ltr'><strong>colore,</strong></span> <span class='ocrx_word' id='word_1_49' title='bbox 325 1005 372 1060; x_wconf 82' lang='lat' dir='ltr'><strong>vel</strong></span> <span class='ocrx_word' id='word_1_50' title='bbox 399 1022 498 1075; x_wconf 87' lang='lat' dir='ltr'><strong>causa,</strong></span> <span class='ocrx_word' id='word_1_51' title='bbox 517 1006 562 1061; x_wconf 87' lang='lat' dir='ltr'><strong>val</strong></span> <span class='ocrx_word' id='word_1_52' title='bbox 579 1007 699 1060; x_wconf 86' lang='lat' dir='ltr'><strong>materia</strong></span> <span class='ocrx_word' id='word_1_53' title='bbox 723 1007 863 1062; x_wconf 87' lang='lat' dir='ltr'><strong>sribeade</strong></span> <span class='ocrx_word' id='word_1_54' title='bbox 889 1011 936 1061; x_wconf 91' lang='lat' dir='ltr'><strong>tua</strong></span> <span class='ocrx_word' id='word_1_55' title='bbox 959 1024 1023 1062; x_wconf 91' lang='lat' dir='ltr'><strong>me-</strong></span> 
     </span>
     <span class='ocr_line' id='line_1_11' title="bbox 190 1095 1023 1165; baseline 0.002 -16"><span class='ocrx_word' id='word_1_56' title='bbox 190 1095 286 1149; x_wconf 92' lang='lat' dir='ltr'><strong>diante</strong></span> <span class='ocrx_word' id='word_1_57' title='bbox 301 1095 460 1164; x_wconf 84' lang='lat' dir='ltr'><strong>praescntia</strong></span> <span class='ocrx_word' id='word_1_58' title='bbox 485 1095 679 1160; x_wconf 85' lang='lat' dir='ltr'><strong>commendet,</strong></span> <span class='ocrx_word' id='word_1_59' title='bbox 697 1098 727 1149; x_wconf 93' lang='lat' dir='ltr'><strong>ut</strong></span> <span class='ocrx_word' id='word_1_60' title='bbox 743 1096 821 1165; x_wconf 90' lang='lat' dir='ltr'><strong>qued</strong></span> <span class='ocrx_word' id='word_1_61' title='bbox 836 1095 878 1150; x_wconf 89' lang='lat' dir='ltr'><strong>rei</strong></span> <span class='ocrx_word' id='word_1_62' title='bbox 901 1096 1023 1151; x_wconf 85' lang='lat' dir='ltr'><strong>veritate</strong></span> 
     </span>
     <span class='ocr_line' id='line_1_12' title="bbox 189 1183 1023 1254; baseline 0.002 -17"><span class='ocrx_word' id='word_1_63' title='bbox 189 1183 297 1238; x_wconf 88' lang='lat' dir='ltr'><strong>almum</strong></span> <span class='ocrx_word' id='word_1_64' title='bbox 309 1186 363 1250; x_wconf 90' lang='lat' dir='ltr'><strong>est,</strong></span> <span class='ocrx_word' id='word_1_65' title='bbox 381 1184 492 1254; x_wconf 88' lang='lat' dir='ltr'><strong>nculpa</strong></span> <span class='ocrx_word' id='word_1_66' title='bbox 507 1184 555 1238; x_wconf 93' lang='lat' dir='ltr'><strong>sui</strong></span> <span class='ocrx_word' id='word_1_67' title='bbox 571 1185 760 1254; x_wconf 86' lang='lat' dir='ltr'><strong>necessitate,</strong></span> <span class='ocrx_word' id='word_1_68' title='bbox 777 1185 845 1254; x_wconf 93' lang='lat' dir='ltr'><strong>quia</strong></span> <span class='ocrx_word' id='word_1_69' title='bbox 859 1186 949 1239; x_wconf 86' lang='lat' dir='ltr'><strong>taceri</strong></span> <span class='ocrx_word' id='word_1_70' title='bbox 964 1201 1023 1239; x_wconf 89' lang='lat' dir='ltr'><strong>nen</strong></span> 
     </span>
     <span class='ocr_line' id='line_1_13' title="bbox 189 1272 1021 1344; baseline 0.004 -18"><span class='ocrx_word' id='word_1_71' title='bbox 189 1272 298 1343; x_wconf 83' lang='lat' dir='ltr'><strong>debuit,</strong></span> <span class='ocrx_word' id='word_1_72' title='bbox 324 1272 402 1343; x_wconf 90' lang='lat' dir='ltr'><strong>quod</strong></span> <span class='ocrx_word' id='word_1_73' title='bbox 422 1275 576 1344; x_wconf 89' lang='lat' dir='ltr'><strong>peccatum</strong></span> <span class='ocrx_word' id='word_1_74' title='bbox 598 1277 713 1328; x_wconf 87' lang='lat' dir='ltr'><strong>estnon</strong></span> <span class='ocrx_word' id='word_1_75' title='bbox 729 1273 867 1328; x_wconf 90' lang='lat' dir='ltr'><strong>excludat</strong></span> <span class='ocrx_word' id='word_1_76' title='bbox 886 1290 902 1327; x_wconf 92' lang='lat' dir='ltr'><strong>a</strong></span> <span class='ocrx_word' id='word_1_77' title='bbox 923 1273 1021 1329; x_wconf 87' lang='lat' dir='ltr'><strong>venia.</strong></span> 
     </span>
    </p>
   </div>
   <div class='ocr_carea' id='block_1_6' title="bbox 192 1469 350 1481">
    <p class='ocr_par' dir='ltr' id='par_1_6' title="bbox 192 1469 350 1481">
     <span class='ocr_line' id='line_1_14' title="bbox 192 1469 350 1481; baseline -0.019 0"><span class='ocrx_word' id='word_1_78' title='bbox 192 1469 350 1481; x_wconf 67' lang='grc' dir='ltr'>...ι-</span> 
     </span>
    </p>
   </div>
   <div class='ocr_carea' id='block_1_7' title="bbox 1077 561 1910 1344">
    <p class='ocr_par' dir='ltr' id='par_1_7' title="bbox 1077 561 1910 1344">
     <span class='ocr_line' id='line_1_15' title="bbox 1080 561 1908 636; baseline 0.001 -18"><span class='ocrx_word' id='word_1_79' title='bbox 1080 581 1154 620; x_wconf 90' lang='lat' dir='ltr'><strong>nova</strong></span> <span class='ocrx_word' id='word_1_80' title='bbox 1169 565 1256 636; x_wconf 88' lang='lat' dir='ltr'><strong>signa</strong></span> <span class='ocrx_word' id='word_1_81' title='bbox 1265 564 1300 617; x_wconf 87' lang='lat' dir='ltr'><strong>ad</strong></span> <span class='ocrx_word' id='word_1_82' title='bbox 1310 563 1566 617; x_wconf 90' lang='lat' dir='ltr'><strong>rememorandum</strong></span> <span class='ocrx_word' id='word_1_83' title='bbox 1576 563 1701 631; x_wconf 88' lang='lat' dir='ltr'><strong>referre,</strong></span> <span class='ocrx_word' id='word_1_84' title='bbox 1714 561 1806 633; x_wconf 85' lang='lat' dir='ltr'><strong>cajus</strong></span> <span class='ocrx_word' id='word_1_85' title='bbox 1816 563 1842 615; x_wconf 90' lang='lat' dir='ltr'><strong>si</strong></span> <span class='ocrx_word' id='word_1_86' title='bbox 1853 579 1908 634; x_wconf 80' lang='lat' dir='ltr'><strong>que</strong></span> 
     </span>
     <span class='ocr_line' id='line_1_16' title="bbox 1080 652 1910 722; baseline -0.001 -15"><span class='ocrx_word' id='word_1_87' title='bbox 1080 654 1163 707; x_wconf 87' lang='lat' dir='ltr'><strong>fuere</strong></span> <span class='ocrx_word' id='word_1_88' title='bbox 1180 654 1280 708; x_wconf 79' lang='lat' dir='ltr'><strong>forsan</strong></span> <span class='ocrx_word' id='word_1_89' title='bbox 1296 652 1683 722; x_wconf 79' lang='lat' dir='ltr'><strong>vetustatetemporiS,cam</strong></span> <span class='ocrx_word' id='word_1_90' title='bbox 1706 653 1833 720; x_wconf 87' lang='lat' dir='ltr'><strong>penaria</strong></span> <span class='ocrx_word' id='word_1_91' title='bbox 1841 657 1910 706; x_wconf 84' lang='lat' dir='ltr'><strong>aete-</strong></span> 
     </span>
     <span class='ocr_line' id='line_1_17' title="bbox 1079 740 1906 812; baseline 0 -17"><span class='ocrx_word' id='word_1_92' title='bbox 1079 743 1278 808; x_wconf 90' lang='lat' dir='ltr'><strong>riorum,tum</strong></span> <span class='ocrx_word' id='word_1_93' title='bbox 1302 741 1397 809; x_wconf 85' lang='lat' dir='ltr'><strong>etiam,</strong></span> <span class='ocrx_word' id='word_1_94' title='bbox 1434 741 1512 812; x_wconf 89' lang='lat' dir='ltr'><strong>quod</strong></span> <span class='ocrx_word' id='word_1_95' title='bbox 1542 741 1660 795; x_wconf 88' lang='lat' dir='ltr'><strong>facilius</strong></span> <span class='ocrx_word' id='word_1_96' title='bbox 1682 740 1792 806; x_wconf 88' lang='lat' dir='ltr'><strong>eredo,</strong></span> <span class='ocrx_word' id='word_1_97' title='bbox 1824 740 1906 809; x_wconf 86' lang='lat' dir='ltr'><strong>ipsius</strong></span> 
     </span>
     <span class='ocr_line' id='line_1_18' title="bbox 1078 828 1905 898; baseline -0.001 -14"><span class='ocrx_word' id='word_1_98' title='bbox 1078 831 1196 884; x_wconf 89' lang='lat' dir='ltr'><strong>armarii</strong></span> <span class='ocrx_word' id='word_1_99' title='bbox 1212 829 1349 883; x_wconf 87' lang='lat' dir='ltr'><strong>eeclesiae</strong></span> <span class='ocrx_word' id='word_1_100' title='bbox 1359 830 1405 882; x_wconf 90' lang='lat' dir='ltr'><strong>cui</strong></span> <span class='ocrx_word' id='word_1_101' title='bbox 1417 829 1563 898; x_wconf 84' lang='lat' dir='ltr'><strong>praesides</strong></span> <span class='ocrx_word' id='word_1_102' title='bbox 1580 828 1787 884; x_wconf 88' lang='lat' dir='ltr'><strong>devastatione</strong></span> <span class='ocrx_word' id='word_1_103' title='bbox 1799 830 1905 898; x_wconf 84' lang='lat' dir='ltr'><strong>antiqua</strong></span> 
     </span>
     <span class='ocr_line' id='line_1_19' title="bbox 1078 917 1905 989; baseline -0.001 -17"><span class='ocrx_word' id='word_1_104' title='bbox 1078 919 1202 989; x_wconf 88' lang='lat' dir='ltr'><strong>periere.</strong></span> <span class='ocrx_word' id='word_1_105' title='bbox 1222 917 1408 973; x_wconf 87' lang='lat' dir='ltr'><strong>llciadecum</strong></span> <span class='ocrx_word' id='word_1_106' title='bbox 1424 919 1504 971; x_wconf 87' lang='lat' dir='ltr'><strong>servi</strong></span> <span class='ocrx_word' id='word_1_107' title='bbox 1516 918 1663 983; x_wconf 76' lang='lat' dir='ltr'><strong>dominiS,</strong></span> <span class='ocrx_word' id='word_1_108' title='bbox 1682 923 1731 971; x_wconf 89' lang='lat' dir='ltr'><strong>aut</strong></span> <span class='ocrx_word' id='word_1_109' title='bbox 1748 917 1801 970; x_wconf 87' lang='lat' dir='ltr'><strong>filii</strong></span> <span class='ocrx_word' id='word_1_110' title='bbox 1817 933 1905 987; x_wconf 86' lang='lat' dir='ltr'><strong>paren·</strong></span> 
     </span>
     <span class='ocr_line' id='line_1_20' title="bbox 1077 1006 1898 1077; baseline -0.002 -17"><span class='ocrx_word' id='word_1_111' title='bbox 1077 1008 1157 1062; x_wconf 87' lang='lat' dir='ltr'><strong>tibus</strong></span> <span class='ocrx_word' id='word_1_112' title='bbox 1174 1007 1384 1070; x_wconf 87' lang='lat' dir='ltr'><strong>thesaurizant,</strong></span> <span class='ocrx_word' id='word_1_113' title='bbox 1403 1006 1679 1077; x_wconf 79' lang='lat' dir='ltr'><strong>sitlieetcxiguum,</strong></span> <span class='ocrx_word' id='word_1_114' title='bbox 1693 1006 1765 1060; x_wconf 90' lang='lat' dir='ltr'><strong>libet</strong></span> <span class='ocrx_word' id='word_1_115' title='bbox 1777 1006 1859 1071; x_wconf 83' lang='lat' dir='ltr'><strong>exile,</strong></span> <span class='ocrx_word' id='word_1_116' title='bbox 1873 1006 1898 1058; x_wconf 91' lang='lat' dir='ltr'><strong>li·</strong></span> 
     </span>
     <span class='ocr_line' id='line_1_21' title="bbox 1079 1093 1902 1167; baseline -0.002 -18"><span class='ocrx_word' id='word_1_117' title='bbox 1079 1099 1125 1150; x_wconf 89' lang='lat' dir='ltr'><strong>eet</strong></span> <span class='ocrx_word' id='word_1_118' title='bbox 1140 1096 1283 1150; x_wconf 88' lang='lat' dir='ltr'><strong>rusticum</strong></span> <span class='ocrx_word' id='word_1_119' title='bbox 1299 1096 1378 1167; x_wconf 91' lang='lat' dir='ltr'><strong>quod</strong></span> <span class='ocrx_word' id='word_1_120' title='bbox 1395 1093 1529 1164; x_wconf 84' lang='lat' dir='ltr'><strong>afferunt,</strong></span> <span class='ocrx_word' id='word_1_121' title='bbox 1547 1095 1633 1165; x_wconf 88' lang='lat' dir='ltr'><strong>quasi</strong></span> <span class='ocrx_word' id='word_1_122' title='bbox 1645 1095 1798 1165; x_wconf 76' lang='lat' dir='ltr'><strong>primitias</strong></span> <span class='ocrx_word' id='word_1_123' title='bbox 1808 1095 1902 1165; x_wconf 85' lang='lat' dir='ltr'><strong>proprii</strong></span> 
     </span>
     <span class='ocr_line' id='line_1_22' title="bbox 1078 1183 1899 1255; baseline -0.001 -18"><span class='ocrx_word' id='word_1_124' title='bbox 1078 1184 1193 1239; x_wconf 90' lang='lat' dir='ltr'><strong>fructus</strong></span> <span class='ocrx_word' id='word_1_125' title='bbox 1209 1184 1367 1255; x_wconf 85' lang='lat' dir='ltr'><strong>accipiunt,</strong></span> <span class='ocrx_word' id='word_1_126' title='bbox 1385 1184 1453 1237; x_wconf 89' lang='lat' dir='ltr'><strong>dum</strong></span> <span class='ocrx_word' id='word_1_127' title='bbox 1470 1184 1499 1237; x_wconf 92' lang='lat' dir='ltr'><strong>bi</strong></span> <span class='ocrx_word' id='word_1_128' title='bbox 1519 1183 1630 1254; x_wconf 90' lang='lat' dir='ltr'><strong>quibus</strong></span> <span class='ocrx_word' id='word_1_129' title='bbox 1647 1183 1834 1237; x_wconf 89' lang='lat' dir='ltr'><strong>contuleruut</strong></span> <span class='ocrx_word' id='word_1_130' title='bbox 1848 1200 1899 1237; x_wconf 92' lang='lat' dir='ltr'><strong>mu-</strong></span> 
     </span>
     <span class='ocr_line' id='line_1_23' title="bbox 1078 1272 1631 1344; baseline 0 -17"><span class='ocrx_word' id='word_1_131' title='bbox 1078 1276 1156 1329; x_wconf 89' lang='lat' dir='ltr'><strong>tuam</strong></span> <span class='ocrx_word' id='word_1_132' title='bbox 1166 1273 1263 1328; x_wconf 88' lang='lat' dir='ltr'><strong>vicem</strong></span> <span class='ocrx_word' id='word_1_133' title='bbox 1278 1272 1433 1328; x_wconf 87' lang='lat' dir='ltr'><strong>beneficiis</strong></span> <span class='ocrx_word' id='word_1_134' title='bbox 1449 1272 1631 1344; x_wconf 86' lang='lat' dir='ltr'><strong>impendunt.</strong></span> 
     </span>
    </p>
   </div>
   <div class='ocr_carea' id='block_1_8' title="bbox 1072 1468 1890 1480">
    <p class='ocr_par' dir='ltr' id='par_1_8' title="bbox 1072 1468 1890 1480">
     <span class='ocr_line' id='line_1_24' title="bbox 1072 1468 1890 1480; baseline 0.004 -3"><span class='ocrx_word' id='word_1_135' title='bbox 1072 1468 1890 1480; x_wconf 72' lang='grc' dir='ltr'><strong>ι-----ι-</strong></span> 
     </span>
    </p>
   </div>
   <div class='ocr_carea' id='block_1_9' title="bbox 836 1602 1249 1719">
    <p class='ocr_par' dir='ltr' id='par_1_9' title="bbox 836 1602 1249 1719">
     <span class='ocr_line' id='line_1_25' title="bbox 836 1602 1249 1719; baseline -0.002 -3"><span class='ocrx_word' id='word_1_136' title='bbox 836 1602 1249 1719; x_wconf 74' lang='lat' dir='ltr'><strong>illudebatur</strong></span> 
     </span>
    </p>
   </div>
   <div class='ocr_carea' id='block_1_10' title="bbox 223 1824 1938 1904">
    <p class='ocr_par' dir='ltr' id='par_1_10' title="bbox 223 1824 1938 1904">
     <span class='ocr_line' id='line_1_26' title="bbox 223 1824 1938 1904; baseline 0.002 -13"><span class='ocrx_word' id='word_1_137' title='bbox 223 1837 273 1892; x_wconf 84' lang='lat' dir='ltr'><strong>DE</strong></span> <span class='ocrx_word' id='word_1_138' title='bbox 287 1837 445 1904; x_wconf 81' lang='lat' dir='ltr'><strong>QUODAM</strong></span> <span class='ocrx_word' id='word_1_139' title='bbox 460 1836 695 1893; x_wconf 83' lang='lat' dir='ltr'><strong>GUATlNENSl</strong></span> <span class='ocrx_word' id='word_1_140' title='bbox 715 1835 915 1892; x_wconf 82' lang='lat' dir='ltr'><strong>llELlGlOSO</strong></span> <span class='ocrx_word' id='word_1_141' title='bbox 930 1835 1006 1891; x_wconf 78' lang='lat' dir='ltr'><strong>PER</strong></span> <span class='ocrx_word' id='word_1_142' title='bbox 1022 1835 1052 1891; x_wconf 89' lang='lat' dir='ltr'><strong>S.</strong></span> <span class='ocrx_word' id='word_1_143' title='bbox 1069 1835 1270 1891; x_wconf 79' lang='lat' dir='ltr'>DONATIUM</span> <span class='ocrx_word' id='word_1_144' title='bbox 1288 1837 1337 1892; x_wconf 84' lang='grc' dir='ltr'><strong>ΑΒ</strong></span> <span class='ocrx_word' id='word_1_145' title='bbox 1348 1836 1602 1894; x_wconf 79' lang='lat' dir='ltr'>AEGRITUDINE</span> <span class='ocrx_word' id='word_1_146' title='bbox 1616 1839 1695 1895; x_wconf 85' lang='lat' dir='ltr'><strong>SUA</strong></span> <span class='ocrx_word' id='word_1_147' title='bbox 1711 1839 1853 1896; x_wconf 69' lang='lat' dir='ltr'><strong>Samara</strong></span> <span class='ocrx_word' id='word_1_148' title='bbox 1934 1824 1938 1830; x_wconf 42' lang='lat'>⁵</span> 
     </span>
    </p>
   </div>
   <div class='ocr_carea' id='block_1_11' title="bbox 922 1989 1160 2004">
    <p class='ocr_par' dir='ltr' id='par_1_11' title="bbox 922 1989 1160 2004">
     <span class='ocr_line' id='line_1_27' title="bbox 922 1989 1160 2004; baseline 0.008 -7"><span class='ocrx_word' id='word_1_149' title='bbox 922 1989 1160 2004; x_wconf 72' lang='lat'><strong>———</strong></span> 
     </span>
    </p>
   </div>
   <div class='ocr_carea' id='block_1_12' title="bbox 187 2087 1892 2253">
    <p class='ocr_par' dir='ltr' id='par_1_12' title="bbox 187 2087 1892 2253">
     <span class='ocr_line' id='line_1_28' title="bbox 224 2087 1892 2185; baseline 0.002 -23"><span class='ocrx_word' id='word_1_150' title='bbox 224 2089 1022 2162; x_wconf 53' lang='lat' dir='ltr'><strong>Mif⁸⁰⁰l³⁵⁸¹¹010r¹¹¹¹bllUibflSVel⁰0fll⁰l³¹ilflae⁸⁰ff</strong></span> <span class='ocrx_word' id='word_1_151' title='bbox 1037 2087 1061 2143; x_wconf 81' lang='grc' dir='ltr'>Β</span> <span class='ocrx_word' id='word_1_152' title='bbox 1075 2108 1201 2163; x_wconf 88' lang='lat' dir='ltr'><strong>fidentes</strong></span> <span class='ocrx_word' id='word_1_153' title='bbox 1217 2109 1253 2164; x_wconf 87' lang='lat' dir='ltr'><strong>ab</strong></span> <span class='ocrx_word' id='word_1_154' title='bbox 1269 2109 1319 2165; x_wconf 95' lang='lat' dir='ltr'><strong>illo</strong></span> <span class='ocrx_word' id='word_1_155' title='bbox 1334 2110 1439 2165; x_wconf 90' lang='lat' dir='ltr'><strong>denari</strong></span> <span class='ocrx_word' id='word_1_156' title='bbox 1452 2127 1575 2167; x_wconf 86' lang='lat' dir='ltr'><strong>manera</strong></span> <span class='ocrx_word' id='word_1_157' title='bbox 1589 2112 1705 2184; x_wconf 82' lang='lat' dir='ltr'><strong>lingum</strong></span> <span class='ocrx_word' id='word_1_158' title='bbox 1726 2114 1776 2184; x_wconf 91' lang='lat' dir='ltr'><strong>qai</strong></span> <span class='ocrx_word' id='word_1_159' title='bbox 1790 2114 1892 2185; x_wconf 76' lang='lat' dir='ltr'><strong>linguas</strong></span> 
     </span>
     <span class='ocr_line' id='line_1_29' title="bbox 187 2179 1314 2253; baseline -0.001 -20"><span class='ocrx_word' id='word_1_160' title='bbox 187 2180 226 2233; x_wconf 91' lang='lat' dir='ltr'><strong>tia</strong></span> <span class='ocrx_word' id='word_1_161' title='bbox 238 2180 267 2233; x_wconf 92' lang='lat' dir='ltr'><strong>in</strong></span> <span class='ocrx_word' id='word_1_162' title='bbox 278 2181 386 2235; x_wconf 91' lang='lat' dir='ltr'><strong>mando</strong></span> <span class='ocrx_word' id='word_1_163' title='bbox 402 2180 572 2250; x_wconf 75' lang='lat' dir='ltr'><strong>claruerint,</strong></span> <span class='ocrx_word' id='word_1_164' title='bbox 590 2179 637 2234; x_wconf 89' lang='lat' dir='ltr'><strong>vel</strong></span> <span class='ocrx_word' id='word_1_165' title='bbox 652 2181 700 2234; x_wconf 82' lang='lat' dir='ltr'><strong>liis</strong></span> <span class='ocrx_word' id='word_1_166' title='bbox 712 2180 853 2235; x_wconf 73' lang='lat' dir='ltr'><strong>aerumnis</strong></span> <span class='ocrx_word' id='word_1_167' title='bbox 874 2179 1023 2248; x_wconf 82' lang='lat' dir='ltr'><strong>absumpti</strong></span> <span class='ocrx_word' id='word_1_168' title='bbox 1075 2197 1123 2251; x_wconf 61' lang='lat' dir='ltr'><strong>dat</strong></span> <span class='ocrx_word' id='word_1_169' title='bbox 1139 2197 1168 2251; x_wconf 72' lang='lat' dir='ltr'><strong>jn</strong></span> <span class='ocrx_word' id='word_1_170' title='bbox 1183 2214 1314 2253; x_wconf 44' lang='lat' dir='ltr'><strong>munem·</strong></span> 
     </span>
    </p>
   </div>
   <div class='ocr_carea' id='block_1_13' title="bbox 188 2267 1021 2428">
    <p class='ocr_par' dir='ltr' id='par_1_13' title="bbox 188 2267 1021 2428">
     <span class='ocr_line' id='line_1_30' title="bbox 188 2267 1021 2339; baseline 0 -18"><span class='ocrx_word' id='word_1_171' title='bbox 188 2269 264 2339; x_wconf 92' lang='lat' dir='ltr'><strong>apud</strong></span> <span class='ocrx_word' id='word_1_172' title='bbox 280 2284 352 2324; x_wconf 89' lang='lat' dir='ltr'><strong>ossa</strong></span> <span class='ocrx_word' id='word_1_173' title='bbox 367 2285 422 2323; x_wconf 91' lang='lat' dir='ltr'><strong>sua</strong></span> <span class='ocrx_word' id='word_1_174' title='bbox 432 2269 624 2324; x_wconf 86' lang='lat' dir='ltr'><strong>etmemorias</strong></span> <span class='ocrx_word' id='word_1_175' title='bbox 639 2269 770 2339; x_wconf 88' lang='lat' dir='ltr'><strong>quotidie</strong></span> <span class='ocrx_word' id='word_1_176' title='bbox 781 2267 1021 2338; x_wconf 86' lang='lat' dir='ltr'><strong>redeunt,quales</strong></span> 
     </span>
     <span class='ocr_line' id='line_1_31' title="bbox 188 2357 1021 2428; baseline -0.002 -17"><span class='ocrx_word' id='word_1_177' title='bbox 188 2361 216 2411; x_wconf 91' lang='lat' dir='ltr'><strong>ct</strong></span> <span class='ocrx_word' id='word_1_178' title='bbox 231 2357 288 2428; x_wconf 88' lang='lat' dir='ltr'><strong>ipsi</strong></span> <span class='ocrx_word' id='word_1_179' title='bbox 300 2358 367 2412; x_wconf 82' lang='lat' dir='ltr'><strong>vitae</strong></span> <span class='ocrx_word' id='word_1_180' title='bbox 378 2359 483 2412; x_wconf 89' lang='lat' dir='ltr'><strong>merito</strong></span> <span class='ocrx_word' id='word_1_181' title='bbox 498 2357 618 2412; x_wconf 87' lang='lat' dir='ltr'><strong>fuerunt</strong></span> <span class='ocrx_word' id='word_1_182' title='bbox 632 2358 720 2413; x_wconf 89' lang='lat' dir='ltr'><strong>nobis</strong></span> <span class='ocrx_word' id='word_1_183' title='bbox 735 2358 1021 2427; x_wconf 87' lang='lat' dir='ltr'><strong>indicant,etsuper-</strong></span> 
     </span>
    </p>
   </div>
   <div class='ocr_carea' id='block_1_14' title="bbox 186 2445 1022 2517">
    <p class='ocr_par' dir='ltr' id='par_1_14' title="bbox 186 2445 1022 2517">
     <span class='ocr_line' id='line_1_32' title="bbox 186 2445 1022 2517; baseline 0.002 -19"><span class='ocrx_word' id='word_1_184' title='bbox 186 2460 232 2499; x_wconf 83' lang='lat' dir='ltr'><strong>nae</strong></span> <span class='ocrx_word' id='word_1_185' title='bbox 248 2446 351 2516; x_wconf 73' lang='lat' dir='ltr'><strong>patriae</strong></span> <span class='ocrx_word' id='word_1_186' title='bbox 370 2446 400 2499; x_wconf 89' lang='lat' dir='ltr'><strong>ln</strong></span> <span class='ocrx_word' id='word_1_187' title='bbox 420 2462 508 2517; x_wconf 91' lang='lat' dir='ltr'><strong>quam</strong></span> <span class='ocrx_word' id='word_1_188' title='bbox 524 2446 703 2511; x_wconf 88' lang='lat' dir='ltr'><strong>transierant</strong></span> <span class='ocrx_word' id='word_1_189' title='bbox 717 2447 754 2500; x_wconf 92' lang='lat' dir='ltr'><strong>ad</strong></span> <span class='ocrx_word' id='word_1_190' title='bbox 770 2462 898 2516; x_wconf 87' lang='lat' dir='ltr'><strong>superna</strong></span> <span class='ocrx_word' id='word_1_191' title='bbox 914 2445 1022 2517; x_wconf 88' lang='lat' dir='ltr'><strong>gaudia</strong></span> 
     </span>
    </p>
   </div>
   <div class='ocr_carea' id='block_1_15' title="bbox 187 2534 1020 2606">
    <p class='ocr_par' dir='ltr' id='par_1_15' title="bbox 187 2534 1020 2606">
     <span class='ocr_line' id='line_1_33' title="bbox 187 2534 1020 2606; baseline -0.001 -17"><span class='ocrx_word' id='word_1_192' title='bbox 187 2535 328 2606; x_wconf 88' lang='lat' dir='ltr'><strong>capienda</strong></span> <span class='ocrx_word' id='word_1_193' title='bbox 344 2551 399 2589; x_wconf 91' lang='lat' dir='ltr'><strong>nos</strong></span> <span class='ocrx_word' id='word_1_194' title='bbox 416 2536 548 2589; x_wconf 90' lang='lat' dir='ltr'><strong>invitant.</strong></span> <span class='ocrx_word' id='word_1_195' title='bbox 566 2536 674 2590; x_wconf 84' lang='lat' dir='ltr'><strong>Vivant</strong></span> <span class='ocrx_word' id='word_1_196' title='bbox 691 2537 768 2590; x_wconf 89' lang='lat' dir='ltr'><strong>onim</strong></span> <span class='ocrx_word' id='word_1_197' title='bbox 783 2536 834 2603; x_wconf 91' lang='lat' dir='ltr'><strong>ibi,</strong></span> <span class='ocrx_word' id='word_1_198' title='bbox 852 2534 1020 2606; x_wconf 90' lang='lat' dir='ltr'><strong>quiafelici·</strong></span> 
     </span>
    </p>
   </div>
   <div class='ocr_carea' id='block_1_16' title="bbox 96 2623 1021 2873">
    <p class='ocr_par' dir='ltr' id='par_1_16' title="bbox 96 2623 1021 2873">
     <span class='ocr_line' id='line_1_34' title="bbox 186 2623 1021 2695; baseline 0 -17"><span class='ocrx_word' id='word_1_199' title='bbox 186 2625 357 2692; x_wconf 86' lang='lat' dir='ltr'><strong>tervivunt,</strong></span> <span class='ocrx_word' id='word_1_200' title='bbox 375 2624 453 2695; x_wconf 90' lang='lat' dir='ltr'><strong>quia,</strong></span> <span class='ocrx_word' id='word_1_201' title='bbox 479 2640 628 2679; x_wconf 87' lang='lat' dir='ltr'><strong>mansurae</strong></span> <span class='ocrx_word' id='word_1_202' title='bbox 656 2624 823 2679; x_wconf 74' lang='lat' dir='ltr'><strong>Jerusalem</strong></span> <span class='ocrx_word' id='word_1_203' title='bbox 848 2623 909 2695; x_wconf 84' lang='lat' dir='ltr'><strong>jam</strong></span> <span class='ocrx_word' id='word_1_204' title='bbox 938 2624 1021 2678; x_wconf 85' lang='lat' dir='ltr'><strong>cives</strong></span> 
     </span>
     <span class='ocr_line' id='line_1_35' title="bbox 187 2711 1021 2784; baseline 0 -18"><span class='ocrx_word' id='word_1_205' title='bbox 187 2711 292 2782; x_wconf 83' lang='lat' dir='ltr'><strong>eflecti,</strong></span> <span class='ocrx_word' id='word_1_206' title='bbox 302 2714 345 2766; x_wconf 92' lang='lat' dir='ltr'><strong>sic</strong></span> <span class='ocrx_word' id='word_1_207' title='bbox 355 2712 446 2783; x_wconf 81' lang='lat' dir='ltr'><strong>bajus</strong></span> <span class='ocrx_word' id='word_1_208' title='bbox 456 2712 646 2768; x_wconf 88' lang='lat' dir='ltr'><strong>habitationis</strong></span> <span class='ocrx_word' id='word_1_209' title='bbox 657 2728 724 2784; x_wconf 85' lang='lat' dir='ltr'><strong>qaae</strong></span> <span class='ocrx_word' id='word_1_210' title='bbox 736 2712 1021 2768; x_wconf 88' lang='lat' dir='ltr'><strong>dissolveturedbuo</strong></span> 
     </span>
     <span class='ocr_line' id='line_1_36' title="bbox 96 2802 1020 2873; baseline 0.002 -20"><span class='ocrx_word' id='word_1_211' title='bbox 96 2842 100 2853; x_wconf 87' lang='lat'>.</span> <span class='ocrx_word' id='word_1_212' title='bbox 188 2802 1020 2873; x_wconf 86' lang='lat' dir='ltr'><strong>bospitesvisitant,atabillaiaqaavoreinnititurman-</strong></span> 
     </span>
    </p>
   </div>
   <div class='ocr_carea' id='block_1_17' title="bbox 1072 2319 1900 2840">
    <p class='ocr_par' dir='ltr' id='par_1_17' title="bbox 1072 2319 1900 2840">
     <span class='ocr_line' id='line_1_37' title="bbox 1113 2319 1895 2395; baseline 0.006 -23"><span class='ocrx_word' id='word_1_213' title='bbox 1113 2319 1166 2375; x_wconf 79' lang='lat' dir='ltr'><strong>Est</strong></span> <span class='ocrx_word' id='word_1_214' title='bbox 1181 2336 1253 2391; x_wconf 86' lang='lat' dir='ltr'><strong>ergo</strong></span> <span class='ocrx_word' id='word_1_215' title='bbox 1269 2336 1365 2393; x_wconf 88' lang='lat' dir='ltr'><strong>pegus</strong></span> <span class='ocrx_word' id='word_1_216' title='bbox 1375 2321 1450 2377; x_wconf 88' lang='lat' dir='ltr'><strong>iuter</strong></span> <span class='ocrx_word' id='word_1_217' title='bbox 1461 2322 1583 2395; x_wconf 85' lang='lat' dir='ltr'><strong>Legiam</strong></span> <span class='ocrx_word' id='word_1_218' title='bbox 1594 2323 1720 2378; x_wconf 86' lang='lat' dir='ltr'><strong>fluvium</strong></span> <span class='ocrx_word' id='word_1_219' title='bbox 1736 2327 1765 2378; x_wconf 88' lang='lat' dir='ltr'><strong>et</strong></span> <span class='ocrx_word' id='word_1_220' title='bbox 1779 2323 1895 2378; x_wconf 79' lang='lat' dir='ltr'><strong>Flendn&#39;·</strong></span> 
     </span>
     <span class='ocr_line' id='line_1_38' title="bbox 1073 2410 1896 2484; baseline 0.005 -22"><span class='ocrx_word' id='word_1_221' title='bbox 1073 2425 1185 2463; x_wconf 88' lang='lat' dir='ltr'><strong>nenses</strong></span> <span class='ocrx_word' id='word_1_222' title='bbox 1207 2410 1381 2477; x_wconf 69' lang='lat' dir='ltr'><strong>maritimos</strong></span> <span class='ocrx_word' id='word_1_223' title='bbox 1399 2410 1532 2480; x_wconf 86' lang='lat' dir='ltr'><strong>Menapia</strong></span> <span class='ocrx_word' id='word_1_224' title='bbox 1562 2414 1804 2484; x_wconf 88' lang='lat' dir='ltr'><strong>cognominatas,</strong></span> <span class='ocrx_word' id='word_1_225' title='bbox 1820 2413 1896 2483; x_wconf 83' lang='lat' dir='ltr'><strong>cujas</strong></span> 
     </span>
     <span class='ocr_line' id='line_1_39' title="bbox 1073 2496 1896 2572; baseline 0.005 -21"><span class='ocrx_word' id='word_1_226' title='bbox 1073 2496 1316 2571; x_wconf 86' lang='lat' dir='ltr'><strong>incoleegencrali</strong></span> <span class='ocrx_word' id='word_1_227' title='bbox 1328 2500 1514 2554; x_wconf 87' lang='lat' dir='ltr'><strong>vccabuloeb</strong></span> <span class='ocrx_word' id='word_1_228' title='bbox 1523 2500 1781 2572; x_wconf 87' lang='lat' dir='ltr'><strong>historiographis</strong></span> <span class='ocrx_word' id='word_1_229' title='bbox 1795 2501 1896 2571; x_wconf 83' lang='lat' dir='ltr'><strong>Menapi</strong></span> 
     </span>
     <span class='ocr_line' id='line_1_40' title="bbox 1072 2586 1898 2662; baseline 0.005 -22"><span class='ocrx_word' id='word_1_230' title='bbox 1072 2586 1317 2652; x_wconf 88' lang='lat' dir='ltr'><strong>denominantur;</strong></span> <span class='ocrx_word' id='word_1_231' title='bbox 1334 2604 1409 2659; x_wconf 75' lang='lat' dir='ltr'><strong>geris</strong></span> <span class='ocrx_word' id='word_1_232' title='bbox 1425 2589 1543 2660; x_wconf 90' lang='lat' dir='ltr'><strong>antiqua</strong></span> <span class='ocrx_word' id='word_1_233' title='bbox 1559 2592 1588 2644; x_wconf 88' lang='lat' dir='ltr'><strong>et</strong></span> <span class='ocrx_word' id='word_1_234' title='bbox 1604 2605 1726 2660; x_wconf 86' lang='lat' dir='ltr'><strong>aspera,</strong></span> <span class='ocrx_word' id='word_1_235' title='bbox 1739 2607 1804 2662; x_wconf 79' lang='lat' dir='ltr'><strong>quae</strong></span> <span class='ocrx_word' id='word_1_236' title='bbox 1817 2607 1833 2643; x_wconf 88' lang='lat' dir='ltr'><strong>a</strong></span> <span class='ocrx_word' id='word_1_237' title='bbox 1847 2591 1898 2644; x_wconf 85' lang='lat' dir='ltr'><strong>llo·</strong></span> 
     </span>
     <span class='ocr_line' id='line_1_41' title="bbox 1073 2677 1899 2749; baseline 0.004 -20"><span class='ocrx_word' id='word_1_238' title='bbox 1073 2677 1168 2730; x_wconf 89' lang='lat' dir='ltr'><strong>manis</strong></span> <span class='ocrx_word' id='word_1_239' title='bbox 1184 2677 1281 2748; x_wconf 90' lang='lat' dir='ltr'><strong>etiam,</strong></span> <span class='ocrx_word' id='word_1_240' title='bbox 1299 2682 1330 2730; x_wconf 91' lang='lat' dir='ltr'><strong>at</strong></span> <span class='ocrx_word' id='word_1_241' title='bbox 1347 2681 1477 2732; x_wconf 81' lang='lat' dir='ltr'><strong>veterum</strong></span> <span class='ocrx_word' id='word_1_242' title='bbox 1493 2679 1618 2733; x_wconf 89' lang='lat' dir='ltr'><strong>historia</strong></span> <span class='ocrx_word' id='word_1_243' title='bbox 1637 2681 1783 2749; x_wconf 83' lang='lat' dir='ltr'><strong>meminit,</strong></span> <span class='ocrx_word' id='word_1_244' title='bbox 1800 2680 1899 2735; x_wconf 85' lang='lat' dir='ltr'><strong>domari</strong></span> 
     </span>
     <span class='ocr_line' id='line_1_42' title="bbox 1072 2765 1900 2840; baseline 0.004 -22"><span class='ocrx_word' id='word_1_245' title='bbox 1072 2780 1131 2819; x_wconf 90' lang='lat' dir='ltr'><strong>non</strong></span> <span class='ocrx_word' id='word_1_246' title='bbox 1146 2765 1248 2834; x_wconf 89' lang='lat' dir='ltr'><strong>potuit.</strong></span> <span class='ocrx_word' id='word_1_247' title='bbox 1267 2765 1338 2820; x_wconf 83' lang='lat' dir='ltr'><strong>llaec</strong></span> <span class='ocrx_word' id='word_1_248' title='bbox 1363 2782 1422 2821; x_wconf 92' lang='lat' dir='ltr'><strong>non</strong></span> <span class='ocrx_word' id='word_1_249' title='bbox 1436 2767 1584 2837; x_wconf 88' lang='lat' dir='ltr'><strong>reperitur</strong></span> <span class='ocrx_word' id='word_1_250' title='bbox 1609 2768 1710 2823; x_wconf 89' lang='lat' dir='ltr'><strong>alieno</strong></span> <span class='ocrx_word' id='word_1_251' title='bbox 1727 2769 1824 2840; x_wconf 86' lang='lat' dir='ltr'><strong>alique</strong></span> <span class='ocrx_word' id='word_1_252' title='bbox 1839 2785 1900 2822; x_wconf 83' lang='lat' dir='ltr'><strong>san·</strong></span> 
     </span>
    </p>
   </div>
   <div class='ocr_carea' id='block_1_18' title="bbox 185 2853 1900 2962">
    <p class='ocr_par' dir='ltr' id='par_1_18' title="bbox 185 2853 1900 2962">
     <span class='ocr_line' id='line_1_43' title="bbox 185 2853 1900 2962; baseline -0.001 -16"><span class='ocrx_word' id='word_1_253' title='bbox 185 2891 281 2960; x_wconf 88' lang='lat' dir='ltr'><strong>sione,</strong></span> <span class='ocrx_word' id='word_1_254' title='bbox 312 2907 462 2962; x_wconf 91' lang='lat' dir='ltr'><strong>nunquam</strong></span> <span class='ocrx_word' id='word_1_255' title='bbox 492 2891 642 2946; x_wconf 89' lang='lat' dir='ltr'><strong>voluntate</strong></span> <span class='ocrx_word' id='word_1_256' title='bbox 679 2892 826 2946; x_wconf 84' lang='lat' dir='ltr'><strong>recedant.</strong></span> <span class='ocrx_word' id='word_1_257' title='bbox 855 2889 1021 2945; x_wconf 84' lang='lat' dir='ltr'><strong>Ostendant</strong></span> <span class='ocrx_word' id='word_1_258' title='bbox 1072 2853 1162 2924; x_wconf 51' lang='lat' dir='ltr'><strong>&amp;nine</strong></span> <span class='ocrx_word' id='word_1_259' title='bbox 1185 2854 1383 2923; x_wconf 56' lang='lat' dir='ltr'><strong>indum‘sed</strong></span> <span class='ocrx_word' id='word_1_260' title='bbox 1407 2856 1548 2926; x_wconf 64' lang='lat' dir='ltr'><strong>quaeffli⁸</strong></span> <span class='ocrx_word' id='word_1_261' title='bbox 1570 2857 1664 2912; x_wconf 59' lang='lat' dir='ltr'><strong>sedes</strong></span> <span class='ocrx_word' id='word_1_262' title='bbox 1688 2858 1792 2913; x_wconf 59' lang='lat' dir='ltr'>eadem</span> <span class='ocrx_word' id='word_1_263' title='bbox 1810 2863 1852 2912; x_wconf 67' lang='lat'><strong>⁰⁵¹</strong></span> <span class='ocrx_word' id='word_1_264' title='bbox 1877 2860 1900 2911; x_wconf 47' lang='grc' dir='ltr'><strong>Θ*</strong></span> 
     </span>
    </p>
   </div>
   <div class='ocr_carea' id='block_1_19' title="bbox 185 2981 1019 3054">
    <p class='ocr_par' dir='ltr' id='par_1_19' title="bbox 185 2981 1019 3054">
     <span class='ocr_line' id='line_1_44' title="bbox 185 2981 1019 3054; baseline -0.005 -15"><span class='ocrx_word' id='word_1_265' title='bbox 185 2985 264 3039; x_wconf 89' lang='lat' dir='ltr'><strong>onim</strong></span> <span class='ocrx_word' id='word_1_266' title='bbox 277 2985 305 3038; x_wconf 91' lang='lat' dir='ltr'><strong>et</strong></span> <span class='ocrx_word' id='word_1_267' title='bbox 318 2998 409 3052; x_wconf 89' lang='lat' dir='ltr'><strong>posse</strong></span> <span class='ocrx_word' id='word_1_268' title='bbox 419 2983 577 3051; x_wconf 88' lang='lat' dir='ltr'><strong>impetrare</strong></span> <span class='ocrx_word' id='word_1_269' title='bbox 588 2981 828 3054; x_wconf 84' lang='lat' dir='ltr'><strong>quadregantur,</strong></span> <span class='ocrx_word' id='word_1_270' title='bbox 839 2981 1019 3051; x_wconf 90' lang='lat' dir='ltr'><strong>dumpostu·</strong></span> 
     </span>
    </p>
   </div>
   <div class='ocr_carea' id='block_1_20' title="bbox 185 3071 1114 3143">
    <p class='ocr_par' dir='ltr' id='par_1_20' title="bbox 185 3071 1114 3143">
     <span class='ocr_line' id='line_1_45' title="bbox 185 3071 1114 3143; baseline 0.002 -15"><span class='ocrx_word' id='word_1_271' title='bbox 185 3075 242 3128; x_wconf 88' lang='lat' dir='ltr'><strong>lata</strong></span> <span class='ocrx_word' id='word_1_272' title='bbox 257 3072 504 3143; x_wconf 65' lang='lat' dir='ltr'><strong>conseruntque,</strong></span> <span class='ocrx_word' id='word_1_273' title='bbox 516 3072 575 3125; x_wconf 72' lang='lat' dir='ltr'><strong>frisi</strong></span> <span class='ocrx_word' id='word_1_274' title='bbox 589 3072 715 3127; x_wconf 88' lang='lat' dir='ltr'><strong>feliciter</strong></span> <span class='ocrx_word' id='word_1_275' title='bbox 722 3072 761 3126; x_wconf 92' lang='lat' dir='ltr'><strong>ibi</strong></span> <span class='ocrx_word' id='word_1_276' title='bbox 773 3071 1019 3140; x_wconf 89' lang='lat' dir='ltr'><strong>viverent,adeos</strong></span> <span class='ocrx_word' id='word_1_277' title='bbox 1109 3119 1114 3130; x_wconf 94' lang='lat'>.</span> 
     </span>
    </p>
   </div>
   <div class='ocr_carea' id='block_1_21' title="bbox 185 3119 1900 3233">
    <p class='ocr_par' dir='ltr' id='par_1_21' title="bbox 185 3119 1900 3233">
     <span class='ocr_line' id='line_1_46' title="bbox 185 3119 1900 3233; baseline 0.002 -62"><span class='ocrx_word' id='word_1_278' title='bbox 185 3162 406 3233; x_wconf 57' lang='lat' dir='ltr'><strong>suspiramihus</strong></span> <span class='ocrx_word' id='word_1_279' title='bbox 417 3159 792 3216; x_wconf 32' lang='grc' dir='ltr'><strong>ἀοῃπθῃοῃὸιθνθηΐιῃιχ</strong></span> <span class='ocrx_word' id='word_1_280' title='bbox 807 3160 1019 3231; x_wconf 58' lang='lat' dir='ltr'><strong>quaeommun,</strong></span> <span class='ocrx_word' id='word_1_281' title='bbox 1064 3136 1215 3188; x_wconf 86' lang='lat' dir='ltr'><strong>prmcrpro</strong></span> <span class='ocrx_word' id='word_1_282' title='bbox 1231 3137 1260 3175; x_wconf 85' lang='lat' dir='ltr'><strong>rn</strong></span> <span class='ocrx_word' id='word_1_283' title='bbox 1276 3119 1392 3176; x_wconf 88' lang='lat' dir='ltr'><strong>Caletes</strong></span> <span class='ocrx_word' id='word_1_284' title='bbox 1408 3121 1570 3177; x_wconf 80' lang='lat' dir='ltr'><strong>etssatavos</strong></span> <span class='ocrx_word' id='word_1_285' title='bbox 1582 3123 1900 3179; x_wconf 84' lang='lat' dir='ltr'><strong>subdiviserevorabu-</strong></span> 
     </span>
    </p>
   </div>
   <div class='ocr_carea' id='block_1_22' title="bbox 184 3248 1020 3323">
    <p class='ocr_par' dir='ltr' id='par_1_22' title="bbox 184 3248 1020 3323">
     <span class='ocr_line' id='line_1_47' title="bbox 184 3248 1020 3323; baseline -0.002 -19"><span class='ocrx_word' id='word_1_286' title='bbox 184 3251 357 3323; x_wconf 89' lang='lat' dir='ltr'><strong>angelorum</strong></span> <span class='ocrx_word' id='word_1_287' title='bbox 367 3252 394 3304; x_wconf 90' lang='lat' dir='ltr'><strong>et</strong></span> <span class='ocrx_word' id='word_1_288' title='bbox 408 3248 561 3303; x_wconf 89' lang='lat' dir='ltr'><strong>hominum</strong></span> <span class='ocrx_word' id='word_1_289' title='bbox 575 3249 666 3319; x_wconf 85' lang='lat' dir='ltr'><strong>curie,</strong></span> <span class='ocrx_word' id='word_1_290' title='bbox 679 3266 745 3320; x_wconf 80' lang='lat' dir='ltr'><strong>quea</strong></span> <span class='ocrx_word' id='word_1_291' title='bbox 760 3264 816 3303; x_wconf 91' lang='lat' dir='ltr'><strong>una</strong></span> <span class='ocrx_word' id='word_1_292' title='bbox 827 3265 879 3318; x_wconf 87' lang='lat' dir='ltr'><strong>per</strong></span> <span class='ocrx_word' id='word_1_293' title='bbox 890 3248 1020 3317; x_wconf 92' lang='lat' dir='ltr'><strong>adeptio·</strong></span> 
     </span>
    </p>
   </div>
   <div class='ocr_carea' id='block_1_23' title="bbox 150 3336 1017 5740">
    <p class='ocr_par' dir='ltr' id='par_1_23' title="bbox 150 3336 1017 5740">
     <span class='ocr_line' id='line_1_48' title="bbox 183 3336 1017 3410; baseline -0.001 -16"><span class='ocrx_word' id='word_1_294' title='bbox 183 3356 250 3394; x_wconf 88' lang='lat' dir='ltr'><strong>nem</strong></span> <span class='ocrx_word' id='word_1_295' title='bbox 260 3339 324 3410; x_wconf 81' lang='lat' dir='ltr'><strong>jam</strong></span> <span class='ocrx_word' id='word_1_296' title='bbox 339 3343 385 3394; x_wconf 89' lang='lat' dir='ltr'><strong>est</strong></span> <span class='ocrx_word' id='word_1_297' title='bbox 400 3336 476 3393; x_wconf 88' lang='lat' dir='ltr'><strong>facte</strong></span> <span class='ocrx_word' id='word_1_298' title='bbox 491 3339 671 3409; x_wconf 88' lang='lat' dir='ltr'><strong>respublica,</strong></span> <span class='ocrx_word' id='word_1_299' title='bbox 683 3355 738 3392; x_wconf 81' lang='lat' dir='ltr'><strong>rex</strong></span> <span class='ocrx_word' id='word_1_300' title='bbox 753 3338 901 3408; x_wconf 74' lang='lat' dir='ltr'><strong>Christus,</strong></span> <span class='ocrx_word' id='word_1_301' title='bbox 913 3337 1017 3407; x_wconf 76' lang='lat' dir='ltr'><strong>preest·</strong></span> 
     </span>
     <span class='ocr_line' id='line_1_49' title="bbox 182 3424 1017 3500; baseline -0.006 -16"><span class='ocrx_word' id='word_1_302' title='bbox 182 3429 257 3485; x_wconf 86' lang='lat' dir='ltr'><strong>dens</strong></span> <span class='ocrx_word' id='word_1_303' title='bbox 270 3429 397 3500; x_wconf 87' lang='lat' dir='ltr'><strong>singulis</strong></span> <span class='ocrx_word' id='word_1_304' title='bbox 410 3428 610 3499; x_wconf 85' lang='lat' dir='ltr'><strong>quibusquam</strong></span> <span class='ocrx_word' id='word_1_305' title='bbox 626 3426 776 3498; x_wconf 88' lang='lat' dir='ltr'><strong>gentibus,</strong></span> <span class='ocrx_word' id='word_1_306' title='bbox 787 3443 842 3480; x_wconf 91' lang='lat' dir='ltr'><strong>sua</strong></span> <span class='ocrx_word' id='word_1_307' title='bbox 853 3426 907 3480; x_wconf 85' lang='lat' dir='ltr'><strong>Dei</strong></span> <span class='ocrx_word' id='word_1_308' title='bbox 916 3424 1017 3480; x_wconf 86' lang='lat' dir='ltr'><strong>suffra·</strong></span> 
     </span>
     <span class='ocr_line' id='line_1_50' title="bbox 150 3514 1015 3589; baseline -0.001 -20"><span class='ocrx_word' id='word_1_309' title='bbox 150 3552 154 3560; x_wconf 83' lang='lat'><em>-</em></span> <span class='ocrx_word' id='word_1_310' title='bbox 184 3519 241 3589; x_wconf 85' lang='lat' dir='ltr'><strong>gia,</strong></span> <span class='ocrx_word' id='word_1_311' title='bbox 258 3523 289 3573; x_wconf 93' lang='lat' dir='ltr'><strong>ut</strong></span> <span class='ocrx_word' id='word_1_312' title='bbox 304 3532 413 3586; x_wconf 89' lang='lat' dir='ltr'><strong>eorpus</strong></span> <span class='ocrx_word' id='word_1_313' title='bbox 430 3516 508 3586; x_wconf 84' lang='lat' dir='ltr'><strong>ejus,</strong></span> <span class='ocrx_word' id='word_1_314' title='bbox 524 3517 603 3587; x_wconf 89' lang='lat' dir='ltr'><strong>qaod</strong></span> <span class='ocrx_word' id='word_1_315' title='bbox 618 3521 664 3570; x_wconf 89' lang='lat' dir='ltr'><strong>est</strong></span> <span class='ocrx_word' id='word_1_316' title='bbox 677 3515 822 3585; x_wconf 82' lang='lat' dir='ltr'><strong>Ecclesia,</strong></span> <span class='ocrx_word' id='word_1_317' title='bbox 839 3514 939 3585; x_wconf 90' lang='lat' dir='ltr'><strong>utique</strong></span> <span class='ocrx_word' id='word_1_318' title='bbox 950 3531 1015 3584; x_wconf 90' lang='lat' dir='ltr'><strong>per·</strong></span> 
     </span>
     <span class='ocr_line' id='line_1_51' title="bbox 183 3603 1016 3676; baseline 0.001 -18"><span class='ocrx_word' id='word_1_319' title='bbox 183 3604 411 3676; x_wconf 87' lang='lat' dir='ltr'><strong>vigilcsbabeat</strong></span> <span class='ocrx_word' id='word_1_320' title='bbox 439 3620 502 3658; x_wconf 90' lang='lat' dir='ltr'><strong>suae</strong></span> <span class='ocrx_word' id='word_1_321' title='bbox 519 3604 767 3674; x_wconf 75' lang='lat' dir='ltr'><strong>peregrinationis</strong></span> <span class='ocrx_word' id='word_1_322' title='bbox 796 3603 948 3673; x_wconf 65' lang='lat' dir='ltr'><strong>excubias</strong></span> <span class='ocrx_word' id='word_1_323' title='bbox 979 3619 1016 3659; x_wconf 89' lang='lat' dir='ltr'><strong>ae</strong></span> 
     </span>
     <span class='ocr_line' id='line_1_52' title="bbox 182 3692 1013 3765; baseline 0.001 -18"><span class='ocrx_word' id='word_1_324' title='bbox 182 3693 341 3747; x_wconf 90' lang='lat' dir='ltr'><strong>invidentis</strong></span> <span class='ocrx_word' id='word_1_325' title='bbox 359 3692 469 3746; x_wconf 85' lang='lat' dir='ltr'><strong>inimici</strong></span> <span class='ocrx_word' id='word_1_326' title='bbox 485 3709 537 3762; x_wconf 90' lang='lat' dir='ltr'><strong>per</strong></span> <span class='ocrx_word' id='word_1_327' title='bbox 547 3693 723 3746; x_wconf 91' lang='lat' dir='ltr'><strong>incautelam</strong></span> <span class='ocrx_word' id='word_1_328' title='bbox 733 3693 862 3746; x_wconf 89' lang='lat' dir='ltr'><strong>incurrat</strong></span> <span class='ocrx_word' id='word_1_329' title='bbox 879 3693 1013 3765; x_wconf 84' lang='lat' dir='ltr'><strong>insidiae,</strong></span> 
     </span>
     <span class='ocr_line' id='line_1_53' title="bbox 182 3781 1013 3853; baseline 0.002 -18"><span class='ocrx_word' id='word_1_330' title='bbox 182 3799 235 3853; x_wconf 89' lang='lat' dir='ltr'><strong>per</strong></span> <span class='ocrx_word' id='word_1_331' title='bbox 249 3782 304 3836; x_wconf 93' lang='lat' dir='ltr'><strong>hos</strong></span> <span class='ocrx_word' id='word_1_332' title='bbox 320 3786 463 3851; x_wconf 87' lang='lat' dir='ltr'><strong>rectores,</strong></span> <span class='ocrx_word' id='word_1_333' title='bbox 487 3781 650 3836; x_wconf 87' lang='lat' dir='ltr'><strong>seeundum</strong></span> <span class='ocrx_word' id='word_1_334' title='bbox 666 3781 817 3852; x_wconf 85' lang='lat' dir='ltr'><strong>prophetae</strong></span> <span class='ocrx_word' id='word_1_335' title='bbox 833 3782 1013 3852; x_wconf 88' lang='lat' dir='ltr'><strong>vaticinium,</strong></span> 
     </span>
     <span class='ocr_line' id='line_1_54' title="bbox 180 3869 1012 3942; baseline -0.001 -16"><span class='ocrx_word' id='word_1_336' title='bbox 180 3871 304 3942; x_wconf 87' lang='lat' dir='ltr'><strong>requirit</strong></span> <span class='ocrx_word' id='word_1_337' title='bbox 315 3887 387 3926; x_wconf 88' lang='lat' dir='ltr'><strong>eves</strong></span> <span class='ocrx_word' id='word_1_338' title='bbox 399 3886 479 3936; x_wconf 78' lang='lat' dir='ltr'><strong>suaa,</strong></span> <span class='ocrx_word' id='word_1_339' title='bbox 493 3873 524 3926; x_wconf 92' lang='lat' dir='ltr'><strong>at</strong></span> <span class='ocrx_word' id='word_1_340' title='bbox 532 3871 610 3941; x_wconf 91' lang='lat' dir='ltr'><strong>quod</strong></span> <span class='ocrx_word' id='word_1_341' title='bbox 621 3870 773 3942; x_wconf 77' lang='lat' dir='ltr'><strong>abjectum</strong></span> <span class='ocrx_word' id='word_1_342' title='bbox 785 3869 872 3925; x_wconf 87' lang='lat' dir='ltr'><strong>fuerit</strong></span> <span class='ocrx_word' id='word_1_343' title='bbox 881 3871 1012 3942; x_wconf 89' lang='lat' dir='ltr'><strong>redueat,</strong></span> 
     </span>
     <span class='ocr_line' id='line_1_55' title="bbox 178 3957 1014 4030; baseline 0.005 -16"><span class='ocrx_word' id='word_1_344' title='bbox 178 3959 256 4030; x_wconf 92' lang='lat' dir='ltr'><strong>quod</strong></span> <span class='ocrx_word' id='word_1_345' title='bbox 273 3960 455 4014; x_wconf 87' lang='lat' dir='ltr'><strong>confractum</strong></span> <span class='ocrx_word' id='word_1_346' title='bbox 476 3957 564 4013; x_wconf 88' lang='lat' dir='ltr'><strong>fucrit</strong></span> <span class='ocrx_word' id='word_1_347' title='bbox 575 3960 684 4030; x_wconf 89' lang='lat' dir='ltr'><strong>alliget,</strong></span> <span class='ocrx_word' id='word_1_348' title='bbox 703 3958 1014 4030; x_wconf 89' lang='lat' dir='ltr'><strong>quodintlrmumfue-</strong></span> 
     </span>
     <span class='ocr_line' id='line_1_56' title="bbox 179 4047 1013 4120; baseline 0.005 -17"><span class='ocrx_word' id='word_1_349' title='bbox 179 4050 215 4103; x_wconf 91' lang='lat' dir='ltr'><strong>rit</strong></span> <span class='ocrx_word' id='word_1_350' title='bbox 233 4049 362 4118; x_wconf 88' lang='lat' dir='ltr'><strong>reducat,</strong></span> <span class='ocrx_word' id='word_1_351' title='bbox 389 4049 466 4118; x_wconf 91' lang='lat' dir='ltr'><strong>quod</strong></span> <span class='ocrx_word' id='word_1_352' title='bbox 488 4049 598 4120; x_wconf 83' lang='lat' dir='ltr'><strong>pingue</strong></span> <span class='ocrx_word' id='word_1_353' title='bbox 627 4053 655 4103; x_wconf 90' lang='lat' dir='ltr'><strong>et</strong></span> <span class='ocrx_word' id='word_1_354' title='bbox 677 4050 752 4104; x_wconf 84' lang='lat' dir='ltr'><strong>ferte</strong></span> <span class='ocrx_word' id='word_1_355' title='bbox 783 4047 938 4111; x_wconf 83' lang='lat' dir='ltr'><strong>custodiat.</strong></span> <span class='ocrx_word' id='word_1_356' title='bbox 970 4060 1013 4117; x_wconf 74' lang='grc' dir='ltr'><strong>Εχ</strong></span> 
     </span>
     <span class='ocr_line' id='line_1_57' title="bbox 177 4138 1013 4210; baseline 0.016 -19"><span class='ocrx_word' id='word_1_357' title='bbox 177 4138 287 4207; x_wconf 91' lang='lat' dir='ltr'><strong>quibus</strong></span> <span class='ocrx_word' id='word_1_358' title='bbox 302 4154 391 4193; x_wconf 91' lang='lat' dir='ltr'><strong>unum</strong></span> <span class='ocrx_word' id='word_1_359' title='bbox 408 4139 443 4192; x_wconf 92' lang='lat' dir='ltr'><strong>de</strong></span> <span class='ocrx_word' id='word_1_360' title='bbox 455 4138 555 4192; x_wconf 91' lang='lat' dir='ltr'><strong>multis</strong></span> <span class='ocrx_word' id='word_1_361' title='bbox 567 4156 643 4210; x_wconf 88' lang='lat' dir='ltr'><strong>quos</strong></span> <span class='ocrx_word' id='word_1_362' title='bbox 655 4143 1013 4204; x_wconf 86' lang='lat' dir='ltr'><strong>diversisartibusmiriil·</strong></span> 
     </span>
     <span class='ocr_line' id='line_1_58' title="bbox 178 4228 1010 4310; baseline 0.014 -29"><span class='ocrx_word' id='word_1_363' title='bbox 178 4229 255 4282; x_wconf 88' lang='lat' dir='ltr'><strong>cavit</strong></span> <span class='ocrx_word' id='word_1_364' title='bbox 282 4228 486 4301; x_wconf 81' lang='lat' dir='ltr'><strong>Donatiaaurn,</strong></span> <span class='ocrx_word' id='word_1_365' title='bbox 511 4232 628 4286; x_wconf 86' lang='lat' dir='ltr'><strong>fidelem</strong></span> <span class='ocrx_word' id='word_1_366' title='bbox 657 4235 761 4306; x_wconf 88' lang='lat' dir='ltr'><strong>gregis</strong></span> <span class='ocrx_word' id='word_1_367' title='bbox 785 4238 1010 4310; x_wconf 75' lang='lat' dir='ltr'><strong>praeambulum,</strong></span> 
     </span>
     <span class='ocr_line' id='line_1_59' title="bbox 177 4317 1011 4386; baseline 0.016 -17"><span class='ocrx_word' id='word_1_368' title='bbox 177 4317 263 4386; x_wconf 90' lang='lat' dir='ltr'><strong>eavit,</strong></span> <span class='ocrx_word' id='word_1_369' title='bbox 279 4319 432 4374; x_wconf 84' lang='lat' dir='ltr'><strong>emeritum</strong></span> <span class='ocrx_word' id='word_1_370' title='bbox 449 4336 512 4375; x_wconf 82' lang='lat' dir='ltr'><strong>suae</strong></span> <span class='ocrx_word' id='word_1_371' title='bbox 542 4321 652 4376; x_wconf 88' lang='lat' dir='ltr'><strong>demas</strong></span> <span class='ocrx_word' id='word_1_372' title='bbox 676 4324 907 4380; x_wconf 86' lang='lat' dir='ltr'><strong>mansionarium</strong></span> <span class='ocrx_word' id='word_1_373' title='bbox 923 4328 1011 4382; x_wconf 91' lang='lat' dir='ltr'><strong>nobis</strong></span> 
     </span>
     <span class='ocr_line' id='line_1_60' title="bbox 178 4405 1013 4477; baseline 0.018 -20"><span class='ocrx_word' id='word_1_374' title='bbox 178 4405 299 4459; x_wconf 87' lang='lat' dir='ltr'><strong>marinis</strong></span> <span class='ocrx_word' id='word_1_375' title='bbox 315 4407 465 4477; x_wconf 91' lang='lat' dir='ltr'><strong>plebibus,</strong></span> <span class='ocrx_word' id='word_1_376' title='bbox 484 4411 706 4466; x_wconf 87' lang='lat' dir='ltr'><strong>sanctissimum</strong></span> <span class='ocrx_word' id='word_1_377' title='bbox 717 4413 921 4470; x_wconf 86' lang='lat' dir='ltr'><strong>confessorem</strong></span> <span class='ocrx_word' id='word_1_378' title='bbox 936 4416 1013 4472; x_wconf 87' lang='lat' dir='ltr'><strong>dele·</strong></span> 
     </span>
     <span class='ocr_line' id='line_1_61' title="bbox 177 4495 1010 4579; baseline 0.019 -32"><span class='ocrx_word' id='word_1_379' title='bbox 177 4495 258 4565; x_wconf 80' lang='lat' dir='ltr'><strong>gavit</strong></span> <span class='ocrx_word' id='word_1_380' title='bbox 277 4495 484 4567; x_wconf 87' lang='lat' dir='ltr'><strong>Donatioaum,</strong></span> <span class='ocrx_word' id='word_1_381' title='bbox 506 4498 624 4554; x_wconf 84' lang='lat' dir='ltr'><strong>fidelem</strong></span> <span class='ocrx_word' id='word_1_382' title='bbox 657 4502 762 4574; x_wconf 88' lang='lat' dir='ltr'><strong>gregis</strong></span> <span class='ocrx_word' id='word_1_383' title='bbox 787 4505 1010 4579; x_wconf 76' lang='lat' dir='ltr'><strong>praeambulam,</strong></span> 
     </span>
     <span class='ocr_line' id='line_1_62' title="bbox 177 4580 1011 4666; baseline 0.023 -31"><span class='ocrx_word' id='word_1_384' title='bbox 177 4580 323 4656; x_wconf 79' lang='lat' dir='ltr'><strong>frugalem</strong></span> <span class='ocrx_word' id='word_1_385' title='bbox 339 4587 645 4657; x_wconf 88' lang='lat' dir='ltr'><strong>nutritium,votorum</strong></span> <span class='ocrx_word' id='word_1_386' title='bbox 660 4597 876 4666; x_wconf 87' lang='lat' dir='ltr'><strong>susceptorem,</strong></span> <span class='ocrx_word' id='word_1_387' title='bbox 888 4597 1011 4654; x_wconf 85' lang='lat' dir='ltr'><strong>hilarem</strong></span> 
     </span>
     <span class='ocr_line' id='line_1_63' title="bbox 176 4672 1010 4754; baseline 0.023 -29"><span class='ocrx_word' id='word_1_388' title='bbox 176 4672 206 4726; x_wconf 91' lang='lat' dir='ltr'><strong>ia</strong></span> <span class='ocrx_word' id='word_1_389' title='bbox 229 4675 367 4729; x_wconf 89' lang='lat' dir='ltr'><strong>omnibus</strong></span> <span class='ocrx_word' id='word_1_390' title='bbox 391 4676 532 4747; x_wconf 90' lang='lat' dir='ltr'><strong>datorem,</strong></span> <span class='ocrx_word' id='word_1_391' title='bbox 559 4676 682 4734; x_wconf 88' lang='lat' dir='ltr'><strong>medelae</strong></span> <span class='ocrx_word' id='word_1_392' title='bbox 706 4681 823 4754; x_wconf 87' lang='lat' dir='ltr'><strong>largam</strong></span> <span class='ocrx_word' id='word_1_393' title='bbox 850 4688 1010 4745; x_wconf 87' lang='lat' dir='ltr'><strong>curationis</strong></span> 
     </span>
     <span class='ocr_line' id='line_1_64' title="bbox 176 4765 1008 4835; baseline 0.02 -18"><span class='ocrx_word' id='word_1_394' title='bbox 176 4767 322 4834; x_wconf 87' lang='lat' dir='ltr'><strong>sanctum,</strong></span> <span class='ocrx_word' id='word_1_395' title='bbox 340 4765 446 4819; x_wconf 91' lang='lat' dir='ltr'><strong>salutis</strong></span> <span class='ocrx_word' id='word_1_396' title='bbox 462 4766 608 4823; x_wconf 88' lang='lat' dir='ltr'><strong>diuturnae</strong></span> <span class='ocrx_word' id='word_1_397' title='bbox 628 4772 752 4825; x_wconf 85' lang='lat' dir='ltr'><strong>tutorem</strong></span> <span class='ocrx_word' id='word_1_398' title='bbox 775 4776 1008 4835; x_wconf 88' lang='lat' dir='ltr'><strong>sanctissimum.</strong></span> 
     </span>
     <span class='ocr_line' id='line_1_65' title="bbox 175 4852 1009 4934; baseline 0.02 -29"><span class='ocrx_word' id='word_1_399' title='bbox 175 4852 229 4916; x_wconf 85' lang='lat' dir='ltr'><strong>Qui</strong></span> <span class='ocrx_word' id='word_1_400' title='bbox 246 4868 305 4908; x_wconf 90' lang='lat' dir='ltr'><strong>non</strong></span> <span class='ocrx_word' id='word_1_401' title='bbox 317 4854 403 4909; x_wconf 89' lang='lat' dir='ltr'><strong>modo</strong></span> <span class='ocrx_word' id='word_1_402' title='bbox 418 4855 469 4910; x_wconf 90' lang='lat' dir='ltr'><strong>abi</strong></span> <span class='ocrx_word' id='word_1_403' title='bbox 485 4858 665 4912; x_wconf 87' lang='lat' dir='ltr'><strong>venerabilis</strong></span> <span class='ocrx_word' id='word_1_404' title='bbox 682 4863 816 4932; x_wconf 87' lang='lat' dir='ltr'><strong>corperis</strong></span> <span class='ocrx_word' id='word_1_405' title='bbox 832 4863 928 4934; x_wconf 89' lang='lat' dir='ltr'><strong>ipsius</strong></span> <span class='ocrx_word' id='word_1_406' title='bbox 943 4868 1009 4922; x_wconf 88' lang='lat' dir='ltr'><strong>ibe-</strong></span> 
     </span>
     <span class='ocr_line' id='line_1_66' title="bbox 176 4943 1009 5018; baseline 0.02 -24"><span class='ocrx_word' id='word_1_407' title='bbox 176 4954 285 4996; x_wconf 86' lang='lat' dir='ltr'><strong>saurus</strong></span> <span class='ocrx_word' id='word_1_408' title='bbox 302 4943 463 4999; x_wconf 88' lang='lat' dir='ltr'><strong>honoratur</strong></span> <span class='ocrx_word' id='word_1_409' title='bbox 475 4946 633 5002; x_wconf 86' lang='lat' dir='ltr'><strong>virtutibus</strong></span> <span class='ocrx_word' id='word_1_410' title='bbox 644 4954 791 5018; x_wconf 85' lang='lat' dir='ltr'><strong>coruscat,</strong></span> <span class='ocrx_word' id='word_1_411' title='bbox 808 4957 1009 5011; x_wconf 88' lang='lat' dir='ltr'><strong>verumetiam</strong></span> 
     </span>
     <span class='ocr_line' id='line_1_67' title="bbox 176 5033 1008 5100; baseline 0.022 -19"><span class='ocrx_word' id='word_1_412' title='bbox 176 5033 258 5085; x_wconf 86' lang='lat' dir='ltr'><strong>extra</strong></span> <span class='ocrx_word' id='word_1_413' title='bbox 287 5033 427 5088; x_wconf 87' lang='lat' dir='ltr'><strong>territorii</strong></span> <span class='ocrx_word' id='word_1_414' title='bbox 459 5035 506 5089; x_wconf 88' lang='lat' dir='ltr'><strong>sai</strong></span> <span class='ocrx_word' id='word_1_415' title='bbox 531 5035 639 5091; x_wconf 89' lang='lat' dir='ltr'><strong>limites</strong></span> <span class='ocrx_word' id='word_1_416' title='bbox 671 5039 820 5093; x_wconf 90' lang='lat' dir='ltr'><strong>multoties</strong></span> <span class='ocrx_word' id='word_1_417' title='bbox 849 5043 1008 5100; x_wconf 89' lang='lat' dir='ltr'><strong>miraculo-</strong></span> 
     </span>
     <span class='ocr_line' id='line_1_68' title="bbox 176 5122 1008 5201; baseline 0.024 -33"><span class='ocrx_word' id='word_1_418' title='bbox 176 5130 242 5171; x_wconf 85' lang='lat' dir='ltr'><strong>rum</strong></span> <span class='ocrx_word' id='word_1_419' title='bbox 270 5122 367 5194; x_wconf 87' lang='lat' dir='ltr'><strong>signis</strong></span> <span class='ocrx_word' id='word_1_420' title='bbox 394 5123 536 5194; x_wconf 72' lang='lat' dir='ltr'><strong>innotuit,</strong></span> <span class='ocrx_word' id='word_1_421' title='bbox 563 5141 630 5195; x_wconf 88' lang='lat' dir='ltr'><strong>quae</strong></span> <span class='ocrx_word' id='word_1_422' title='bbox 664 5143 722 5181; x_wconf 92' lang='lat' dir='ltr'><strong>non</strong></span> <span class='ocrx_word' id='word_1_423' title='bbox 750 5132 808 5182; x_wconf 90' lang='lat' dir='ltr'><strong>tam</strong></span> <span class='ocrx_word' id='word_1_424' title='bbox 830 5131 1008 5201; x_wconf 85' lang='lat' dir='ltr'><strong>scriptoram</strong></span> 
     </span>
     <span class='ocr_line' id='line_1_69' title="bbox 175 5203 1008 5289; baseline 0.024 -32"><span class='ocrx_word' id='word_1_425' title='bbox 175 5203 375 5279; x_wconf 87' lang='lat' dir='ltr'><strong>inopiaquam</strong></span> <span class='ocrx_word' id='word_1_426' title='bbox 399 5229 453 5267; x_wconf 87' lang='lat' dir='ltr'><strong>sua</strong></span> <span class='ocrx_word' id='word_1_427' title='bbox 484 5228 602 5283; x_wconf 89' lang='lat' dir='ltr'><strong>semper</strong></span> <span class='ocrx_word' id='word_1_428' title='bbox 630 5231 749 5285; x_wconf 82' lang='lat' dir='ltr'><strong>carana,</strong></span> <span class='ocrx_word' id='word_1_429' title='bbox 779 5222 1008 5289; x_wconf 78' lang='lat' dir='ltr'><strong>nonqaeetesu</strong></span> 
     </span>
     <span class='ocr_line' id='line_1_70' title="bbox 176 5291 1007 5377; baseline 0.028 -33"><span class='ocrx_word' id='word_1_430' title='bbox 176 5291 295 5359; x_wconf 83' lang='lat' dir='ltr'><strong>Christi,</strong></span> <span class='ocrx_word' id='word_1_431' title='bbox 313 5302 428 5355; x_wconf 89' lang='lat' dir='ltr'><strong>terrena</strong></span> <span class='ocrx_word' id='word_1_432' title='bbox 451 5303 620 5357; x_wconf 90' lang='lat' dir='ltr'><strong>sollicitudo</strong></span> <span class='ocrx_word' id='word_1_433' title='bbox 643 5306 843 5377; x_wconf 86' lang='lat' dir='ltr'><strong>negligentius</strong></span> <span class='ocrx_word' id='word_1_434' title='bbox 858 5308 1007 5367; x_wconf 87' lang='lat' dir='ltr'><strong>oblivione</strong></span> 
     </span>
     <span class='ocr_line' id='line_1_71' title="bbox 176 5381 1006 5466; baseline 0.022 -30"><span class='ocrx_word' id='word_1_435' title='bbox 176 5381 294 5437; x_wconf 87' lang='lat' dir='ltr'><strong>delevit.</strong></span> <span class='ocrx_word' id='word_1_436' title='bbox 325 5385 366 5440; x_wconf 84' lang='lat' dir='ltr'><strong>lle</strong></span> <span class='ocrx_word' id='word_1_437' title='bbox 395 5391 503 5458; x_wconf 90' lang='lat' dir='ltr'><strong>quibus</strong></span> <span class='ocrx_word' id='word_1_438' title='bbox 534 5394 736 5448; x_wconf 85' lang='lat' dir='ltr'><strong>memorabilia</strong></span> <span class='ocrx_word' id='word_1_439' title='bbox 765 5397 900 5466; x_wconf 86' lang='lat' dir='ltr'><strong>quaedam</strong></span> <span class='ocrx_word' id='word_1_440' title='bbox 930 5399 1006 5455; x_wconf 91' lang='lat' dir='ltr'><strong>deno</strong></span> 
     </span>
     <span class='ocr_line' id='line_1_72' title="bbox 176 5471 1005 5555; baseline 0.021 -29"><span class='ocrx_word' id='word_1_441' title='bbox 176 5472 272 5527; x_wconf 86' lang='lat' dir='ltr'><strong>sancti</strong></span> <span class='ocrx_word' id='word_1_442' title='bbox 287 5471 416 5543; x_wconf 88' lang='lat' dir='ltr'><strong>Spiritus</strong></span> <span class='ocrx_word' id='word_1_443' title='bbox 431 5480 583 5535; x_wconf 87' lang='lat' dir='ltr'><strong>notificare</strong></span> <span class='ocrx_word' id='word_1_444' title='bbox 595 5483 796 5553; x_wconf 86' lang='lat' dir='ltr'><strong>suscepimus,</strong></span> <span class='ocrx_word' id='word_1_445' title='bbox 806 5501 873 5555; x_wconf 80' lang='lat' dir='ltr'><strong>quae</strong></span> <span class='ocrx_word' id='word_1_446' title='bbox 889 5487 919 5540; x_wconf 93' lang='lat' dir='ltr'><strong>in</strong></span> <span class='ocrx_word' id='word_1_447' title='bbox 930 5487 1005 5543; x_wconf 91' lang='lat' dir='ltr'><strong>Gua-</strong></span> 
     </span>
     <span class='ocr_line' id='line_1_73' title="bbox 174 5562 1008 5649; baseline 0.022 -33"><span class='ocrx_word' id='word_1_448' title='bbox 174 5562 285 5618; x_wconf 90' lang='lat' dir='ltr'><strong>tineasi</strong></span> <span class='ocrx_word' id='word_1_449' title='bbox 307 5566 409 5619; x_wconf 88' lang='lat' dir='ltr'><strong>nostra</strong></span> <span class='ocrx_word' id='word_1_450' title='bbox 431 5567 558 5622; x_wconf 90' lang='lat' dir='ltr'><strong>eeclesia</strong></span> <span class='ocrx_word' id='word_1_451' title='bbox 591 5575 659 5627; x_wconf 88' lang='lat' dir='ltr'><strong>ante</strong></span> <span class='ocrx_word' id='word_1_452' title='bbox 684 5571 740 5626; x_wconf 91' lang='lat' dir='ltr'><strong>hcc</strong></span> <span class='ocrx_word' id='word_1_453' title='bbox 768 5573 927 5631; x_wconf 90' lang='lat' dir='ltr'><strong>triennium</strong></span> <span class='ocrx_word' id='word_1_454' title='bbox 953 5592 1008 5649; x_wconf 87' lang='lat' dir='ltr'><strong>per</strong></span> 
     </span>
     <span class='ocr_line' id='line_1_74' title="bbox 176 5652 1006 5740; baseline 0.02 -32"><span class='ocrx_word' id='word_1_455' title='bbox 176 5652 313 5712; x_wconf 87' lang='lat' dir='ltr'><strong>eumdem</strong></span> <span class='ocrx_word' id='word_1_456' title='bbox 332 5657 490 5727; x_wconf 84' lang='lat' dir='ltr'><strong>patronum</strong></span> <span class='ocrx_word' id='word_1_457' title='bbox 504 5659 640 5715; x_wconf 86' lang='lat' dir='ltr'><strong>nostrum</strong></span> <span class='ocrx_word' id='word_1_458' title='bbox 658 5664 771 5732; x_wconf 86' lang='lat' dir='ltr'><strong>patrata</strong></span> <span class='ocrx_word' id='word_1_459' title='bbox 799 5665 1006 5740; x_wconf 83' lang='lat' dir='ltr'><strong>cognovimus,</strong></span> 
     </span>
    </p>
   </div>
   <div class='ocr_carea' id='block_1_24' title="bbox 1072 2942 1899 3107">
    <p class='ocr_par' dir='ltr' id='par_1_24' title="bbox 1072 2942 1899 3107">
     <span class='ocr_line' id='line_1_75' title="bbox 1072 2942 1899 3017; baseline 0.002 -21"><span class='ocrx_word' id='word_1_460' title='bbox 1072 2942 1168 3014; x_wconf 88' lang='lat' dir='ltr'><strong>origo.</strong></span> <span class='ocrx_word' id='word_1_461' title='bbox 1186 2942 1234 3012; x_wconf 89' lang='lat' dir='ltr'><strong>lli,</strong></span> <span class='ocrx_word' id='word_1_462' title='bbox 1258 2943 1432 2999; x_wconf 87' lang='lat' dir='ltr'><strong>fortissimis</strong></span> <span class='ocrx_word' id='word_1_463' title='bbox 1448 2960 1482 2998; x_wconf 91' lang='lat' dir='ltr'><strong>ac</strong></span> <span class='ocrx_word' id='word_1_464' title='bbox 1496 2946 1622 3000; x_wconf 88' lang='lat' dir='ltr'><strong>maratis</strong></span> <span class='ocrx_word' id='word_1_465' title='bbox 1634 2946 1758 3017; x_wconf 89' lang='lat' dir='ltr'><strong>oppidis</strong></span> <span class='ocrx_word' id='word_1_466' title='bbox 1773 2947 1846 3000; x_wconf 89' lang='lat' dir='ltr'><strong>inter</strong></span> <span class='ocrx_word' id='word_1_467' title='bbox 1871 2961 1899 2999; x_wconf 87' lang='lat' dir='ltr'><strong>se</strong></span> 
     </span>
     <span class='ocr_line' id='line_1_76' title="bbox 1072 3030 1899 3107; baseline 0 -22"><span class='ocrx_word' id='word_1_468' title='bbox 1072 3030 1141 3085; x_wconf 89' lang='lat' dir='ltr'><strong>olim</strong></span> <span class='ocrx_word' id='word_1_469' title='bbox 1157 3031 1256 3101; x_wconf 86' lang='lat' dir='ltr'><strong>divisi,</strong></span> <span class='ocrx_word' id='word_1_470' title='bbox 1272 3048 1427 3087; x_wconf 88' lang='lat' dir='ltr'><strong>commune</strong></span> <span class='ocrx_word' id='word_1_471' title='bbox 1438 3034 1651 3089; x_wconf 88' lang='lat' dir='ltr'><strong>dominativum</strong></span> <span class='ocrx_word' id='word_1_472' title='bbox 1669 3037 1741 3107; x_wconf 88' lang='lat' dir='ltr'><strong>pagi</strong></span> <span class='ocrx_word' id='word_1_473' title='bbox 1757 3035 1899 3106; x_wconf 82' lang='lat' dir='ltr'><strong>propriisa</strong></span> 
     </span>
    </p>
   </div>
   <div class='ocr_carea' id='block_1_25' title="bbox 1070 3208 1898 3370">
    <p class='ocr_par' dir='ltr' id='par_1_25' title="bbox 1070 3208 1898 3370">
     <span class='ocr_line' id='line_1_77' title="bbox 1070 3208 1898 3282; baseline 0.006 -21"><span class='ocrx_word' id='word_1_474' title='bbox 1070 3208 1118 3263; x_wconf 91' lang='lat' dir='ltr'><strong>lis.</strong></span> <span class='ocrx_word' id='word_1_475' title='bbox 1136 3209 1208 3281; x_wconf 89' lang='lat' dir='ltr'><strong>Pagi</strong></span> <span class='ocrx_word' id='word_1_476' title='bbox 1223 3212 1322 3264; x_wconf 87' lang='lat' dir='ltr'><strong>autem</strong></span> <span class='ocrx_word' id='word_1_477' title='bbox 1337 3210 1432 3280; x_wconf 92' lang='lat' dir='ltr'><strong>ipsius</strong></span> <span class='ocrx_word' id='word_1_478' title='bbox 1448 3210 1602 3282; x_wconf 88' lang='lat' dir='ltr'><strong>longitudo</strong></span> <span class='ocrx_word' id='word_1_479' title='bbox 1625 3212 1666 3267; x_wconf 90' lang='lat' dir='ltr'><strong>ab</strong></span> <span class='ocrx_word' id='word_1_480' title='bbox 1683 3215 1798 3268; x_wconf 85' lang='lat' dir='ltr'><strong>oriente</strong></span> <span class='ocrx_word' id='word_1_481' title='bbox 1812 3218 1898 3267; x_wconf 78' lang='lat' dir='ltr'><strong>exten</strong></span> 
     </span>
     <span class='ocr_line' id='line_1_78' title="bbox 1070 3298 1897 3370; baseline 0.004 -19"><span class='ocrx_word' id='word_1_482' title='bbox 1070 3298 1157 3366; x_wconf 86' lang='lat' dir='ltr'><strong>ditur,</strong></span> <span class='ocrx_word' id='word_1_483' title='bbox 1174 3300 1260 3369; x_wconf 89' lang='lat' dir='ltr'><strong>atque</strong></span> <span class='ocrx_word' id='word_1_484' title='bbox 1284 3298 1320 3352; x_wconf 88' lang='lat' dir='ltr'><strong>ab</strong></span> <span class='ocrx_word' id='word_1_485' title='bbox 1350 3299 1502 3354; x_wconf 87' lang='lat' dir='ltr'><strong>occidente</strong></span> <span class='ocrx_word' id='word_1_486' title='bbox 1525 3299 1619 3355; x_wconf 86' lang='lat' dir='ltr'><strong>Enula</strong></span> <span class='ocrx_word' id='word_1_487' title='bbox 1640 3301 1784 3357; x_wconf 89' lang='lat' dir='ltr'><strong>videlicet</strong></span> <span class='ocrx_word' id='word_1_488' title='bbox 1810 3301 1897 3370; x_wconf 81' lang='lat' dir='ltr'><strong>fario,</strong></span> 
     </span>
    </p>
   </div>
   <div class='ocr_carea' id='block_1_26' title="bbox 1029 3379 1899 3463">
    <p class='ocr_par' dir='ltr' id='par_1_26' title="bbox 1029 3379 1899 3463">
     <span class='ocr_line' id='line_1_79' title="bbox 1029 3379 1899 3463; baseline 0.006 -26"><span class='ocrx_word' id='word_1_489' title='bbox 1029 3379 1053 3437; x_wconf 85' lang='lat' dir='ltr'>C</span> <span class='ocrx_word' id='word_1_490' title='bbox 1069 3387 1158 3442; x_wconf 87' lang='lat' dir='ltr'><strong>linem</strong></span> <span class='ocrx_word' id='word_1_491' title='bbox 1173 3387 1348 3458; x_wconf 86' lang='lat' dir='ltr'><strong>excipiente,</strong></span> <span class='ocrx_word' id='word_1_492' title='bbox 1363 3387 1538 3443; x_wconf 85' lang='lat' dir='ltr'><strong>terminatur</strong></span> <span class='ocrx_word' id='word_1_493' title='bbox 1550 3406 1557 3454; x_wconf 92' lang='lat'>;</span> <span class='ocrx_word' id='word_1_494' title='bbox 1567 3407 1584 3443; x_wconf 88' lang='lat' dir='ltr'><strong>a</strong></span> <span class='ocrx_word' id='word_1_495' title='bbox 1594 3390 1689 3462; x_wconf 85' lang='lat' dir='ltr'><strong>cujus</strong></span> <span class='ocrx_word' id='word_1_496' title='bbox 1700 3392 1833 3463; x_wconf 87' lang='lat' dir='ltr'><strong>margine</strong></span> <span class='ocrx_word' id='word_1_497' title='bbox 1843 3407 1899 3461; x_wconf 87' lang='lat' dir='ltr'><strong>pau·</strong></span> 
     </span>
    </p>
   </div>
   <div class='ocr_carea' id='block_1_27' title="bbox 1064 3476 1896 4528">
    <p class='ocr_par' dir='ltr' id='par_1_27' title="bbox 1064 3476 1896 4528">
     <span class='ocr_line' id='line_1_80' title="bbox 1068 3476 1896 3550; baseline 0.002 -20"><span class='ocrx_word' id='word_1_498' title='bbox 1068 3476 1896 3550; x_wconf 83' lang='lat' dir='ltr'><strong>latimsuocrcsceatetumuloclementiproceritatemoas</strong></span> 
     </span>
     <span class='ocr_line' id='line_1_81' title="bbox 1069 3565 1895 3642; baseline 0.001 -24"><span class='ocrx_word' id='word_1_499' title='bbox 1069 3566 1211 3638; x_wconf 87' lang='lat' dir='ltr'><strong>gignitur,</strong></span> <span class='ocrx_word' id='word_1_500' title='bbox 1229 3565 1352 3636; x_wconf 87' lang='lat' dir='ltr'><strong>etplaao</strong></span> <span class='ocrx_word' id='word_1_501' title='bbox 1369 3566 1496 3621; x_wconf 88' lang='lat' dir='ltr'><strong>deductu</strong></span> <span class='ocrx_word' id='word_1_502' title='bbox 1510 3566 1546 3620; x_wconf 87' lang='lat' dir='ltr'><strong>ad</strong></span> <span class='ocrx_word' id='word_1_503' title='bbox 1559 3566 1765 3623; x_wconf 89' lang='lat' dir='ltr'><strong>subsolanum</strong></span> <span class='ocrx_word' id='word_1_504' title='bbox 1777 3576 1895 3642; x_wconf 80' lang='lat' dir='ltr'><strong>egestus,</strong></span> 
     </span>
     <span class='ocr_line' id='line_1_82' title="bbox 1068 3655 1893 3724; baseline 0.001 -16"><span class='ocrx_word' id='word_1_505' title='bbox 1068 3670 1084 3708; x_wconf 88' lang='lat' dir='ltr'><strong>a</strong></span> <span class='ocrx_word' id='word_1_506' title='bbox 1103 3655 1303 3724; x_wconf 86' lang='lat' dir='ltr'><strong>septentrione</strong></span> <span class='ocrx_word' id='word_1_507' title='bbox 1319 3671 1353 3710; x_wconf 89' lang='lat' dir='ltr'><strong>uc</strong></span> <span class='ocrx_word' id='word_1_508' title='bbox 1370 3655 1491 3710; x_wconf 90' lang='lat' dir='ltr'><strong>meridie</strong></span> <span class='ocrx_word' id='word_1_509' title='bbox 1507 3656 1717 3712; x_wconf 87' lang='lat' dir='ltr'><strong>residentibus</strong></span> <span class='ocrx_word' id='word_1_510' title='bbox 1744 3659 1893 3713; x_wconf 76' lang='lat' dir='ltr'><strong>cambisis</strong></span> 
     </span>
     <span class='ocr_line' id='line_1_83' title="bbox 1068 3742 1894 3818; baseline 0.002 -22"><span class='ocrx_word' id='word_1_511' title='bbox 1068 3742 1894 3818; x_wconf 83' lang='lat' dir='ltr'><strong>altitudinemcumalatur.Nemeribusconsitus,paseais</strong></span> 
     </span>
     <span class='ocr_line' id='line_1_84' title="bbox 1068 3833 1894 3905; baseline 0.002 -19"><span class='ocrx_word' id='word_1_512' title='bbox 1068 3834 1151 3903; x_wconf 90' lang='lat' dir='ltr'><strong>uber,</strong></span> <span class='ocrx_word' id='word_1_513' title='bbox 1169 3833 1282 3887; x_wconf 88' lang='lat' dir='ltr'><strong>olerum</strong></span> <span class='ocrx_word' id='word_1_514' title='bbox 1297 3833 1407 3888; x_wconf 90' lang='lat' dir='ltr'><strong>diversi</strong></span> <span class='ocrx_word' id='word_1_515' title='bbox 1423 3833 1544 3905; x_wconf 88' lang='lat' dir='ltr'><strong>generis</strong></span> <span class='ocrx_word' id='word_1_516' title='bbox 1556 3834 1633 3890; x_wconf 87' lang='lat' dir='ltr'><strong>adeo</strong></span> <span class='ocrx_word' id='word_1_517' title='bbox 1647 3835 1746 3904; x_wconf 80' lang='lat' dir='ltr'><strong>ferax,</strong></span> <span class='ocrx_word' id='word_1_518' title='bbox 1760 3837 1824 3892; x_wconf 85' lang='lat' dir='ltr'><strong>alsi</strong></span> <span class='ocrx_word' id='word_1_519' title='bbox 1834 3835 1894 3891; x_wconf 83' lang='lat' dir='ltr'><strong>aulis</strong></span> 
     </span>
     <span class='ocr_line' id='line_1_85' title="bbox 1067 3921 1895 3993; baseline 0.005 -19"><span class='ocrx_word' id='word_1_520' title='bbox 1067 3937 1226 3991; x_wconf 88' lang='lat' dir='ltr'><strong>procurare</strong></span> <span class='ocrx_word' id='word_1_521' title='bbox 1241 3921 1334 3991; x_wconf 85' lang='lat' dir='ltr'><strong>utilia,</strong></span> <span class='ocrx_word' id='word_1_522' title='bbox 1350 3923 1425 3976; x_wconf 87' lang='lat' dir='ltr'><strong>velis</strong></span> <span class='ocrx_word' id='word_1_523' title='bbox 1441 3922 1528 3977; x_wconf 89' lang='lat' dir='ltr'><strong>nelis.</strong></span> <span class='ocrx_word' id='word_1_524' title='bbox 1549 3925 1639 3993; x_wconf 90' lang='lat' dir='ltr'><strong>quusi</strong></span> <span class='ocrx_word' id='word_1_525' title='bbox 1656 3924 1807 3980; x_wconf 90' lang='lat' dir='ltr'><strong>desidiam</strong></span> <span class='ocrx_word' id='word_1_526' title='bbox 1829 3925 1895 3979; x_wconf 90' lang='lat' dir='ltr'><strong>labe·</strong></span> 
     </span>
     <span class='ocr_line' id='line_1_86' title="bbox 1067 4011 1893 4084; baseline 0.001 -20"><span class='ocrx_word' id='word_1_527' title='bbox 1067 4011 1174 4064; x_wconf 90' lang='lat' dir='ltr'><strong>ratoris</strong></span> <span class='ocrx_word' id='word_1_528' title='bbox 1184 4026 1327 4082; x_wconf 84' lang='lat' dir='ltr'><strong>arguens,</strong></span> <span class='ocrx_word' id='word_1_529' title='bbox 1338 4011 1412 4065; x_wconf 86' lang='lat' dir='ltr'><strong>miro</strong></span> <span class='ocrx_word' id='word_1_530' title='bbox 1424 4012 1607 4066; x_wconf 86' lang='lat' dir='ltr'><strong>incremento</strong></span> <span class='ocrx_word' id='word_1_531' title='bbox 1620 4015 1778 4084; x_wconf 86' lang='lat' dir='ltr'><strong>germinet</strong></span> <span class='ocrx_word' id='word_1_532' title='bbox 1789 4014 1893 4075; x_wconf 84' lang='lat' dir='ltr'><strong>inutilia,</strong></span> 
     </span>
     <span class='ocr_line' id='line_1_87' title="bbox 1066 4099 1893 4175; baseline 0.004 -24"><span class='ocrx_word' id='word_1_533' title='bbox 1066 4099 1215 4153; x_wconf 86' lang='lat' dir='ltr'><strong>Praeterea</strong></span> <span class='ocrx_word' id='word_1_534' title='bbox 1230 4103 1288 4154; x_wconf 90' lang='lat' dir='ltr'><strong>tam</strong></span> <span class='ocrx_word' id='word_1_535' title='bbox 1302 4100 1462 4155; x_wconf 90' lang='lat' dir='ltr'><strong>salubriter</strong></span> <span class='ocrx_word' id='word_1_536' title='bbox 1471 4100 1591 4155; x_wconf 87' lang='lat' dir='ltr'><strong>flatibus</strong></span> <span class='ocrx_word' id='word_1_537' title='bbox 1608 4106 1777 4157; x_wconf 82' lang='lat' dir='ltr'><strong>ventorum</strong></span> <span class='ocrx_word' id='word_1_538' title='bbox 1792 4103 1893 4175; x_wconf 81' lang='lat' dir='ltr'><strong>exposi-</strong></span> 
     </span>
     <span class='ocr_line' id='line_1_88' title="bbox 1064 4188 1893 4261; baseline 0.005 -20"><span class='ocrx_word' id='word_1_539' title='bbox 1064 4189 1114 4242; x_wconf 89' lang='lat' dir='ltr'><strong>tus</strong></span> <span class='ocrx_word' id='word_1_540' title='bbox 1120 4189 1236 4243; x_wconf 82' lang='lat' dir='ltr'><strong>ataenis</strong></span> <span class='ocrx_word' id='word_1_541' title='bbox 1244 4189 1344 4243; x_wconf 89' lang='lat' dir='ltr'><strong>infecti</strong></span> <span class='ocrx_word' id='word_1_542' title='bbox 1356 4188 1756 4261; x_wconf 87' lang='lat' dir='ltr'><strong>seunebnlaramaquarum</strong></span> <span class='ocrx_word' id='word_1_543' title='bbox 1767 4194 1893 4247; x_wconf 80' lang='lat' dir='ltr'><strong>conbura-</strong></span> 
     </span>
     <span class='ocr_line' id='line_1_89' title="bbox 1065 4277 1894 4346; baseline 0.006 -15"><span class='ocrx_word' id='word_1_544' title='bbox 1065 4277 1240 4332; x_wconf 90' lang='lat' dir='ltr'><strong>tiumisdem</strong></span> <span class='ocrx_word' id='word_1_545' title='bbox 1256 4278 1360 4333; x_wconf 86' lang='lat' dir='ltr'><strong>alveus</strong></span> <span class='ocrx_word' id='word_1_546' title='bbox 1373 4278 1500 4346; x_wconf 87' lang='lat' dir='ltr'><strong>exhalat,</strong></span> <span class='ocrx_word' id='word_1_547' title='bbox 1517 4278 1837 4337; x_wconf 85' lang='lat' dir='ltr'><strong>insacrassitudinem</strong></span> <span class='ocrx_word' id='word_1_548' title='bbox 1844 4298 1894 4336; x_wconf 84' lang='lat' dir='ltr'><strong>eoa·</strong></span> 
     </span>
     <span class='ocr_line' id='line_1_90' title="bbox 1065 4366 1894 4441; baseline -0.001 -20"><span class='ocrx_word' id='word_1_549' title='bbox 1065 4366 1161 4437; x_wconf 88' lang='lat' dir='ltr'><strong>gulari</strong></span> <span class='ocrx_word' id='word_1_550' title='bbox 1184 4382 1243 4422; x_wconf 91' lang='lat' dir='ltr'><strong>non</strong></span> <span class='ocrx_word' id='word_1_551' title='bbox 1265 4367 1422 4436; x_wconf 88' lang='lat' dir='ltr'><strong>permittat.</strong></span> <span class='ocrx_word' id='word_1_552' title='bbox 1453 4367 1581 4438; x_wconf 81' lang='lat' dir='ltr'><strong>Apparet</strong></span> <span class='ocrx_word' id='word_1_553' title='bbox 1612 4385 1740 4441; x_wconf 88' lang='lat' dir='ltr'><strong>quoque</strong></span> <span class='ocrx_word' id='word_1_554' title='bbox 1771 4388 1813 4427; x_wconf 79' lang='lat' dir='ltr'><strong>er</strong></span> <span class='ocrx_word' id='word_1_555' title='bbox 1832 4369 1894 4425; x_wconf 87' lang='lat' dir='ltr'><strong>facili</strong></span> 
     </span>
     <span class='ocr_line' id='line_1_91' title="bbox 1065 4456 1892 4528; baseline 0.001 -18"><span class='ocrx_word' id='word_1_556' title='bbox 1065 4459 1171 4528; x_wconf 87' lang='lat' dir='ltr'><strong>quanta</strong></span> <span class='ocrx_word' id='word_1_557' title='bbox 1186 4457 1286 4528; x_wconf 89' lang='lat' dir='ltr'><strong>populi</strong></span> <span class='ocrx_word' id='word_1_558' title='bbox 1311 4457 1476 4527; x_wconf 87' lang='lat' dir='ltr'><strong>frequentia</strong></span> <span class='ocrx_word' id='word_1_559' title='bbox 1500 4457 1566 4511; x_wconf 88' lang='lat' dir='ltr'><strong>suis</strong></span> <span class='ocrx_word' id='word_1_560' title='bbox 1586 4456 1703 4514; x_wconf 92' lang='lat' dir='ltr'><strong>diebus</strong></span> <span class='ocrx_word' id='word_1_561' title='bbox 1720 4460 1812 4516; x_wconf 88' lang='lat' dir='ltr'><strong>faerit</strong></span> <span class='ocrx_word' id='word_1_562' title='bbox 1825 4462 1892 4515; x_wconf 86' lang='lat' dir='ltr'><strong>loeas</strong></span> 
     </span>
    </p>
   </div>
   <div class='ocr_carea' id='block_1_28' title="bbox 1020 4545 1892 4710">
    <p class='ocr_par' dir='ltr' id='par_1_28' title="bbox 1020 4545 1892 4710">
     <span class='ocr_line' id='line_1_92' title="bbox 1020 4545 1890 4620; baseline 0.001 -21"><span class='ocrx_word' id='word_1_563' title='bbox 1020 4584 1026 4590; x_wconf 87' lang='lat'><em>-</em></span> <span class='ocrx_word' id='word_1_564' title='bbox 1065 4546 1333 4617; x_wconf 86' lang='lat' dir='ltr'><strong>celeber,adqaeru</strong></span> <span class='ocrx_word' id='word_1_565' title='bbox 1347 4545 1473 4615; x_wconf 75' lang='lat' dir='ltr'><strong>publicae</strong></span> <span class='ocrx_word' id='word_1_566' title='bbox 1489 4548 1576 4616; x_wconf 88' lang='lat' dir='ltr'><strong>atquc</strong></span> <span class='ocrx_word' id='word_1_567' title='bbox 1593 4549 1723 4620; x_wconf 88' lang='lat' dir='ltr'><strong>regales</strong></span> <span class='ocrx_word' id='word_1_568' title='bbox 1737 4551 1890 4606; x_wconf 80' lang='lat' dir='ltr'><strong>vioeeonre·</strong></span> 
     </span>
     <span class='ocr_line' id='line_1_93' title="bbox 1024 4635 1892 4710; baseline 0 -23"><span class='ocrx_word' id='word_1_569' title='bbox 1024 4647 1050 4704; x_wconf 79' lang='lat'><strong>1)</strong></span> <span class='ocrx_word' id='word_1_570' title='bbox 1064 4635 1179 4689; x_wconf 88' lang='lat' dir='ltr'><strong>aientes</strong></span> <span class='ocrx_word' id='word_1_571' title='bbox 1195 4635 1577 4705; x_wconf 73' lang='lat' dir='ltr'><strong>adhuepraamenstrentur3</strong></span> <span class='ocrx_word' id='word_1_572' title='bbox 1591 4651 1728 4705; x_wconf 88' lang='lat' dir='ltr'><strong>quarum</strong></span> <span class='ocrx_word' id='word_1_573' title='bbox 1747 4640 1796 4693; x_wconf 87' lang='lat' dir='ltr'><strong>illa</strong></span> <span class='ocrx_word' id='word_1_574' title='bbox 1814 4650 1892 4710; x_wconf 79' lang='lat' dir='ltr'><strong>quea</strong></span> 
     </span>
    </p>
   </div>
   <div class='ocr_carea' id='block_1_29' title="bbox 1062 4721 1892 5687">
    <p class='ocr_par' dir='ltr' id='par_1_29' title="bbox 1062 4721 1892 5687">
     <span class='ocr_line' id='line_1_94' title="bbox 1064 4721 1892 4793; baseline 0 -17"><span class='ocrx_word' id='word_1_575' title='bbox 1064 4724 1100 4777; x_wconf 90' lang='lat' dir='ltr'><strong>ab</strong></span> <span class='ocrx_word' id='word_1_576' title='bbox 1126 4723 1277 4778; x_wconf 87' lang='lat' dir='ltr'><strong>occidente</strong></span> <span class='ocrx_word' id='word_1_577' title='bbox 1291 4723 1322 4776; x_wconf 90' lang='lat' dir='ltr'><strong>in</strong></span> <span class='ocrx_word' id='word_1_578' title='bbox 1337 4726 1455 4793; x_wconf 92' lang='lat' dir='ltr'><strong>portum</strong></span> <span class='ocrx_word' id='word_1_579' title='bbox 1469 4721 1578 4777; x_wconf 85' lang='lat' dir='ltr'><strong>Oceani</strong></span> <span class='ocrx_word' id='word_1_580' title='bbox 1596 4727 1792 4782; x_wconf 87' lang='lat' dir='ltr'><strong>terminatur.</strong></span> <span class='ocrx_word' id='word_1_581' title='bbox 1810 4728 1836 4781; x_wconf 95' lang='lat' dir='ltr'><strong>ln</strong></span> <span class='ocrx_word' id='word_1_582' title='bbox 1849 4725 1892 4779; x_wconf 90' lang='lat' dir='ltr'><strong>boc</strong></span> 
     </span>
     <span class='ocr_line' id='line_1_95' title="bbox 1063 4810 1891 4885; baseline 0.002 -20"><span class='ocrx_word' id='word_1_583' title='bbox 1063 4810 1170 4866; x_wconf 84' lang='lat' dir='ltr'><strong>diffusa</strong></span> <span class='ocrx_word' id='word_1_584' title='bbox 1185 4812 1296 4866; x_wconf 90' lang='lat' dir='ltr'><strong>oriente</strong></span> <span class='ocrx_word' id='word_1_585' title='bbox 1307 4826 1403 4882; x_wconf 88' lang='lat' dir='ltr'><strong>usque</strong></span> <span class='ocrx_word' id='word_1_586' title='bbox 1413 4811 1449 4864; x_wconf 86' lang='lat' dir='ltr'><strong>ad</strong></span> <span class='ocrx_word' id='word_1_587' title='bbox 1458 4826 1513 4866; x_wconf 86' lang='lat' dir='ltr'><strong>nos</strong></span> <span class='ocrx_word' id='word_1_588' title='bbox 1525 4811 1777 4885; x_wconf 86' lang='lat' dir='ltr'><strong>dirigitur,alveo</strong></span> <span class='ocrx_word' id='word_1_589' title='bbox 1788 4816 1891 4871; x_wconf 86' lang='lat' dir='ltr'><strong>subter·</strong></span> 
     </span>
     <span class='ocr_line' id='line_1_96' title="bbox 1063 4899 1891 4977; baseline 0.001 -23"><span class='ocrx_word' id='word_1_590' title='bbox 1063 4900 1427 4971; x_wconf 86' lang='lat' dir='ltr'><strong>llucntcelauditur,altera</strong></span> <span class='ocrx_word' id='word_1_591' title='bbox 1436 4915 1505 4955; x_wconf 90' lang='lat' dir='ltr'><strong>vero</strong></span> <span class='ocrx_word' id='word_1_592' title='bbox 1515 4899 1708 4958; x_wconf 87' lang='lat' dir='ltr'><strong>Britanniam</strong></span> <span class='ocrx_word' id='word_1_593' title='bbox 1717 4910 1891 4977; x_wconf 78' lang='lat' dir='ltr'><strong>prospectans</strong></span> 
     </span>
     <span class='ocr_line' id='line_1_97' title="bbox 1062 4988 1890 5064; baseline -0.001 -20"><span class='ocrx_word' id='word_1_594' title='bbox 1062 5005 1134 5060; x_wconf 90' lang='lat' dir='ltr'><strong>ergo</strong></span> <span class='ocrx_word' id='word_1_595' title='bbox 1150 4992 1249 5044; x_wconf 91' lang='lat' dir='ltr'><strong>monte</strong></span> <span class='ocrx_word' id='word_1_596' title='bbox 1264 4988 1455 5044; x_wconf 88' lang='lat' dir='ltr'><strong>historiarum</strong></span> <span class='ocrx_word' id='word_1_597' title='bbox 1468 4988 1647 5045; x_wconf 88' lang='lat' dir='ltr'><strong>testimonio</strong></span> <span class='ocrx_word' id='word_1_598' title='bbox 1663 4995 1815 5064; x_wconf 88' lang='lat' dir='ltr'><strong>quondam</strong></span> <span class='ocrx_word' id='word_1_599' title='bbox 1825 4993 1890 5047; x_wconf 74' lang='lat' dir='ltr'><strong>flata</strong></span> 
     </span>
     <span class='ocr_line' id='line_1_98' title="bbox 1062 5077 1888 5146; baseline 0 -15"><span class='ocrx_word' id='word_1_600' title='bbox 1062 5094 1167 5133; x_wconf 88' lang='lat' dir='ltr'><strong>vorum</strong></span> <span class='ocrx_word' id='word_1_601' title='bbox 1180 5077 1305 5146; x_wconf 90' lang='lat' dir='ltr'><strong>colonia,</strong></span> <span class='ocrx_word' id='word_1_602' title='bbox 1327 5079 1414 5133; x_wconf 92' lang='lat' dir='ltr'><strong>modo</strong></span> <span class='ocrx_word' id='word_1_603' title='bbox 1429 5077 1712 5137; x_wconf 85' lang='lat' dir='ltr'><strong>vereGuatincnsis</strong></span> <span class='ocrx_word' id='word_1_604' title='bbox 1728 5086 1827 5138; x_wconf 87' lang='lat' dir='ltr'><strong>nostra</strong></span> <span class='ocrx_word' id='word_1_605' title='bbox 1847 5081 1888 5133; x_wconf 78' lang='lat' dir='ltr'><strong>sita</strong></span> 
     </span>
     <span class='ocr_line' id='line_1_99' title="bbox 1062 5167 1887 5241; baseline 0 -19"><span class='ocrx_word' id='word_1_606' title='bbox 1062 5172 1108 5222; x_wconf 88' lang='lat' dir='ltr'><strong>est</strong></span> <span class='ocrx_word' id='word_1_607' title='bbox 1124 5167 1261 5235; x_wconf 88' lang='lat' dir='ltr'><strong>ecelesia,</strong></span> <span class='ocrx_word' id='word_1_608' title='bbox 1279 5184 1294 5221; x_wconf 90' lang='lat' dir='ltr'><strong>a</strong></span> <span class='ocrx_word' id='word_1_609' title='bbox 1310 5167 1374 5222; x_wconf 90' lang='lat' dir='ltr'><strong>viro</strong></span> <span class='ocrx_word' id='word_1_610' title='bbox 1395 5167 1521 5238; x_wconf 89' lang='lat' dir='ltr'><strong>quodam</strong></span> <span class='ocrx_word' id='word_1_611' title='bbox 1537 5168 1692 5241; x_wconf 88' lang='lat' dir='ltr'><strong>religioso</strong></span> <span class='ocrx_word' id='word_1_612' title='bbox 1716 5172 1834 5227; x_wconf 87' lang='lat' dir='ltr'><strong>Odfrido</strong></span> <span class='ocrx_word' id='word_1_613' title='bbox 1846 5184 1887 5224; x_wconf 79' lang='lat' dir='ltr'><strong>ne</strong></span> 
     </span>
     <span class='ocr_line' id='line_1_100' title="bbox 1062 5254 1887 5327; baseline -0.004 -16"><span class='ocrx_word' id='word_1_614' title='bbox 1062 5259 1150 5327; x_wconf 90' lang='lat' dir='ltr'><strong>mine,</strong></span> <span class='ocrx_word' id='word_1_615' title='bbox 1164 5274 1180 5310; x_wconf 90' lang='lat' dir='ltr'><strong>a</strong></span> <span class='ocrx_word' id='word_1_616' title='bbox 1192 5257 1290 5311; x_wconf 86' lang='lat' dir='ltr'><strong>radice</strong></span> <span class='ocrx_word' id='word_1_617' title='bbox 1306 5256 1434 5310; x_wconf 89' lang='lat' dir='ltr'><strong>fandata.</strong></span> <span class='ocrx_word' id='word_1_618' title='bbox 1451 5254 1546 5327; x_wconf 78' lang='lat' dir='ltr'><strong>Cujus</strong></span> <span class='ocrx_word' id='word_1_619' title='bbox 1561 5257 1657 5315; x_wconf 68' lang='lat' dir='ltr'><strong>bonae</strong></span> <span class='ocrx_word' id='word_1_620' title='bbox 1669 5256 1887 5317; x_wconf 79' lang='lat' dir='ltr'><strong>conversationis</strong></span> 
     </span>
     <span class='ocr_line' id='line_1_101' title="bbox 1064 5343 1886 5417; baseline -0.002 -16"><span class='ocrx_word' id='word_1_621' title='bbox 1064 5362 1150 5417; x_wconf 90' lang='lat' dir='ltr'><strong>quam</strong></span> <span class='ocrx_word' id='word_1_622' title='bbox 1165 5347 1195 5398; x_wconf 91' lang='lat' dir='ltr'><strong>ia</strong></span> <span class='ocrx_word' id='word_1_623' title='bbox 1220 5344 1268 5399; x_wconf 90' lang='lat' dir='ltr'><strong>illa</strong></span> <span class='ocrx_word' id='word_1_624' title='bbox 1291 5343 1489 5416; x_wconf 87' lang='lat' dir='ltr'><strong>promulgavit</strong></span> <span class='ocrx_word' id='word_1_625' title='bbox 1512 5345 1635 5401; x_wconf 90' lang='lat' dir='ltr'><strong>initium</strong></span> <span class='ocrx_word' id='word_1_626' title='bbox 1671 5349 1753 5405; x_wconf 88' lang='lat' dir='ltr'><strong>inter</strong></span> <span class='ocrx_word' id='word_1_627' title='bbox 1768 5351 1850 5405; x_wconf 84' lang='lat' dir='ltr'><strong>duros</strong></span> <span class='ocrx_word' id='word_1_628' title='bbox 1866 5346 1886 5399; x_wconf 84' lang='lat' dir='ltr'><strong>et</strong></span> 
     </span>
     <span class='ocr_line' id='line_1_102' title="bbox 1064 5432 1884 5511; baseline 0.001 -23"><span class='ocrx_word' id='word_1_629' title='bbox 1064 5436 1191 5490; x_wconf 90' lang='lat' dir='ltr'><strong>incultos</strong></span> <span class='ocrx_word' id='word_1_630' title='bbox 1208 5434 1343 5488; x_wconf 90' lang='lat' dir='ltr'><strong>homines</strong></span> <span class='ocrx_word' id='word_1_631' title='bbox 1355 5432 1542 5489; x_wconf 83' lang='lat' dir='ltr'><strong>maltisdedit</strong></span> <span class='ocrx_word' id='word_1_632' title='bbox 1550 5435 1729 5495; x_wconf 87' lang='lat' dir='ltr'><strong>animarum</strong></span> <span class='ocrx_word' id='word_1_633' title='bbox 1739 5446 1884 5511; x_wconf 80' lang='lat' dir='ltr'><strong>proveetum</strong></span> 
     </span>
     <span class='ocr_line' id='line_1_103' title="bbox 1064 5522 1883 5596; baseline -0.004 -16"><span class='ocrx_word' id='word_1_634' title='bbox 1064 5523 1366 5595; x_wconf 86' lang='lat' dir='ltr'><strong>Nemeamprimosui</strong></span> <span class='ocrx_word' id='word_1_635' title='bbox 1377 5522 1883 5596; x_wconf 73' lang='lat' dir='ltr'><strong>adventustemporaloeumvidiee</strong></span> 
     </span>
     <span class='ocr_line' id='line_1_104' title="bbox 1062 5610 1879 5687; baseline -0.001 -15"><span class='ocrx_word' id='word_1_636' title='bbox 1062 5613 1237 5686; x_wconf 87' lang='lat' dir='ltr'><strong>solitarium,</strong></span> <span class='ocrx_word' id='word_1_637' title='bbox 1249 5610 1495 5687; x_wconf 87' lang='lat' dir='ltr'><strong>quemadmodum</strong></span> <span class='ocrx_word' id='word_1_638' title='bbox 1508 5611 1561 5670; x_wconf 88' lang='lat' dir='ltr'><strong>dia</strong></span> <span class='ocrx_word' id='word_1_639' title='bbox 1570 5613 1783 5677; x_wconf 83' lang='lat' dir='ltr'><strong>desideratum</strong></span> <span class='ocrx_word' id='word_1_640' title='bbox 1794 5612 1879 5681; x_wconf 74' lang='lat' dir='ltr'><strong>dieat,</strong></span> 
     </span>
    </p>
   </div>
   <div class='ocr_carea' id='block_1_30' title="bbox 0 0 1954 6112">
    <p class='ocr_par' dir='ltr' id='par_1_30' title="bbox 0 0 1954 6112">
     <span class='ocr_line' id='line_1_105' title="bbox 0 0 1954 6112; baseline 0 5"><span class='ocrx_word' id='word_1_641' title='bbox 0 0 1954 6112; x_wconf 95' lang='lat' dir='ltr'><strong> </strong></span> 
     </span>
    </p>
   </div>
  </div>
 </body>
</html>
