3900 6112
111 5696 147 5751 i

172 310 230 375 eli
620 303 757 366 GESTA
783 299 1047 365 PONTIFICUM
1074 300 1455 366 cnunaecunsluu.
1839 302 1899 367 212

176 495 234 564 sui,
247 492 335 566 cujus
347 494 444 547 terror
459 506 512 561 per
526 493 621 543 terras
634 487 772 541 finitimas
788 488 816 541 et
830 486 907 540 foma
917 485 1008 541 nomi·
1022 489 1052 550 A
1066 486 1155 555 venit,
1163 487 1191 540 et
1199 486 1351 558 regalibus
1360 488 1477 544 nunciis
1488 490 1578 545 muita
1588 488 1710 546 uberius
1718 490 1896 562 praemissis,

176 585 224 639 nis
235 582 384 654 perlonga
393 580 506 650 positas
517 580 573 632 late
585 593 617 632 se
629 575 793 643 diffuderat,
802 576 913 630 eiectus
923 580 968 629 est
978 575 1006 629 in
1065 575 1103 628 ad
1125 575 1226 629 sedem
1248 591 1332 630 snam
1353 593 1416 631 cam
1440 578 1529 632 muita
1554 578 1649 650 gioria
1672 579 1896 650 suscipiendum

177 664 1008 743 episcopummuhiselectionemapprobantibus,quam·
1066 664 1233 719 destinavit.
1259 665 1443 720 Constitutus
1473 682 1546 739 ergo
1575 669 1605 720 in
1635 667 1707 722 sede
1732 669 1897 724 vocationis

176 761 322 831 plurimis,
335 758 404 812 licet
419 758 526 812 factum
542 755 724 824 discipleret,
737 769 884 824 opponere
900 769 933 807 se
950 769 1008 808 nou
1065 768 1161 820 novae,
1182 753 1309 822 plurima
1325 759 1435 825 praeter
1456 754 1544 811 fidem
1567 760 1594 811 et
1615 772 1699 826 spem
1718 757 1898 812 audientium

178 847 365 903 audentibus,
383 844 571 915 Imperatoris
587 844 673 897 etiam
691 843 776 897 faotoe
792 842 946 896 electionis
961 857 1008 895 ae·
1064 842 1261 912 promittebat,
1286 844 1315 896 et
1337 859 1455 898 auream
1479 860 1512 898 sa
1533 844 1716 899 redditurum
1741 845 1897 900 ecelesiam

178 938 272 991 cessit
296 949 452 1001 assensus,
475 934 543 1002 quia
566 931 790 1003 quamplurimis
814 929 1009 984 internunciis

179 1025 296 1080 comitis
316 1024 442 1090 fractus,
467 1021 535 1076 lieet
559 1019 713 1090 inprimis
739 1019 903 1088 pubertatis
924 1019 1009 1073 annis

180 1113 357 1167 consisteret
376 1112 486 1165 electus
510 1109 671 1180 acquievit,
687 1111 782 1162 ratum
803 1108 915 1162 habens
932 1107 1010 1179 quod

180 1202 398 1256 curialiomana
408 1201 585 1268 dispensans
597 1198 632 1252 de
644 1201 730 1251 aetate
739 1201 767 1250 et
778 1196 1009 1263 ordininns‚non

179 1290 372 1362 improbabat.
385 1290 459 1342 Dum
475 1303 547 1341 vero
563 1302 662 1340 moras
676 1287 838 1340 innecteret
853 1284 964 1339 electus
980 1285 1010 1338 in

179 1380 313 1434 adeundo
329 1378 545 1447 imperatorem,
559 1375 790 1429 Cameracenscs
806 1374 862 1426 sibi
876 1373 1009 1427 volentes

1065 947 1150 984 suam
1160 931 1363 1000 pollicebatur,
1372 932 1595 987 exabundantia
1606 933 1898 989 rerumaffluentium

1066 1018 1123 1071 sibi
1139 1035 1338 1091 praesumens,
1351 1021 1495 1092 ignorans
1509 1024 1606 1076 tamen
1623 1022 1693 1093 quid
1708 1024 1828 1092 pararet
1843 1024 1899 1078 sibi

1065 1107 1129 1161 dies
1145 1110 1212 1176 post
1228 1109 1335 1162 futuro.
1348 1110 1380 1162 ln
1395 1109 1443 1164 his
1459 1109 1552 1181 igitur
1563 1111 1621 1165 sibi
1635 1125 1779 1180 prospere
1795 1126 1900 1166 succe·

1066 1195 1214 1265 dentibus,
1227 1198 1371 1268 maj0rum
1386 1198 1547 1252 adversum
1563 1215 1595 1253 se
1612 1199 1710 1253 odium
1725 1201 1901 1269 provocavit

1066 1287 1095 1339 et
1103 1285 1253 1355 invidiam,
1262 1286 1291 1339 in
1302 1286 1899 1357 tuntumquodapudCondatumdioecesis

1067 1389 1130 1428 suae
1153 1374 1268 1442 vicum,
1295 1375 1364 1429 dum
1385 1374 1571 1430 multitudine
1595 1377 1713 1431 modum
1736 1377 1900 1432 excedente

178 1466 337 1539 providere
353 1467 383 1519 in
400 1466 538 1532 futurum,
551 1479 588 1518 ne
603 1478 688 1517 novae
703 1463 932 1533 circumquaque
948 1477 1011 1515 sur·
1066 1463 1222 1530 transiret,
1247 1478 1263 1515 a
1287 1464 1391 1532 paucis
1417 1463 1475 1533 ipsi
1498 1464 1707 1520 insidiantibus
1733 1480 1900 1536 percussus

180 1552 1010 1629 gerentmunitiones,thunium-Episcopi,quoddomnus
1067 1551 1214 1620 occubuit,
1227 1551 1437 1606 miserabiliter
1447 1569 1463 1605 a
1474 1553 1539 1607 suis
1554 1554 1723 1624 derelictus,
1741 1555 1902 1610 crudeliter

179 1645 322 1700 Nicotaus
336 1644 496 1713 episcopus
507 1644 705 1709 contruxerat,
718 1641 835 1709 penitus
846 1640 1009 1708 diruerunt3
1067 1656 1083 1693 a
1107 1639 1229 1694 nefariis
1249 1640 1424 1695 interfectus
1438 1641 1487 1711 (an
1509 1641 1598 1712 titt),
1620 1642 1717 1697 subita
1740 1643 1901 1698 mutatione

181 1735 234 1789 sad
246 1734 339 1788 electo
355 1730 479 1785 viriliter
494 1746 546 1785 eos
562 1733 759 1800 expugnante,
773 1728 864 1782 coacti
882 1730 1010 1783 suntde·
1026 1716 1051 1778 Β
1065 1743 1171 1783 manns
1187 1728 1332 1782 altissimi
1357 1728 1393 1783 de
1418 1729 1542 1784 summis
1564 1730 1676 1785 relatus
1691 1731 1726 1786 ad
1743 1731 1819 1786 ime:
1836 1732 1901 1802 ipsa

181 1818 1011 1890 nummultapecunieecrogationerestituere,qnodsicut
1067 1833 1165 1872 rerum
1189 1816 1371 1886 experientia
1393 1817 1504 1872 docens
1525 1834 1581 1874 nos
1605 1819 1766 1874 efficaciter
1790 1820 1902 1875 nuliam

181 1926 257 1983 gens
273 1909 413 1963 indomita
429 1908 641 1962 dextruxerunt
664 1911 827 1961 contumaci
842 1922 1011 1976 praesump-
1066 1904 1901 1978 rebushumanis,quantumcumqueapplaudant,adessa

178 2001 267 2054 tione.
283 1997 342 2052 Sed
357 1997 464 2050 diebus
485 1996 570 2050 electi
591 1996 678 2050 istius
699 1995 803 2049 civitas
825 1998 927 2049 nostra
944 2011 1010 2050 cum
1068 1995 1272 2049 constantiam.
1290 1993 1331 2050 De
1350 1994 1416 2052 loco
1435 1996 1526 2070 igitur
1544 1996 1704 2052 occisionis
1720 2013 1785 2052 suae
1802 1997 1901 2052 briam

178 2087 310 2143 finitimis
321 2086 386 2140 suis
397 2086 626 2155 circumquaque
640 2085 760 2155 quievit,
773 2084 862 2138 uultis
875 2084 1010 2139 andenti—
1067 2084 1188 2152 relatus,
1205 2083 1256 2138 ubi
1281 2086 1370 2141 multu
1393 2084 1606 2141 munifltientiae
1628 2100 1692 2140 suas
1712 2089 1901 2141 monumenta

177 2179 235 2232 bus
243 2173 461 2230 velvalentibus
470 2172 694 2227 Flandrensium
705 2174 843 2243 impetum
851 2173 1009 2243 sustinere,

178 2279 304 2336 quorum
312 2261 712 2333 potentiaetviribussuoset
721 2277 774 2316 sua
784 2262 848 2317 solo
856 2262 1009 2317 electionis

178 2353 296 2408 nomine
304 2351 432 2405 militans
445 2350 571 2404 domnus
586 2351 695 2405 Petrus
710 2351 893 2422 protegebat.
906 2349 938 2405 In
950 2365 1010 2404 om-

178 2443 266 2496 nibus
278 2444 374 2494 autem
390 2439 454 2492 suis
470 2438 595 2495 actibus.
613 2438 690 2493 sicut
703 2439 827 2509 juvenis
842 2441 870 2493 ot
889 2439 1008 2508 nobilis,

178 2530 278 2584 multis
291 2532 352 2582 erat
361 2527 622 2597 commendandus,
630 2528 687 2581 nisi
699 2528 777 2600 quod
788 2529 823 2581 de
834 2528 1009 2598 patrimonio

179 2617 290 2672 Christi
314 2632 377 2670 suae
403 2616 592 2670 satisfaciens
616 2616 776 2681 nobilitati,
800 2632 949 2687 nunquam
973 2617 1010 2671 ad

181 2722 285 2760 sacros
295 2705 416 2760 ordines
425 2710 453 2759 et
462 2705 696 2759 consecrationis
707 2705 848 2758 honorem
858 2706 1008 2775 aspiravit,

180 2795 312 2865 episcopi
323 2797 446 2863 portans
455 2808 514 2847 non
523 2809 609 2862 onus,
618 2794 671 2847 sed
683 2794 835 2863 honorem,
846 2794 1010 2848 abhorrens

181 2884 329 2950 officinm,
356 2882 409 2937 sed
435 2898 501 2936 cum
525 2883 604 2937 omni
633 2882 798 2954 integritate
822 2883 1010 2952 episcopatus

1068 2171 1170 2226 relicta
1190 2177 1259 2228 sunt
1284 2175 1379 2230 oculis
1399 2175 1588 2244 intuentium,
1611 2175 1744 2247 gloriose
1765 2175 1901 2246 sepultus

1067 2259 1173 2315 faciem
1190 2263 1352 2318 conditoris
1364 2263 1411 2319 sui
1423 2264 1453 2319 in
1461 2265 1593 2319 extremo
1604 2263 1799 2318 suscitandus
1809 2279 1902 2335 praes·

1066 2349 1175 2404 toletur
1190 2351 1369 2406 intuendam.

1102 2436 1146 2493 ti.
1157 2439 1290 2495 Domana
1301 2439 1430 2495 niardus
1438 2440 1662 2495 Cameracensis
1673 2440 1902 2496 archidiaconus

1068 2532 1095 2583 et
1116 2529 1331 2598 thesaurarius,
1354 2531 1401 2583 vir
1420 2530 1549 2585 omnium
1570 2546 1670 2584 rarum
1689 2529 1843 2584 affluentia
1864 2530 1903 2585 ita

1068 2617 1166 2671 divino
1180 2632 1300 2672 munere
1313 2618 1568 2689 superabundans,
1581 2621 1612 2672 ut
1623 2617 1902 2689 promptuariaejus

1067 2706 1153 2776 plena
1169 2710 1336 2762 eructarent
1346 2723 1383 2762 ex
1393 2707 1450 2762 hoc
1460 2709 1490 2761 in
1501 2707 1586 2777 illud,
1600 2711 1628 2762 et
1637 2707 1755 2762 beatum
1767 2707 1901 2763 dicerent

1068 2809 1172 2848 omnes
1187 2794 1336 2850 dominum
1351 2799 1379 2850 et
1394 2796 1511 2851 domum
1526 2796 1614 2869 cujus
1629 2797 1694 2852 haec
1710 2800 1825 2866 essent,
1838 2797 1901 2868 qui·

1067 2883 1125 2937 bus
1149 2882 1389 2954 reclamantibus,
1408 2885 1439 2940 iu
1458 2887 1608 2954 pastorem
1631 2887 1660 2939 et
1681 2885 1857 2955 episcopum
1874 2887 1903 2938 et

179 2971 1010 3044 quaerenscmolumentum.Quarepostplnreseleotionis
1029 2967 1054 3028 C
1068 2971 1182 3025 meritis
1193 2972 1258 3027 suis
1270 2975 1299 3026 et
1309 2972 1712 3043 majorumsuorumobteutu
1725 2973 1781 3028 fuit
1791 2975 1902 3028 electus

181 3077 244 3115 suae
261 3076 353 3115 annos
369 3077 564 3131 prorumpens
580 3060 616 3114 ad
632 3061 687 3114 hoc
702 3061 780 3131 quod
795 3059 844 3114 diu
860 3059 1012 3115 affectave-

179 3154 239 3216 rat,
257 3149 371 3221 abjecta
397 3150 539 3220 dignitate
563 3165 626 3204 suae
651 3149 805 3204 electionis
820 3153 849 3204 et
864 3151 1011 3206 clericalis

180 3239 379 3310 professionis
401 3238 551 3308 libertate,
574 3238 704 3293 habitum
728 3239 821 3293 induit
839 3239 1009 3312 militarem,

179 3329 217 3382 ad
236 3328 389 3382 lasciviam
413 3328 517 3382 saeculi
541 3329 570 3381 et
592 3343 714 3397 pompas
739 3328 839 3382 mundi
860 3329 1008 3399 relapsus,

181 3416 293 3470 ducens
309 3431 432 3470 uxorem
448 3417 629 3471 comitissam
654 3415 873 3471 Niverncnsem
887 3419 917 3470 ut
932 3417 1009 3473 filios

182 3504 281 3558 carnis
310 3507 494 3572 procrearet,
511 3503 661 3573 repudiata
682 3519 793 3574 sponsa
813 3503 923 3559 Christi
944 3522 1010 3577 quae

182 3591 247 3646 sine
258 3591 305 3646 sui
316 3591 503 3661 corruptione
512 3590 589 3646 iiiios
600 3592 676 3662 parit
684 3592 853 3661 spirituales
863 3595 921 3659 (an.
932 3594 1012 3650 latt-

183 3678 273 3752 tlte).
285 3680 352 3734 Non
363 3680 486 3734 muitum
497 3683 593 3734 tamen
604 3679 766 3735 delectatus
775 3685 821 3735 est
832 3682 861 3736 in
872 3684 1009 3752 terrenis,

182 3770 250 3842 quia
266 3784 324 3824 non
339 3774 385 3824 est
400 3769 487 3823 flatus
502 3768 631 3823 hominis
648 3770 676 3823 in
692 3785 780 3824 manu
794 3770 900 3841 ipsius,
913 3773 966 3826 sed
982 3773 1012 3827 in

183 3857 250 3929 ejus
264 3859 408 3928 potestate
424 3857 475 3928 qui
490 3856 630 3912 terribilis
650 3860 697 3911 est
714 3858 791 3928 apud
808 3874 899 3931 reges
913 3864 1011 3932 terrae,

182 3947 213 4002 in
228 3949 305 4000 terra
319 3946 421 4000 uxoris
438 3944 573 4000 sublatus
593 3945 629 4000 de
648 3947 755 4015 medio,
773 3947 802 3999 in
817 3948 906 4002 multa
921 3949 1013 4003 deiic-

183 4038 280 4091 torum
294 4050 417 4090 suorum
431 4033 616 4104 poenitentia,
634 4036 710 4104 apud
726 4035 923 4091 Hilsodunum
937 4037 1011 4108 (reu

183 4124 328 4195 sepultus,
342 4126 453 4178 nostrae
468 4122 669 4177 mutabilitatis
680 4125 845 4196 exemplum
859 4126 1012 4181 immatura

181 4215 275 4266 morta
290 4214 460 4282 praeventus
476 4212 643 4266 viventibus
660 4211 825 4284 dereliquit.

217 4302 262 4356 fi.
284 4302 433 4357 liebertus
449 4301 584 4356 ariensis
604 4301 784 4370 praepositus
799 4305 827 4356 et
843 4303 871 4355 io
887 4303 1014 4356 Atreba-

183 4390 261 4446 tensi
286 4390 414 4444 eeclesia
435 4390 573 4444 obtinens
595 4391 823 4461 praerogativam
847 4391 1011 4461 electionis,

182 4479 229 4533 vir
244 4478 371 4532 mirabili
386 4480 512 4533 fortunas
527 4477 662 4550 prodigio
683 4479 718 4532 de
734 4477 850 4533 modico
866 4481 895 4533 et
911 4480 1013 4534 humili

183 4569 213 4622 in
228 4567 390 4637 praeclaros
401 4566 575 4638 dignitatum
591 4567 702 4637 gradus
718 4565 904 4634 sublimatus,
915 4571 1013 4638 utpote

183 4656 367 4712 Turonensis
382 4655 598 4723 thesaurarius,
611 4655 707 4708 sancti
723 4654 893 4725 audomari,
905 4657 1015 4711 sancti-

183 4761 239 4817 que
254 4743 352 4799 Amati
368 4742 533 4799 Duaeensis
548 4746 577 4796 ot
590 4743 667 4797 beati
679 4743 832 4797 Donatiani
848 4743 1014 4816 Brugensis

183 4833 372 4905 praepositus,
389 4830 616 4887 Flandransium
636 4831 735 4885 comiti
759 4830 892 4902 Phiiippo
907 4833 1014 4905 singu-

182 4923 284 4977 lariter
298 4920 470 4990 familiaris,
487 4919 587 4974 multis
612 4918 752 4974 clericum
772 4921 1012 4991 reclamantibus,

1068 3061 1126 3127 (an,
1144 3059 1233 3130 fl'lt).
1253 3061 1284 3116 in
1300 3062 1411 3116 ltaliam
1425 3062 1630 3132 proficiscens,
1647 3068 1678 3117 ut
1692 3078 1802 3117 munus
1817 3077 1901 3134 rega-

1067 3148 1138 3203 lium
1153 3149 1189 3205 da
1204 3165 1291 3204 manu
1307 3151 1494 3220 imperatoris
1510 3151 1677 3221 susciperet
1687 3181 1722 3191 -
1732 3151 1824 3221 quod,
1834 3150 1902 3205 licet
1924 3199 1927 3203 .

1069 3238 1104 3292 de
1119 3238 1284 3309 majoribus
1300 3239 1417 3309 quidam
1433 3239 1637 3304 reclamarent,
1650 3238 1814 3294 efficaciter
1829 3239 1902 3294 obti-

1069 3327 1182 3395 nuit-,
1196 3333 1224 3382 et
1235 3328 1271 3382 ad
1287 3344 1340 3382 sua
1356 3343 1500 3383 reversus
1515 3328 1563 3383 vir
1576 3328 1641 3382 sine
1657 3328 1735 3397 dolo,
1746 3327 1902 3383 sedetmi-

1068 3415 1203 3470 tissimus
1220 3417 1249 3471 in
1264 3417 1750 3487 populosuoevidenterapparuit‚
1762 3419 1901 3487 expertus

1068 3504 1098 3557 in
1114 3520 1325 3559 successorum
1346 3505 1509 3560 doctrinam
1527 3508 1556 3559 et
1578 3503 1761 3576 exemplum,
1778 3505 1859 3576 quod
1872 3506 1901 3560 in

1069 3593 1196 3662 potentia
1207 3593 1402 3648 multitudinis
1413 3598 1441 3648 et
1456 3593 1486 3648 in
1499 3593 1681 3662 praelationis
1692 3593 1835 3665 dignitate
1845 3609 1901 3664 pax

1069 3680 1197 3735 hominis
1209 3686 1235 3735 et
1247 3681 1424 3737 abundantia
1437 3697 1536 3737 rerum
1551 3697 1609 3736 non
1624 3682 1733 3751 existit,
1747 3682 1800 3738 sad
1814 3683 1901 3738 bene
1938 3708 1941 3714 v

1069 3770 1207 3841 placitum
1224 3773 1270 3825 ast
1285 3771 1409 3826 Domino
1425 3785 1516 3841 super
1529 3772 1666 3826 timentes
1681 3786 1749 3826 eum
1768 3773 1797 3826 et
1811 3770 1843 3825 in
1858 3771 1900 3826 ais

1070 3859 1120 3930 qui
1136 3859 1165 3913 in
1179 3859 1380 3914 mediocritate
1396 3875 1450 3914 sua
1465 3863 1586 3929 sperant
1600 3858 1901 3928 permisericordiam

1071 3946 1899 4018 ejus.Siotamenseexhibuitindiebussenectutissnoe,

1070 4036 1100 4089 in
1116 4036 1224 4107 quibus
1239 4038 1268 4090 et
1282 4037 1405 4090 vocatus
1422 4037 1457 4091 ad
1472 4036 1575 4092 altiora
1585 4036 1649 4104 fuit,
1659 4038 1691 4090 ut
1706 4050 1739 4090 se
1754 4036 1903 4106 praeberet

1071 4124 1252 4196 diligendum
1282 4123 1436 4191 omnibns,
1466 4126 1495 4178 et
1521 4125 1558 4178 ad
1591 4123 1799 4195 exequendum
1824 4122 1902 4196 quod

1029 4213 1056 4274 Ι)
1071 4215 1247 4282 susceperat
1260 4213 1449 4282 episcopatus
1466 4211 1596 4268 officium
1611 4214 1720 4283 praeter
1735 4212 1817 4266 vires
1835 4227 1902 4266 cor-

1070 4301 1152 4371 poris
1168 4301 1337 4355 multotiens
1351 4300 1504 4356 exhiberet
1519 4301 1696 4357 officiosum.
1707 4300 1904 4356 Consumma-

1069 4391 1118 4443 tus
1134 4393 1231 4444 autem
1244 4390 1274 4442 in
1289 4388 1372 4444 bravi
1392 4389 1450 4458 (an.
1473 4387 1562 4460 illi),
1584 4404 1621 4444 nc
1643 4389 1752 4443 malitia
1768 4404 1823 4443 cor
1835 4390 1903 4461 ejus

1071 4477 1246 4547 immutaret,
1263 4477 1339 4547 apud
1354 4477 1500 4532 Valcellas
1520 4493 1554 4533 se
1565 4477 1684 4548 sepeliri
1700 4477 1853 4546 decrevit,
1872 4481 1905 4533 ut

1071 4565 1279 4638 religiosorum
1295 4565 1441 4620 obtineret
1457 4567 1597 4636 precihus
1616 4566 1695 4636 quod
1709 4565 1767 4621 sibi
1783 4566 1821 4621 de
1836 4581 1905 4637 pio-

1070 4655 1143 4725 priis
1159 4655 1271 4709 moritis
1286 4655 1442 4725 provenire
1456 4670 1515 4709 nou
1530 4653 1739 4724 praesumebat.

1105 4741 1149 4797 28.
1166 4742 1237 4797 Post
1251 4743 1407 4798 transitum
1422 4742 1521 4797 domni
1539 4742 1640 4797 niardi
1656 4743 1783 4798 domnus
1802 4743 1905 4815 Roge-

1070 4847 1123 4887 rus
1134 4831 1169 4885 de
1179 4831 1315 4900 Wanrin,
1325 4831 1523 4885 archidiaconi
1535 4834 1563 4885 et
1573 4830 1752 4885 thesaurarii
1762 4830 1904 4886 obtinens

1070 4920 1241 4992 dignitatem
1265 4918 1295 4972 in
1319 4918 1446 4974 ecclesia
1460 4917 1682 4987 Cameracensi,
1706 4920 1905 4974 communiter

183 5009 214 5064 in
224 5009 481 5066 Cameracensium
495 5012 645 5080 pastorem
660 5011 706 5063 est
721 5008 834 5064 electus
846 5010 952 5065 abillis
963 5011 1013 5083 qui
1069 5007 1182 5065 electus
1198 5010 1244 5063 est
1259 5008 1318 5076 (an.
1335 5005 1425 5075 lite),
1439 5009 1467 5060 et
1482 5006 1546 5061 siue
1560 5005 1731 5062 difficultate
1745 5007 1903 5062 investitu-

184 5098 311 5154 fortunae
320 5098 497 5154 beneficium
510 5098 543 5153 in
557 5112 592 5154 eo
604 5097 756 5167 mirantes,
767 5099 926 5168 sperabant
935 5100 1016 5171 quod
1066 5113 1130 5153 ram
1145 5095 1256 5166 recepit
1279 5095 1315 5150 dc
1339 5109 1427 5149 manu
1447 5095 1645 5165 imperatoris,
1661 5095 1731 5166 quia
1753 5095 1903 5166 quondam

184 5186 343 5242 eeclesiam
358 5202 443 5242 suam
458 5187 650 5260 singulariter
668 5188 823 5257 exaltaret,
841 5187 891 5259 qui
908 5189 1016 5261 singu·
1068 5186 1195 5259 gratiam
1205 5184 1271 5256 eq‘us
1288 5185 1501 5254 promeruerat,
1514 5199 1581 5239 oum
1592 5184 1690 5254 ipsum
1704 5187 1733 5239 et
1747 5183 1900 5239 dominum

184 5275 285 5330 lariter
298 5275 442 5331 exolutus
457 5278 566 5333 mundo
589 5280 739 5349 stuporem
761 5278 939 5334 incusserat.
956 5278 1016 5333 Im·
1066 5274 1208 5329 alardum
1218 5273 1391 5344 episcopum
1402 5271 1517 5342 pridem
1527 5273 1558 5326 in
1568 5272 1651 5342 pacis
1666 5273 1808 5328 unitatem
1817 5288 1904 5328 roro·

74 5398 78 5406 -
184 5366 303 5434 perator
316 5364 402 5417 etiam
418 5367 449 5417 ut
469 5365 672 5421 investituram
687 5367 833 5438 regalium
848 5367 1016 5436 susciperet
1068 5365 1176 5417 causet.
1193 5361 1392 5417 Consecratus
1415 5361 1503 5416 etiam
1525 5360 1581 5415 fuit
1604 5359 1779 5416 solemniter
1800 5361 1905 5416 Romae

186 5450 222 5504 ad
236 5466 341 5521 preces
360 5452 562 5523 descendens,
583 5453 734 5512 offerendo
755 5456 839 5525 prius
857 5455 922 5525 ipse
936 5470 1015 5525 prae-
1066 5451 1096 5506 in
1117 5455 1214 5506 monte
1233 5451 1379 5507 Aventino
1404 5450 1434 5504 io
1455 5450 1583 5505 eeclesia
1604 5452 1716 5505 sanetae
1738 5447 1905 5519 Sabinoe,a

979 5620 1108 5684 NOTAE

221 5731 295 5806 (tel)
315 5729 472 5797 issoudun,
488 5730 519 5786 in
536 5728 730 5801 Biturigibus.
