3900 6112
1795 232 1867 295 last

145 234 222 296 {483
623 228 862 292 GUITMUNDI
885 226 1152 290 ARCHIEPISC.
1174 227 1388 292 AVERSANI

117 438 122 447 '
146 451 184 491 ex
195 435 238 489 ais
255 447 321 502 quae
336 435 419 484 erant
433 445 490 484 non
502 444 538 482 ex
549 429 663 482 nihilo?
679 427 854 482 Aliterenim
865 444 979 498 compa·
994 410 1023 470 Α
1037 426 1116 481 libus
1132 430 1338 499 sacramentis,
1363 431 1414 486 ubi
1428 433 1563 502 praecipit
1585 434 1694 501 virtus,
1714 433 1760 487 rei
1780 433 1870 486 servit

147 522 221 579 ratio
234 522 289 575 iste
298 523 377 574 recte
388 517 513 588 intelligi
524 533 582 570 non
592 519 696 586 potest.
705 516 776 581 Quae
788 517 977 588 igiturerant,
1035 513 1168 569 effectus.
1184 515 1219 569 Et
1235 521 1264 571 ut
1273 519 1314 572 ibi
1325 535 1436 574 novum
1450 524 1478 575 et
1489 521 1675 591 impossibile
1691 536 1753 574 non
1767 521 1870 575 debeat

147 612 177 667 id
202 614 257 677 est,
281 609 366 678 panis
383 610 411 661 et
433 608 534 660 vinnm
551 609 636 670 sunt;
665 605 791 660 sednon
816 608 885 659 sunt
901 605 979 675 quod
1034 604 1220 676 videriquod
1237 607 1265 660 in
1280 607 1391 662 Christi
1406 609 1601 664 substantiam
1613 616 1732 664 terrena
1749 615 1777 663 et
1793 625 1870 663 rnor-

148 700 241 767 eraut,
252 698 306 752 sed
318 698 348 750 iu
361 696 439 750 aliud
456 697 641 749 commutata.
657 694 692 748 Et
705 694 762 747 hoc
778 694 915 764 estquod
931 695 979 761 ait,
1036 693 1104 746 talia
1119 699 1346 765 commutantur,
1363 697 1491 767 teipsum
1506 700 1558 770 qui
1569 697 1631 769 jam
1648 701 1677 752 in
1692 698 1814 753 Christo
1828 715 1871 752 re-

148 791 180 843 ut
196 788 255 842 sint
266 803 332 856 quie
347 788 431 840 crant
438 802 445 850 3
463 789 490 838 et
507 784 544 837 ita
560 785 629 851 siut,
640 787 671 837 ut
686 799 744 836 non
756 783 784 836 in
798 798 831 836 se
843 783 913 851 sint,
928 783 982 836 sed

150 879 180 932 in
190 876 268 930 aliud
280 877 507 928 commutentur.
520 872 605 926 Hunc
620 872 892 925 sensumincodenr
906 871 982 925 libro

150 965 227 1020 idem
243 965 346 1018 doctor
367 961 552 1032 uper-tissime
573 960 709 1028 ostendit,
725 960 827 1014 dicens
841 976 847 1014 :
861 960 983 1022 Quantis

151 1055 243 1126 igitur
262 1053 372 1105 utimur
387 1050 529 1118 exemplis
546 1052 576 1103 ut
591 1050 750 1119 prohemus
769 1065 827 1104 non
843 1050 898 1102 hoc
915 1062 985 1102 esse

152 1142 230 1214 quod
247 1143 349 1193 natura
371 1139 516 1206 formavit,
534 1137 586 1191 sed
603 1139 680 1207 quod
696 1138 861 1192 benedictio
878 1152 985 1190 consc-

153 1230 256 1298 cravit,
278 1228 481 1298 majoremque
497 1227 555 1280 vim
577 1242 646 1280 esse
664 1226 879 1280 benedictionis
899 1241 986 1296 quam

154 1323 277 1385 naturae,
290 1316 358 1388 quia
374 1315 580 1369 benedictione
592 1316 678 1369 etiam
694 1319 797 1368 natura
812 1316 877 1384 ipsa
892 1316 988 1367 muta-

156 1414 211 1462 tur.
227 1406 259 1460 Si
274 1406 364 1476 igitur
382 1420 440 1458 non
457 1407 526 1458 sunt
541 1405 618 1475 quod
640 1407 744 1457 natura
768 1404 913 1472 formavit,
931 1419 988 1457 non

1033 785 1194 851 generatus
1218 798 1261 851 es,
1279 786 1408 853 attende,
1433 790 1461 840 et
1481 787 1605 857 reliqua.
1622 787 1700 840 Ecce
1726 787 1871 856 quomodo

1033 871 1122 923 Pater
1154 872 1363 927 sanctissimus
1397 875 1557 945 doctorque
1585 875 1760 945 praecipuus
1775 877 1872 929 verbis

1035 959 1228 1027 paucissimis
1253 960 1393 1016 haeresim
1408 963 1540 1017 confutat
1554 966 1723 1034 utramque.
1740 964 1871 1035 lmpana-

1036 1052 1117 1101 tores
1130 1049 1237 1102 etenim
1250 1050 1384 1117 destruit,
1397 1052 1465 1106 dum
1481 1068 1668 1123 nequaquam
1677 1051 1831 1106 Christum
1845 1053 1873 1106 in

1037 1152 1112 1207 pano
1128 1140 1155 1191 et
1171 1138 1240 1192 vino
1255 1137 1357 1206 latere,
1375 1139 1428 1193 sed
1444 1141 1577 1195 visibiles
1592 1144 1761 1208 creaturas,
1776 1142 1804 1196 id
1819 1147 1872 1208 est,

1038 1239 1143 1293 panem
1159 1229 1187 1276 et
1202 1224 1312 1294 vinum,
1322 1226 1351 1279 in
1363 1227 1558 1280 substantiam
1570 1229 1710 1297 corporis
1721 1233 1749 1282 et
1762 1229 1875 1299 sangui·

1040 1313 1087 1366 nis
1101 1310 1212 1368 Christi
1234 1317 1378 1382 converti,
1396 1316 1544 1370 etiterum
1566 1319 1685 1370 terrena
1703 1322 1732 1369 et
1748 1318 1877 1372 mortalia

1040 1402 1069 1454 in
1079 1401 1188 1455 Christi
1199 1402 1394 1456 substantiam
1407 1405 1578 1458 commutari
1595 1405 1675 1459 dicit.
1688 1405 1875 1460 Umbratiers

155 1500 223 1551 suut
237 1495 314 1566 quod
329 1496 424 1558 erant,
438 1493 465 1546 id
480 1497 536 1560 est,
554 1509 612 1547 uon
629 1496 698 1546 suut
711 1493 797 1563 panis
809 1497 836 1547 et
853 1493 985 1546 vinum·
1041 1506 1158 1562 quoque
1169 1490 1361 1545 nihilominus
1373 1492 1509 1562 dissipat,
1521 1493 1588 1546 dum
1599 1494 1664 1547 haec
1675 1496 1812 1549 converti
1822 1511 1876 1548 non

155 1585 199 1638 Ex
209 1584 356 1652 superiori
367 1583 456 1653 igitur
467 1584 611 1636 sententia
625 1585 652 1635 et
666 1600 702 1636 cx
712 1583 778 1651 ista,
795 1582 872 1636 clare
887 1586 988 1637 osten·
1041 1581 1071 1633 in
1082 1580 1242 1650 quamlibet
1254 1584 1429 1648 creaturam,
1443 1582 1537 1635 sedin
1554 1582 1757 1636 substantiam
1775 1599 1877 1652 corpo·

156 1675 234 1728 ditur
245 1673 313 1743 quia
332 1688 399 1741 quae
415 1675 506 1739 erant,
523 1675 600 1740 sunt,
614 1671 709 1740 idest,
727 1688 786 1726 non
802 1673 837 1725 do
853 1672 944 1726 nihilo
958 1673 991 1726 rt
1043 1669 1085 1722 ris
1102 1670 1130 1722 et
1145 1669 1302 1738 sanguinis
1317 1668 1431 1724 Christi·
1451 1671 1615 1724 confirmat.
1632 1670 1709 1725 Item
1734 1651 1878 1740 ipsesnea

157 1763 206 1816 hic
216 1776 325 1830 corpus
337 1763 365 1812 et
375 1761 500 1830 sanguis
510 1759 629 1824 Christi,
645 1761 698 1814 scd
710 1761 745 1814 tle
757 1761 803 1814 bis
815 1777 880 1832 quae
894 1768 988 1828 erant,
1005 1755 1030 1815 B
1044 1758 1155 1812 dubitet
1166 1758 1333 1828 quisquam,
1346 1759 1395 1826 ait,
1413 1759 1567 1828 primarias
1576 1762 1736 1814 creaturas
1751 1765 1823 1814 nutu
1833 1777 1879 1829 po·

159 1867 218 1905 non
233 1855 329 1904 tamen
345 1853 413 1902 sunt
437 1848 465 1900 id
486 1849 561 1918 quod
588 1853 682 1917 erant,
703 1850 770 1919 quia
793 1865 850 1903 non
873 1851 991 1906 suntid
1044 1848 1153 1915 tentiae,
1164 1848 1325 1916 praesentia
1341 1846 1513 1917 majestatis,
1536 1847 1565 1900 in
1581 1847 1734 1902 Dominici
1749 1851 1878 1918 corporis

160 1939 237 2010 quod
252 1941 353 1992 natura
370 1936 516 2004 formavit,
528 1937 557 1989 id
576 1941 630 2003 est,
648 1953 707 1992 non
725 1941 794 1991 sunt
809 1940 892 2007 panis
908 1944 936 1993 et
950 1940 992 1992 vi·
1044 1935 1171 1989 transire
1193 1950 1284 2003 posse
1299 1940 1442 1990 naturam.
1459 1935 1494 1989 Et
1508 1936 1614 1990 iterum
1632 1952 1638 1990 :
1653 1937 1781 2001 Quando
1797 1938 1878 1991 hene·

161 2044 241 2096 num,
258 2027 311 2080 scd
335 2026 364 2078 in
379 2024 456 2078 uliud
482 2029 706 2095 commutantur,
729 2031 757 2079 et
773 2030 842 2080 sunt
867 2028 894 2080 id
914 2028 993 2098 quod
1045 2023 1880 2081 dicendaeverbiscoelestibuscreaturassacrisaltaribus

161 2115 328 2171 benedictio
347 2114 542 2181 consecrarit,
561 2114 659 2182 idest,
681 2130 790 2184 corpus
813 2119 841 2170 et
856 2119 991 2188 sanguis,
1046 2113 1245 2182 imponuntur,
1258 2116 1414 2184 antequam
1426 2113 1609 2168 invocatione
1626 2115 1740 2169 summi
1757 2116 1880 2170 nominis
1905 2136 1910 2149 ·

163 2205 230 2277 quia
245 2203 450 2257 benedictione
467 2203 516 2272 ait,
533 2205 637 2257 natura
651 2204 715 2273 ipsa
732 2207 868 2259 mutatur.
1047 2203 1271 2268 consecrentur,
1283 2202 1450 2255 substantia
1461 2202 1521 2256 illic
1532 2207 1578 2256 est
1591 2203 1680 2273 panis
1692 2205 1808 2271 etvini,
1820 2210 1882 2274 post

199 2292 458 2347 Etadhueattende
470 2292 620 2346 doctorem
632 2292 891 2364 veritatisthrms,
908 2294 993 2365 ibid).
1048 2290 1139 2344 verba
1153 2294 1249 2345 autem
1257 2290 1380 2356 Christi,
1394 2307 1502 2362 corpus
1516 2296 1544 2346 ct
1556 2295 1686 2364 sanguis
1703 2297 1750 2347 est
1765 2293 1881 2348 Christi.

163 2381 281 2448 Quodsi
292 2381 719 2450 tantum,inquit,valuitsermo
731 2381 801 2436 tiliae
812 2384 995 2455 utignemde
1048 2378 1123 2442 Quid
1148 2381 1194 2432 est
1221 2382 1317 2433 autem
1344 2379 1461 2449 mirum,
1491 2381 1518 2433 si
1536 2395 1654 2452 eaquae
1676 2383 1773 2436 verbo
1797 2383 1883 2452 potuit

164 2472 238 2526 coelo
252 2471 412 2539 deponeret
422 2468 479 2536 (III
488 2469 561 2539 Itep.
576 2471 670 2539 xvru),
688 2487 747 2525 non
761 2472 869 2525 valebit
887 2473 996 2526 Christi
1049 2482 1160 2534 creare,
1178 2468 1269 2521 verbo
1294 2469 1390 2536 possit
1413 2473 1511 2523 creata
1532 2471 1732 2524 convertere?
1747 2470 1810 2525 lmo
1827 2471 1883 2542 jam

165 2574 275 2625 sermo,
293 2560 324 2610 ut
349 2557 465 2626 species
482 2560 572 2610 mutet
594 2558 827 2614 elementor-uma
843 2561 884 2615 De
906 2562 996 2615 totius
1050 2557 1172 2610 minoris
1183 2557 1300 2610 videtur
1316 2573 1385 2611 esse
1403 2558 1545 2624 miraculi,
1560 2559 1586 2611 si
1598 2560 1627 2612 id
1646 2560 1729 2629 quod
1741 2575 1783 2614 ex
1798 2560 1883 2613 nihilo

165 2646 413 2715 mundiopcribus
423 2646 536 2699 lehisti:
547 2644 904 2718 Quiaipsedixitetiactu,
917 2657 995 2720 sunt,
1050 2646 1212 2717 agoscitur,
1227 2645 1407 2713 condidisse,
1423 2645 1484 2716 jam
1500 2647 1649 2701 conditum
1668 2648 1699 2700 in
1713 2648 1823 2703 melius
1837 2664 1885 2701 va·

165 2738 230 2807 ipse
238 2733 390 2788 mandarit
402 2740 430 2786 et
442 2740 616 2788 creatasunt
628 2735 998 2810 (Psal.xxu).Scrnroergo
1050 2734 1108 2787 leat
1122 2737 1312 2787 0⁰mffllllssl'0·
1333 2732 1407 2798 Quid
1423 2737 1576 2803 imeritus?
1596 2734 1674 2799 Quid
1691 2737 1886 2806 expressius?

167 2823 277 2878 Christi
292 2823 342 2894 qui
366 2822 457 2891 potuit
481 2838 517 2876 ex
532 2824 623 2876 nihilo
640 2824 737 2879 iacere
753 2828 831 2896 quod
852 2843 910 2880 non
925 2832 996 2897 crat,
1052 2823 1122 2877 Haec
1137 2838 1196 2877 nou
1211 2823 1320 2877 hahent
1335 2824 1435 2893 populi
1450 2824 1520 2894 quia
1531 2823 1603 2877 nihil
1618 2840 1755 2894 unquam
1772 2824 1885 2879 manite-

167 2929 226 2967 non
235 2915 374 2983 potestea
384 2927 450 2981 quae
461 2917 530 2965 sunt
541 2914 570 2966 in
581 2912 609 2965 id
619 2917 731 2968 mutare
742 2916 820 2985 quod
830 2919 999 2972 nonerunt?
1051 2912 1127 2966 stius
1144 2912 1181 2965 ab
1206 2912 1324 2966 homine
1347 2915 1445 2980 potest
1468 2913 1536 2966 dici.
1562 2913 1594 2966 ln
1616 2913 1750 2983 quodam
1776 2914 1886 2968 missali

167 3001 320 3056 Noucnim
331 3001 428 3053 minus
440 3004 587 3055 estnovas
600 3002 869 3074 rehusdarequum
887 3009 999 3060 mutare
1052 3002 1194 3071 Hispano,
1212 3002 1290 3072 quod
1307 3002 1407 3055 dicunt
1424 3005 1555 3055 sanctum
1573 3001 1708 3055 dictasse
1731 3003 1885 3069 Isidorum,

168 3096 300 3147 naturas.
315 3091 386 3144 Item
402 3090 457 3158 (De
471 3092 678 3161 sacramentis,
696 3093 746 3146 lib.
763 3110 801 3163 rv,
815 3096 877 3165 c.5)
890 3112 896 3150 ε
908 3097 998 3152 Panis
1014 3126 1038 3189 0
1052 3091 1081 3146 in
1097 3090 1281 3145 hebdomada
1301 3095 1367 3144 anie
1384 3090 1510 3157 Pascha,
1527 3089 1557 3143 in
1581 3090 1711 3160 quadam
1738 3093 1834 3145 missa
1847 3092 1886 3144 sic

167 3183 234 3249 iste,
247 3180 332 3250 panis
341 3182 387 3233 est
397 3181 462 3232 ante
474 3180 564 3233 verba
575 3185 1000 3252 sacramentorummbiacces·
1053 3181 1150 3235 inveni
1169 3197 1174 3234 τ
1192 3179 1297 3234 Totum
1313 3179 1378 3248 1¹00,
1404 3178 1536 3246 Domine,
1553 3178 1688 3233 divinum
1709 3183 1770 3244 esi.
1791 3184 1887 3247 totum,

169 3271 244 3326 serit
256 3268 451 3336 consecratio,
463 3267 499 3321 de
510 3283 584 3339 pane
597 3270 627 3322 fit
639 3285 748 3340 corpus
757 3271 877 3327 Christi.
895 3274 930 3328 Et
945 3275 999 3329 ite·
1052 3270 1148 3339 Pater,
1160 3269 1195 3322 de
1206 3269 1281 3322 coelo
1293 3271 1338 3323 cst
1352 3284 1357 3321 :
1371 3269 1549 3321 demutatum
1560 3267 1588 3320 in
1603 3272 1747 3322 naturam
1759 3268 1827 3322 Filii
1840 3271 1885 3334 tui,

168 3375 250 3414 rum:
264 3359 427 3428 Antequam
444 3360 648 3425 consecratur,
660 3360 745 3428 panis
757 3364 816 3425 est;
839 3363 887 3416 ubi
904 3367 1000 3417 autem
1053 3363 1196 3427 etcorpus
1207 3361 1236 3411 et
1248 3357 1373 3428 sanguis
1382 3360 1437 3410 est.
1450 3355 1761 3426 Nonjamhgura,sed
1773 3359 1884 3424 veritas,

168 3447 1001 3523 verbaChristiaccesserint,corpusestChristiDenique
1052 3464 1111 3501 11011
1123 3451 1256 3501 ereatura
1268 3446 1411 3515 ῐῐὶῡῐῑθίἰὸ,
1431 3446 1484 3499 sed
1496 3449 1598 3498 nalum
1612 3445 1762 3509 melesii&
1782 3447 1885 3500 edenti·

168 3536 236 3591 audi
250 3535 395 3588 dicentem
413 3549 419 3587 :
436 3534 568 3602 Accipite
584 3538 612 3588 et
627 3535 703 3589 edite
719 3553 797 3591 exeo
809 3554 932 3609 omnes,
948 3542 1002 3596 hoc
1052 3537 1109 3591 bus
1119 3537 1207 3589 vitam
1215 3540 1555 3606 aeternam,regnumque
1563 3537 1745 3604 perpetuum
1753 3535 1886 3589 collatura

170 3630 216 3678 cst
231 3623 308 3677 enin.
324 3637 430 3691 corpus
445 3636 549 3675 mcum.
568 3622 602 3674 Et
616 3628 682 3677 ante
699 3627 789 3680 verba
804 3625 914 3683 Christi
925 3631 1001 3684 calix
1052 3625 1233 3697 potantibus.
1251 3624 1314 3678 Hos
1336 3624 1534 3692 impanatores
1555 3636 1630 3674 suos
1657 3622 1724 3690 ipse
1752 3623 1885 3676 Dominus

170 3715 216 3766 est
230 3711 291 3763 vini
306 3713 335 3763 et
351 3725 434 3779 aquae
448 3709 568 3779 plenus;
587 3711 635 3765 ubi
652 3714 741 3767 verba
753 3713 864 3770 Christi
882 3723 1001 3788 operata
1053 3715 1145 3769 lesus
1156 3714 1250 3768 verbo
1260 3710 1531 3772 orissuiinterhcit,
1543 3725 1608 3764 oum
1621 3711 1783 3780 accipiens
1792 3727 1886 3782 panem

170 3800 288 3866 tuerint,
314 3799 356 3852 ibi
371 3800 496 3871 sanguis
511 3799 648 3870 efficitur,
671 3803 721 3873 qui
736 3805 851 3873 plebem
867 3808 999 3862 redemit.
1055 3804 1226 3876 gratiasque
1237 3815 1375 3873 agensuc
1386 3798 1625 3866 benedicens,ait
1638 3814 1644 3852 :
1655 3799 1720 3854 Hoc
1731 3807 1782 3854 est
1792 3815 1887 3871 corpus

170 3889 250 3960 Ergo
275 3888 358 3941 disce
380 3890 497 3958 quantis
524 3890 684 3960 generibus
707 3897 811 3960 potens
834 3899 880 3948 est
903 3912 1001 3951 sermo
1054 3910 1158 3948 meum.
1176 3892 1242 3946 Non
1267 3891 1306 3943 ait
1322 3905 1328 3944 :
1345 3890 1377 3943 ln
1393 3889 1449 3942 hoc
1474 3888 1541 3942 latet
1562 3902 1676 3958 corpus
1699 3905 1813 3943 meum.
1835 3890 1887 3942 h'ec

170 3976 283 4031 Christi
296 3979 438 4031 universa
454 3981 636 4033 convertere.
655 3980 764 4035 Deinde
779 3983 843 4052 ipse
858 3984 1002 4040 Dominus
1055 3983 1128 4037 dixit
1141 3998 1146 4036 :
1157 3982 1189 4035 lu
1201 3981 1257 4034 hoc
1269 3981 1337 4033 vino
1355 3981 1401 4032 est
1414 3978 1539 4049 sanguis
1555 3992 1653 4046 meus,
1663 3978 1720 4032 sed
1739 3979 1814 4033 dixit
1826 3995 1832 4033 :
1842 3978 1889 4032 Hie

169 4068 261 4122 lesus
277 4066 451 4120 testificatur
465 4067 552 4121 nohis
568 4068 646 4137 quod
662 4084 771 4138 corpus
786 4087 872 4125 suum
889 4078 917 4127 et
931 4090 1002 4128 san·
1055 4078 1101 4128 est
1110 4071 1231 4142 sanpuis
1242 4067 1422 4122 meus.Unde
1432 4069 1460 4119 at
1469 4065 1665 4120 EcclesiaDei
1675 4073 1889 4138 consequenter

170 4157 290 4229 guinem
307 4155 498 4225 accipiamus.
509 4156 648 4226 Nunquid
663 4159 805 4213 dehemus
817 4161 852 4215 de
864 4161 930 4231 eJ'us
945 4163 1003 4219 fide
1055 4178 1071 4216 a
1087 4177 1119 4215 se
1136 4159 1256 4214 eosdem
1273 4160 1400 4227 separat,
1413 4171 1479 4209 cum
1490 4155 1595 4223 inipso
1611 4171 1731 4210 canone
1744 4158 1847 4211 missae
1861 4172 1890 4209 ex

171 4248 199 4300 et
214 4233 425 4299 testificatione
436 4245 593 4298 dubitaret
609 4245 680 4299 llaec
691 4246 795 4302 beatus
812 4250 1000 4306 Ambrosius.
1055 4250 1218 4321 apostolica
1234 4246 1388 4301 traditione
1407 4245 1446 4297 itu
1466 4245 1545 4297 orat:
1562 4266 1572 4289 a
1587 4241 1684 4306 Quam
1705 4246 1888 4310 oblationem,

206 4334 333 4389 Sanctus
348 4336 444 4388 autem
462 4333 609 4387 Eusebius
625 4334 812 4405 Emisseuus,
826 4341 1001 4411 vercunica,
1055 4345 1085 4395 tu
1103 4341 1193 4407 Deus,
1210 4338 1239 4391 in
1251 4334 1387 4389 omnibus
1401 4347 1573 4402 quaesumus
1589 4332 1796 4402 benedictam,
1813 4334 1891 4387 ascri·

170 4425 275 4494 inquit,
289 4427 317 4476 et
328 4422 458 4491 perfecta
467 4422 564 4476 hostia
576 4423 632 4477 tide
642 4425 814 4480 aestimanda
826 4431 1001 4500 nonspccio,
1056 4434 1144 4500 ptam,
1157 4431 1261 4493 ratam,
1271 4422 1485 4488 rationabilem,
1497 4421 1781 4493 acceptabilemque
1801 4423 1888 4477 tacere

171 4528 226 4567 nec
242 4511 381 4565 exteriori
406 4512 553 4565 censenda
569 4513 647 4578 visu,
663 4514 716 4567 sed
736 4515 868 4571 interiori
885 4518 1001 4574 affectu.
1057 4517 1237 4589 dignaris,ut
1246 4513 1332 4568 nobis
1345 4526 1456 4581 corpus
1467 4514 1495 4564 et
1506 4509 1633 4579 sanguis
1646 4510 1698 4564 fiat
1708 4509 1889 4566 dilectissimi

172 4601 256 4655 Unde
268 4601 399 4655 coelestis
418 4601 570 4654 confirmat
585 4604 744 4658 auctoritas
757 4621 763 4658 :
776 4605 848 4669 Quia
860 4623 929 4661 earo
939 4626 1003 4663 mea
1058 4607 1126 4660 Filii
1141 4606 1181 4659 tui
1197 4602 1310 4657 Domini
1328 4600 1423 4655 nestri
1438 4599 1511 4653 lesu
1526 4597 1669 4651 Christi.»
1689 4599 1761 4655 Non
1776 4601 1824 4655 hic
1841 4614 1891 4653 ora·

173 4690 1001 4765 vereestcibusetsanpuismcusrereestpotusldoanrrt.
1018 4704 1044 4764 Ι)
1059 4700 1117 4764 tur,
1134 4697 1164 4749 ut
1186 4694 1216 4746 in
1232 4706 1266 4745 ea
1282 4705 1390 4758 corpus
1407 4691 1436 4742 et
1457 4686 1581 4757 sanguis
1595 4686 1699 4756 lateat,
1725 4694 1778 4742 aut
1793 4690 1823 4742 in
1838 4702 1889 4742 eam

172 4778 302 4833 Recedet
317 4794 390 4849 ergo
406 4794 492 4832 omne
508 4778 688 4834 infidelitatis
710 4782 891 4853 ambiguum,
908 4801 1002 4855 quan-

171 4867 329 4938 doquidem
345 4867 395 4939 qui
411 4870 574 4921 auctorest
590 4870 730 4934 muneris
742 4871 805 4941 ipse
821 4873 906 4926 etiam
918 4875 1003 4929 testis

171 4960 217 5010 est
228 4956 449 5010 veritatisNam
458 4957 616 5010 invisibilis
626 4959 767 5013 sacerdos
781 4961 916 5015 visibiles
926 4978 1005 5016 croa-

171 5047 253 5099 turas
265 5045 498 5100 insubstantiam
507 5047 641 5115 corporis
654 5050 681 5100 et
692 5048 902 5117 sauguinissui
911 5052 1002 5105 verbo

173 5148 227 5188 suo
247 5137 363 5188 secreta
374 5136 488 5203 pestate
509 5135 661 5204 convertit,
681 5136 719 5188 itu
735 5137 837 5190 dicens
850 5139 1003 5209 :Accipite

173 5221 1007 5294 etedite,hocestenimcorpusmeuur.Etsanctificatione

172 5309 295 5379 repetita
307 5325 312 5363 :
325 5311 471 5381 Accipite,
490 5318 519 5365 et
532 5311 637 5376 bibito,
654 5313 702 5367 hic
716 5320 761 5367 ert
776 5315 900 5386 sanquis
914 5334 1006 5373 meus.

173 5398 254 5470 Ergo
272 5397 349 5451 sicut
364 5400 398 5450 ad
416 5404 463 5451 rut
479 5417 514 5451 -εει
541 5402 740 5471 praecipientis
757 5403 870 5457 Domini
887 5411 1007 5475 reponte

172 5505 211 5543 ex
227 5487 524 5542 nihilosubstiterunt
549 5491 666 5545 excelsa
691 5492 842 5561 caelorum,
863 5494 1007 5563 profunda

172 5584 326 5648 fluctuum,
345 5579 426 5631 vesta
440 5582 596 5647 terrarum,
608 5581 672 5651 pari
688 5583 817 5651 potentia
832 5583 1007 5655 inspiritua-

1059 4799 1170 4854 corpus
1184 4785 1213 4836 at
1227 4780 1351 4851 sanguis
1367 4777 1513 4844 adveniat,
1528 4775 1583 4829 sed
1605 4779 1638 4829 ut
1654 4776 1725 4846 ipsa
1742 4777 1849 4832 oblatio
1867 4780 1889 4828 et

1059 4889 1167 4943 corpus
1179 4869 1339 4939 etsanguis
1351 4867 1409 4920 siat.
1420 4866 1482 4918 Hac
1494 4864 1627 4918 oratione
1646 4863 1830 4935 Cyprianus,
1846 4864 1888 4918 lli·

1058 4952 1888 5025 larius,Ambrosiushugustinus,Hieronymustirego·

1058 5053 1131 5119 riuS,
1149 5053 1177 5103 et
1192 5047 1291 5102 caeteri
1307 5059 1410 5099 omncs
1434 5040 1634 5096 ecclesiastici
1655 5046 1802 5097 auctores
1826 5044 1887 5096 isles

1058 5155 1116 5194 uno
1132 5155 1184 5193 ore
1201 5136 1382 5207 percutiunt3
1400 5135 1427 5187 ct
1441 5131 1609 5203 quicunque
1622 5131 1739 5184 missas
1750 5132 1887 5186 celebran-

1062 5232 1108 5282 tes
1125 5227 1180 5296 ipsi
1195 5224 1320 5279 orationi
1338 5226 1395 5277 tota
1411 5220 1566 5275 devotione
1587 5220 1798 5274 consentiunt.
1813 5218 1888 5287 Equi·

1062 5317 1128 5371 dem
1145 5331 1200 5386 ego
1225 5313 1330 5368 dehac
1355 5310 1549 5381 impanatione
1575 5322 1696 5361 mecum
1710 5309 1800 5362 etiam
1812 5314 1887 5376 atque

1064 5396 1886 5467 etiarnretraetans,nonsatisverbisexprimerepossurn

1061 5499 1201 5564 quantum
1215 5491 1439 5560 superistorum
1450 5485 1806 5551 stultissimaaudacia,et
1820 5486 1885 5537 insa·

1061 5583 1185 5636 nissima
1200 5578 1430 5651 praesumptione
1447 5575 1577 5633 admiror
1589 5574 1705 5644 pariter
1719 5579 1749 5630 et
1763 5573 1885 5644 indignor
