3900 6112
63 309 121 375 toa

752 304 882 368 LIBER
902 302 1095 368 TERTIUS.

1732 305 1792 374 tot

66 509 356 564 virtutisexercitum
366 508 519 579 prevalere
530 507 658 578 ambiget
672 503 898 576 ⁹⁴²‚praescrtim
915 487 941 547 Α
960 505 1032 558 ritcr
1047 503 1161 572 vivens,
1178 519 1230 559 res
1245 503 1391 559 aecclesiae
1406 505 1599 562 distrahebat.
1615 508 1689 563 Post
1701 506 1789 578 cujus

67 615 131 652 cum
147 615 207 652 usu
222 598 331 653 bellico
347 603 375 652 et
390 597 547 668 disciplina
558 598 674 651 militari
685 599 862 667 prestarent,
873 599 902 650 et

67 688 238 757 imperatori
255 688 354 743 studio
370 687 502 756 placendi
513 685 813 741 innitei·antur‘?Gum
828 699 900 756 ergo

67 777 232 830 comminus
244 776 464 842 condixissent,
482 777 639 845 derepente
664 776 808 832 incertum
832 774 899 846 quis

67 862 214 917 diabolico
226 864 369 917 instinctu
378 868 504 918 vexatus
514 864 544 916 iu
564 864 702 918 hacvoce
719 863 898 919 bishorren-

68 949 130 1003 dum
145 951 261 1019 erupit:
280 949 396 1020 Fugite,
412 949 516 1021 tirqite.
529 948 592 1015 Quo
607 951 822 1006 Lotharienses
846 968 898 1005 cx-

66 1036 166 1105 territi,
185 1038 340 1091 nescimus
357 1054 415 1108 quo
436 1039 488 1093 Dei
505 1039 620 1095 occulto
642 1039 766 1110 judicio,
793 1056 896 1098 omnes

67 1124 163 1195 lugam
179 1125 391 1197 inieruntq'dul.
408 1126 465 1196 19).
482 1128 526 1183 Ex
540 1129 650 1199 quibus
665 1145 752 1199 quam
763 1131 852 1186 multa
863 1148 898 1187 ae

67 1229 148 1282 quam
159 1216 344 1289 miserabilis
355 1216 536 1272 eaedesfaota
548 1219 603 1286 est,
616 1222 733 1273 nonest
748 1223 897 1291 presentis

67 1304 173 1372 negotii
185 1304 346 1373 explicare.
357 1304 420 1360 Nec
435 1309 493 1360 tam
505 1309 600 1361 tamen
617 1309 653 1361 ab
669 1308 806 1364 hostibus
818 1310 896 1367 terro

66 1405 145 1459 quam
162 1392 274 1447 timore
289 1395 396 1462 vexati,
414 1395 489 1450 inter
505 1411 598 1450 naves
613 1394 681 1450 dum
705 1398 845 1470 fugerent
868 1400 897 1454 in

64 1494 186 1534 numero
212 1481 289 1552 (344)
317 1482 576 1553 periclitabantur,
599 1487 756 1542 manifesto
779 1488 898 1559 quidem

64 1568 137 1638 quod
148 1571 298 1640 scriptum
313 1576 360 1626 est
372 1588 378 1627 :
396 1576 462 1644 qnia
474 1590 547 1628 uirus
558 1574 638 1630 mille
650 1582 679 1629 et
690 1575 746 1631 duo
756 1575 897 1649 ruperunt

64 1656 161 1711 decem
177 1659 263 1714 milia
279 1660 376 1726 (Dent.
395 1680 486 1730 xxxii,
502 1662 557 1733 30).
569 1664 634 1718 Dux
649 1667 745 1719 autem
759 1665 896 1720 Godelri-

64 1748 125 1817 dus,
136 1764 229 1820 quem
243 1751 374 1805 secunda
384 1751 531 1807 bellorum
543 1754 749 1822 accenderant,
767 1755 896 1825 undique

959 607 1119 647 excessum
1141 593 1199 658 (an.
1226 592 1304 662 1015)
1326 593 1363 647 ad
1386 596 1495 649 tautam
1516 600 1717 665 paupertatem
1737 598 1790 652 de·

959 683 1051 749 duxit,
1063 685 1094 736 ut
1110 683 1160 735 vix
1171 686 1296 752 quatuor
1306 683 1442 736 monachi
1454 689 1647 738 remanerent.
1658 686 1790 742 Domnus

957 776 1056 826 autem
1068 771 1228 840 episeopus
1240 771 1296 825 hoc
1305 772 1475 842 previdenS,
1491 774 1630 844 quaesivit
1640 773 1790 844 abbatem3

958 864 1152 929 sanctumque
1169 860 1264 914 virum
1281 859 1455 915 Wenricum
1477 862 1595 916 nomine
1619 862 1790 932 imperatori

959 949 1062 1004 obtulit
1077 948 1217 1019 dignitate
1234 949 1411 1003 donandum.
1429 949 1569 1014 Quamvis
1587 950 1663 1005 onim
1674 951 1789 1005 abbatia

958 1052 1069 1108 pauper
1080 1038 1119 1092 sit
1134 1041 1162 1091 at
1177 1037 1294 1108 exigua,
1311 1039 1419 1107 pendet
1432 1044 1528 1094 tamen
1542 1040 1579 1094 de
1595 1056 1681 1095 manu
1692 1041 1786 1112 regia.

956 1126 1011 1190 Qui
1025 1126 1118 1180 abbas
1135 1125 1231 1180 iactus
1242 1128 1321 1193 (anri.
1337 1128 1405 1181 1015
1420 1126 1567 1197 vellete),
1580 1145 1646 1184 cum
1663 1130 1698 1183 ad
1714 1145 1791 1184 com·

957 1215 1082 1270 missum
1099 1217 1311 1271 monasterium
1322 1218 1520 1287 pervenisset,
1534 1219 1629 1273 omnia
1646 1210 1790 1288 dissipata

955 1304 1095 1373 miratqr3
1108 1307 1136 1359 et
1150 1320 1208 1359 non
1223 1309 1336 1360 tantum
1352 1308 1511 1376 praesentia
1530 1307 1655 1377 dampna
1685 1308 1789 1378 deplo-

955 1398 1009 1460 rat,
1027 1410 1131 1449 verum
1147 1396 1234 1447 etiam
1249 1395 1356 1449 multas
1372 1396 1561 1451 incursiones
1574 1397 1789 1466 latronum,qui

955 1482 1024 1537 illuc
1040 1484 1247 1554 quamplurimi
1263 1489 1489 1554 conversantur,
1506 1490 1609 1554 postea
1624 1501 1787 1555 perpessus

955 1574 1010 1625 est.
1028 1571 1157 1636 Quorum
1174 1587 1261 1641 unus,
1287 1573 1405 1627 nomine
1427 1574 1512 1642 Aldu,
1531 1575 1787 1629 nominatissimus

955 1664 1064 1730 raptor,
1081 1661 1189 1715 multas
1204 1661 1359 1732 inrogabat
1373 1661 1509 1733 injurias,
1526 1663 1651 1716 intanta
1668 1663 1787 1733 quidem

954 1751 1176 1820 presumptione
1190 1751 1336 1820 sublatus,
1350 1754 1380 1805 ut
1391 1751 1467 1804 inira
1483 1752 1644 1806 claustrum
1656 1768 1723 1806 cum
1739 1768 1787 1806 ra·

64 1838 277 1908 circumtusus
295 1840 365 1896 dum
381 1842 485 1914 lugere
500 1843 622 1912 pudoris
637 1844 764 1912 estimat,
777 1845 896 1916 fugien-
912 1835 940 1899 B
954 1840 1032 1908 pinis
1047 1842 1076 1894 et
1094 1840 1185 1893 armis
1200 1839 1357 1910 aliquando
1373 1843 1555 1895 versaretur·
1572 1841 1656 1895 Unde
1670 1841 1788 1909 episeo-

61 1928 136 1982 tibus
152 1930 250 1983 sociis
266 1931 352 1985 solue
368 1932 397 1985 in
408 1932 532 2002 prelium
549 1933 627 2002 ruit;
649 1935 798 2006 caesisque
820 1949 897 2007 quos

60 2016 221 2071 adversum
238 2019 323 2088 ierat,
340 2036 357 2073 a
372 2020 463 2076 latere
478 2021 708 2092 circumventus,
725 2026 822 2078 tamen
846 2041 897 2079 ca-

60 2103 611 2177 piturtttvutncratusuimensautem
620 2111 896 2169 Teoderieustantae

58 2195 275 2267 magnitudinis
290 2197 388 2251 virum
403 2198 433 2251 in
449 2199 583 2269 ceptione
597 2202 708 2271 tenere,
728 2217 791 2256 suae
805 2205 894 2257 teme-

57 2285 133 2339 ritati
142 2284 307 2353 consuluit,
315 2301 453 2356 eumque,
466 2291 497 2341 ut
508 2288 565 2342 sibi
575 2288 761 2358 imperatoris
770 2291 895 2361 gratiam

59 2379 238 2440 emercetur,
256 2375 338 2430 abire
354 2377 515 2432 concessit.
532 2376 601 2446 ipso
625 2393 696 2432 vero
722 2378 780 2449 die,
800 2382 838 2448 et,
864 2385 895 2437 ut

58 2460 140 2513 multi
156 2462 338 2533 conjectant,
356 2463 459 2516 eadem
481 2463 552 2517 bora
576 2479 633 2533 que
651 2463 761 2519 bellum
785 2466 895 2521 lactum

59 2549 115 2614 est,
133 2546 294 2601 Baldricus
308 2548 469 2618 episeopus
485 2549 515 2602 in
530 2550 662 2619 predicta
673 2551 742 2605 villa
757 2552 831 2624 (045)
842 2554 893 2608 ho-

59 2637 168 2691 minem
184 2636 286 2703 exivit,
304 2637 438 2708 Letgiam
454 2640 551 2691 tamen
565 2638 602 2691 ad
617 2639 820 2709 sepeliendum
841 2642 894 2696 de·

57 2728 174 2780 vectus.
192 2723 239 2778 Ad
259 2740 347 2794 quem
369 2726 569 2781 tumulandum
594 2727 722 2782 domnus
742 2728 907 2786 Gerardus'

58 2815 222 2884 episcopus
236 2829 291 2883 per
304 2814 482 2886 legationem
497 2819 632 2886 vocatuS,
643 2818 685 2871 ire
699 2833 758 2872 non
769 2818 892 2890 distulit,

57 2904 111 2959 sed
126 2902 260 2958 fraterno
276 2903 384 2958 ductus
399 2919 499 2959 amore
514 2920 566 2975 per
581 2908 669 2960 totam
685 2909 801 2961 noctem
817 2908 893 2964 cele·

57 2993 129 3046 riter
138 2991 294 3062 equitavit.
315 2991 390 3046 Cum
414 3008 485 3048 vero
510 2994 589 3049 circa
611 2995 739 3050 Mentem
764 2999 894 3051 castrum

57 3081 112 3136 iter
120 3083 271 3151 carperet,
288 3081 386 3135 adhuc
396 3083 515 3153 quidem
530 3083 616 3152 prelii
626 3084 706 3155 quod
721 3085 817 3140 fuerat
833 3087 893 3141 iae·

953 1943 1010 1997 pus
1039 1929 1174 1983 comitem
1197 1929 1357 1983 Rainerum
1384 1929 1458 1998 (348)
1480 1929 1635 2000 ,frequenti
1658 1929 1787 1984 clamore

953 2017 1092 2086 pulsavit,
1105 2031 1177 2071 sane
1193 2018 1326 2085 surdum,
1343 2019 1411 2088 quia
1427 2021 1456 2072 et
1472 2019 1536 2088 ipse
1551 2021 1660 2087 raptor,
1686 2021 1787 2088 rapto·

953 2105 1037 2160 ribus
1053 2106 1155 2160 lairere
1170 2109 1377 2162 consueverat.
1390 2105 1518 2178 Contigit
1528 2109 1636 2175 autem,
1648 2107 1787 2161 domnum

953 2195 1126 2265 episcopum
1142 2195 1199 2250 alio
1215 2196 1382 2250 tendentem
1407 2211 1459 2265 per
1481 2195 1551 2249 illud
1576 2196 1787 2250 monasterium

952 2284 1109 2338 transitum
1125 2284 1233 2340 iacere.
1252 2285 1309 2340 Ubi
1325 2301 1391 2339 cum
1408 2284 1607 2354 pervenisset,
1619 2284 1786 2353 predictum

951 2372 1095 2427 latronem
1119 2374 1240 2441 invenit,
1265 2377 1440 2444 captumque
1464 2372 1588 2428 albaldo
1613 2371 1785 2442 'trejecten—

952 2464 1030 2517 sium
1045 2462 1186 2532 episcopo
1203 2463 1428 2517 commendavit.
1447 2463 1517 2516 Post
1526 2462 1614 2516 unius
1629 2476 1701 2515 vero
1717 2461 1786 2514 anai

952 2552 1141 2620 curriculum,
1157 2551 1284 2606 domnus
1300 2553 1460 2622 opiscopus
1475 2551 1632 2605 multarum
1642 2549 1786 2620 precibus

951 2641 1091 2696 delinitus
1107 2640 1204 2695 redire
1223 2641 1365 2709 permisit,
1380 2640 1598 2709 promittentem
1608 2638 1746 2694 videlieet
1757 2640 1787 2692 et

952 2732 1054 2784 sancte
1074 2729 1257 2800 dejerantem
1284 2730 1363 2800 quod
1389 2729 1500 2798 rapinis
1524 2743 1558 2782 se
1578 2727 1785 2796 siditraberet,

951 2818 1047 2874 tidelis
1057 2818 1204 2874 acclesiae
1215 2834 1281 2873 cum
1294 2819 1373 2872 omni
1384 2816 1786 2873 devotionemansurus.tloc

950 2923 1021 2962 vero
1037 2908 1152 2962 irritum
1169 2908 1292 2977 taciens,
1307 2912 1410 2977 postea
1425 2907 1461 2961 ab
1477 2907 1633 2962 insolentis
1648 2922 1707 2960 non
1723 2921 1787 2961 cea·

951 2997 1037 3051 savit.
1054 2995 1113 3050 Sed
1127 2996 1214 3067 paulo
1229 3001 1297 3066 post
1312 3011 1365 3065 per
1375 2995 1611 3049 misericordiam
1620 2995 1673 3050 Dei
1689 2997 1784 3050 morte

951 3089 1116 3154 correptus,
1133 3085 1245 3155 inipso
1261 3089 1357 3138 tamen
1374 3084 1528 3151 cimiterio,
1547 3083 1636 3138 multo
1660 3099 1785 3138 suorum

58 3171 117 3223 tum
130 3170 345 3242 ignarus,tunc
361 3173 488 3241 primum
504 3173 539 3226 de
555 3174 648 3243 prelio
663 3178 692 3229 at
706 3173 742 3228 do
756 3176 892 3244 captione
909 3178 1081 3259 eprecatu,
1099 3175 1152 3227 sed
1167 3174 1319 3227 nesciente
1335 3173 1487 3243 episcopo,
1513 3171 1683 3226 tumulatur.
1700 3171 1784 3236 Quod

14 3254 24 3275 '
58 3257 139 3312 ducis
150 3262 320 3328 acceperat.
330 3259 523 3332 Dupliciergo
535 3277 663 3317 memore
672 3261 806 3333 affectus,
814 3265 893 3318 viam

59 3349 161 3410 metire
183 3348 316 3417 festinat,
334 3364 510 3420 semperque
535 3366 740 3422 qnoscrnnque
765 3353 893 3408 babebat

60 3437 174 3506 obrias,
192 3437 230 3491 de
247 3438 340 3508 prelio
358 3438 542 3493 consulebat.
559 3440 722 3510 Antequam
739 3457 810 3497 vero
829 3443 894 3497 Let-

61 3526 134 3594 giam
157 3527 365 3596 pervenisset,
396 3526 567 3581 adrumatur
588 3528 614 3582 ei
636 3530 741 3583 (lucem
762 3530 891 3585 redisse.

62 3612 121 3668 ltox
137 3627 214 3686 ergo
231 3615 384 3684 repentina
393 3629 492 3669 rarum
508 3617 704 3672 conversione
721 3634 778 3673 uon
796 3618 892 3673 solum

62 3707 231 3776 episeopus,
256 3703 312 3757 sed
337 3703 467 3758 etmulti
490 3705 551 3773 alii,
578 3721 725 3761 merorem
749 3723 836 3779 quem
856 3710 892 3763 de

63 3794 135 3848 obitu
151 3794 291 3863 episcopi
301 3797 508 3864 conceperant,
526 3796 634 3866 gaudio
649 3797 728 3866 quod
744 3797 893 3852 habebant

62 3882 91 3936 de
103 3882 194 3937 ducis
208 3881 422 3950 incolumitate,
433 3885 592 3938 mutarunt.
604 3884 746 3955 adquam
763 3886 891 3942 festinus

63 3973 218 4041 episcopus
239 3970 271 4024 in
295 3973 425 4025 castrum
446 3971 584 4026 videlicet
598 3973 792 4044 Argentolum
815 3973 892 4047 (346)

63 4062 219 4129 permeavit
238 4075 246 4128 ;
270 4076 287 4113 a
311 4075 369 4130 quo
383 4060 503 4130 quidem
524 4061 686 4117 honorilice
710 4067 887 4135 susceptus,

64 4164 173 4204 amnem
199 4147 335 4204 ordinem
360 4149 430 4203 belli
458 4150 579 4205 audivit.
604 4150 766 4207 Sciendum
792 4157 891 4208 tamen

62 4238 132 4307 quod
153 4242 223 4292 ante
246 4236 319 4291 illud
348 4237 473 4308 prelium
501 4237 575 4309 (341)
599 4240 661 4295 iere
684 4257 736 4311 per
765 4247 891 4313 quatuor

62 4340 179 4381 nenses
195 4331 312 4381 cometa
330 4327 395 4381 visa
409 4329 465 4396 est,
489 4327 577 4383 solito
600 4332 696 4384 tamen
716 4331 887 4399 mirabilior,

61 4414 188 4470 bmodo
199 4414 338 4470 videlicet
353 4417 579 4487 quammaximae
593 4419 699 4474 trabis.

950 3278 1037 3333 quam
1052 3261 1197 3317 nefarium
1213 3263 1300 3317 tuerit
1315 3261 1415 3316 divina
1431 3260 1586 3315 clementia
1608 3260 1782 3330 propalavit.

949 3352 1022 3406 Post
1036 3350 1188 3405 biennium
1203 3351 1293 3418 enim,
1311 3365 1378 3404 cum
1392 3349 1442 3403 alii
1457 3349 1605 3404 humando
1624 3348 1721 3418 ipsius
1736 3352 1785 3403 tu-

950 3441 1049 3494 mulus
1060 3439 1221 3508 foderetur,
1234 3439 1269 3494 de
1281 3441 1427 3495 totocerte
1437 3453 1562 3508 corpore
1571 3437 1684 3491 nullum
1693 3438 1784 3493 vesti·

950 3530 1032 3600 glum
1046 3533 1155 3598 praeter
1168 3545 1260 3584 unum
1270 3528 1467 3584 subtolarium
1477 3527 1552 3597 (049)
1563 3527 1720 3597 reperitur.
1728 3527 1786 3582 Per

951 3618 1008 3672 hoc
1024 3634 1096 3690 ergo
1111 3619 1227 3673 cunctis
1241 3618 1408 3689 intelligere
1420 3618 1505 3673 datur
1519 3619 1635 3687 quantae
1650 3616 1786 3687 dampna·

952 3707 1022 3761 tioni
1038 3708 1068 3760 in
1081 3709 1193 3762 tartaro
1207 3709 1289 3776 impii
1304 3708 1492 3777 deputantur.

985 3795 1030 3850 ut.
1054 3796 1128 3851 Post
1150 3796 1260 3850 obitum
1284 3797 1480 3851 verodomni
1505 3795 1620 3851 abbatis
1649 3793 1784 3849 Wenrici

949 3884 1024 3939 duos
1040 3886 1173 3951 abbates,
1190 3885 1314 3939 alterum
1329 3889 1398 3955 post
1413 3886 1547 3953 alterum,
1559 3898 1661 3938 comas
1677 3882 1784 3937 Raine-

949 3987 1002 4028 rus
1018 3974 1189 4043 substituit3
1207 3975 1263 4028 boc
1278 3973 1427 4045 siquidem
1442 3973 1530 4028 modo
1545 3972 1692 4028 abbatiam
1708 3988 1782 4027 ven-

948 4062 1049 4116 dicare
1064 4078 1252 4131 presumens.
1268 4063 1351 4128 Quod
1366 4064 1434 4134 quia
1450 4061 1536 4116 netas
1552 4065 1644 4129 esset,
1656 4061 1783 4115 domnus

947 4152 1108 4220 episcopus
1130 4167 1185 4205 sua
1207 4151 1379 4206 auctoritate
1396 4150 1509 4220 reiecit,
1535 4165 1612 4217 curn,
1640 4153 1671 4203 ut
1693 4165 1784 4219 snpra

931 4239 1182 4308 diximusne),
1205 4241 1352 4294 abbatiam
1375 4238 1536 4311 quamlibet
1559 4237 1659 4291 nullus
1684 4239 1784 4306 preter

946 4334 1154 4402 imperatorem
1169 4333 1220 4384 aut
1239 4329 1412 4399 episcopum
1435 4328 1542 4382 debeat
1563 4324 1783 4381 commendare·

946 4423 1054 4477 Postea
1069 4435 1141 4475 vero
1157 4419 1316 4488 imperator
1331 4432 1419 4488 quem
1441 4416 1543 4485 voluit,
1569 4413 1780 4469 Herbrandum

87 4502 132 4559 10.
151 4505 184 4558 tn
200 4505 261 4559 illis
282 4505 398 4574 diebus,
415 4507 598 4562 monasterio
620 4509 715 4563 sancti
731 4509 843 4565 Gisleni
860 4511 889 4565 in
904 4547 932 4608 D
946 4510 1086 4565 videlicet
1098 4509 1148 4580 qui
1165 4524 1242 4563 nunc
1259 4510 1306 4562 est
1320 4505 1406 4577 (050),
1423 4508 1560 4572 monente
1574 4505 1681 4559 domno
1697 4502 1783 4572 epis·
1839 4547 1842 4551 .

57 4592 122 4647 villa
136 4593 230 4661 Cella,
242 4593 320 4648 unde
336 4609 427 4664 supra
441 4595 622 4651 mentionem
637 4596 762 4653 fecimus
777 4599 820 4669 (ιι,
832 4598 888 4668 40),
947 4615 1031 4669 copo,
1049 4602 1081 4653 ut
1096 4598 1217 4670 dignum
1232 4601 1288 4667 est,
1305 4596 1484 4652 sublimavit.
1502 4594 1558 4649 Hic
1582 4593 1668 4649 etiam
1691 4591 1781 4646 multa

54 4684 175 4751 preerat
187 4682 308 4753 quidam
324 4682 417 4738 abbas
439 4684 557 4740 nomine
583 4685 693 4757 Simon,
710 4688 761 4758 qui
775 4688 891 4743 secula-

947 4689 1022 4743 mala
1037 4702 1203 4758 perpessus
1221 4689 1267 4742 est
1282 4686 1420 4741 acomite
1436 4684 1574 4742 Reicere.

715 4846 865 4910 VARIAE
888 4847 1122 4909 LECTIONES

86 5022 128 5068 ’θ
142 5025 310 5099 ambigeret
346 5026 385 5081 2⁸.
402 5031 432 5082 et
446 5042 485 5082 en
500 5043 580 5082 corr.
595 5027 623 5082 4.
660 5025 703 5070 ²⁴³
717 5029 759 5085 ita
774 5030 920 5084 correxit.
939 5028 1021 5084 Colr.
1039 5043 1146 5099 capere
1162 5028 1279 5097 aaa:
1295 5028 1454 5094 dolandam
1470 5028 1564 5100 eapite
1576 5028 1605 5084 4.

855 5198 984 5262 NOTAE

85 5378 163 5447 (844)
177 5377 228 5434 Se.
244 5393 365 5451 magno.
466 5395 469 5398 ⁴

85 5448 164 5517 (345)
180 5451 218 5504 et
232 5448 379 5514 Thiatem‚
394 5467 455 5520 vin,
472 5450 547 5508 obiit
562 5453 593 5507 in
613 5452 703 5521 Tiele,
715 5454 816 5510 eodem
827 5454 887 5510 die.

85 5520 163 5591 (346)
175 5521 343 5594 Argentea,
358 5522 437 5585 inter
447 5521 627 5580 Gemblours
638 5528 666 5579 et
680 5524 803 5581 Namur.

83 5589 161 5663 (047)
175 5589 359 5647 Contradicit
373 5592 513 5662 Alpertus
535 5594 576 5651 De
599 5595 659 5650 div.
676 5598 765 5668 temp,
781 5613 812 5678 u,
828 5595 863 5652 10
879 5612 886 5652 t

49 5664 219 5736 Antequam
224 5663 281 5722 noc
292 5664 497 5739 prodigiumin
506 5667 753 5742 celoappareret,
765 5683 846 5725 circa
858 5667 891 5723 li-

945 5389 994 5438 tns
1007 5384 1111 5439 oceani
1125 5381 1233 5438 bellum
1248 5386 1378 5439 coortum
1394 5387 1450 5439 est.

979 5455 1054 5523 (348)
1070 5456 1264 5510 Montensem.

980 5523 1043 5592 (340
1058 5525 1213 5596 Calceum)
1227 5526 1295 5580 inde
1310 5525 1421 5582 Gallica
1437 5543 1496 5584 vox
1510 5527 1632 5585 soulier.
1665 5543 1666 5546 ¹

979 5595 1052 5668 (350)
1069 5596 1148 5652 Obiit
1161 5612 1187 5651 c.
1204 5596 1284 5652 1045.
