3900 6112
130 272 174 340 as
843 267 1155 337 necaremus
1821 282 1866 350 ω

132 478 352 530 tamenncmea
363 475 392 526 et
404 472 512 528 famam
527 469 660 526 obtinere
669 484 744 541 eam,
756 484 806 525 res
814 470 881 540 ipsa
894 469 972 525 iudi·
987 452 1016 514 Α
1032 473 1068 528 ab
1088 473 1208 542 eisdem
1218 475 1368 531 exercitus
1384 475 1488 534 tortior
1502 480 1706 538 comitabatur.
1727 482 1795 540 Tibi
1814 485 1863 542 iu·

134 568 194 632 cat,
210 564 327 635 quotliu
337 564 432 635 gestis
444 562 632 632 antiquorum
647 561 759 629 scripta
772 576 854 631 saepe
866 574 973 615 memo·
1031 562 1144 633 quiunt,
1162 569 1267 635 tuoque
1282 563 1405 620 Feroci.
1417 567 1546 624 Nescius
1561 570 1738 640 ipsedolose
1749 573 1860 647 lictum,

134 648 241 708 ratuni
258 653 365 707 Narrat
375 653 443 706 item
455 651 635 706 Francorum
651 649 785 718 historia,
802 650 971 721 quodpost·
1029 652 1696 731 propterFerocemconsiliariumsuumquem
1707 662 1861 720 illesolum

134 757 224 814 quam
239 742 396 797 domiaicae
411 740 575 796 sanationis
587 739 733 794 sententia
748 739 851 811 gentili
871 739 971 811 gladio
1028 740 1207 810 posthabitis
1222 742 1417 810 palatinorum
1432 746 1612 814 primoribus
1629 764 1719 820 super
1742 752 1861 825 negotia

131 826 971 900 feriendacalliatraderetur.lustinoimperatoretffieste
1029 830 1116 901 regui
1130 831 1417 901 constituerat—de
1431 850 1499 905 quo,
1516 851 1582 890 cum
1599 838 1732 894 muneris
1742 843 1791 894 aut
1802 840 1861 900 cibi

131 937 160 974 r.
174 919 241 988 Fa)
254 918 356 975 clodio
371 934 425 974 rex
439 918 588 973 habitabat
603 919 633 973 in
658 917 806 988 Dlsbargo
835 917 968 988 castello,
1028 916 1139 988 aliquid
1153 918 1271 977 allatum
1287 922 1372 990 soret,
1390 923 1488 978 dicere
1495 928 1689 981 consueverat
1704 943 1710 981 :
1723 926 1792 982 Sint
1802 928 1861 983 ista

128 1008 161 1062 in
184 1008 296 1064 fluibus
307 1008 514 1081 Toringornm,
535 1008 658 1080 regione
676 1006 852 1062 Germaniae.
869 1007 902 1062 ln
921 1006 969 1062 hie

130 1101 231 1152 autem
245 1098 390 1168 partibus,
405 1098 435 1153 id
450 1101 496 1153 est
511 1096 547 1151 ad
564 1096 754 1151 meridianam
764 1095 882 1168 plagam
896 1097 969 1153 citra

132 1187 289 1253 Rhenum,
313 1187 484 1243 habitabant
509 1187 633 1242 Romani
653 1201 749 1257 usque
765 1185 969 1257 Ligeremssu·

129 1276 225 1330 vium.
242 1275 327 1331 Ultra
349 1276 490 1348 Ingeram
499 1276 620 1332 fluvium
636 1273 724 1330 Gothi
732 1275 967 1330 dominabantur.

131 1365 968 1438 Burgundionesquoquearrianorumsectamsequeutes

1027 1007 1806 1088 mihimeoqneFeroci—regibusigituroongressis,
1819 1014 1862 1072 hii

1027 1096 1176 1152 domiuum
1193 1113 1280 1153 snum
1296 1099 1327 1155 iu
1345 1101 1411 1170 ipso
1427 1102 1565 1157 conflictu
1575 1104 1671 1174 proelii
1683 1103 1771 1175 juxta
1787 1120 1861 1161 con·

1027 1192 1147 1241 ventum
1161 1186 1313 1258 deserunt,
1325 1189 1442 1259 ipsiper
1450 1207 1541 1261 prona
1553 1190 1713 1263 saginatae,
1723 1193 1860 1251 simulato

1027 1277 1149 1343 temore,
1181 1276 1318 1332 hostibus
1348 1283 1432 1351 terga
1464 1283 1590 1336 vertunt.
1617 1281 1860 1352 comprehensus

1028 1364 1256 1435 Ragnacharius
1271 1367 1425 1422 occiditur.
1442 1369 1762 1439 Proditoribusautem,
1771 1385 1860 1442 prop·

131 1454 404 1510 habitabanttraas
420 1454 585 1525 Rodanum,
606 1454 686 1525 quod
714 1454 830 1526 adjacet
858 1455 967 1510 civitati
1026 1455 1857 1530 terviliatumanrnm,adversumregemsusurraatibus,

131 1543 339 1616 lugdunensi.
351 1543 678 1613 clodioautem,missis
688 1543 968 1614 exploratoribusad
1025 1543 1075 1597 ille
1086 1544 1280 1614 respondisse
1296 1545 1398 1615 fertur,
1411 1546 1460 1600 tali
1474 1561 1526 1602 eos
1542 1549 1653 1618 praecio
1666 1547 1799 1618 meritos,
1808 1549 1860 1621 qui

128 1633 238 1688 urbem
248 1633 450 1704 Camaracum,
467 1634 497 1688 in
512 1650 570 1705 qua
586 1633 711 1689 Romani
720 1633 887 1689 habitantes
895 1633 968 1706 jam·
1026 1632 1175 1688 dominum
1192 1648 1279 1688 suum
1299 1638 1403 1704 sponte
1414 1635 1702 1691 admortemdncuat
1711 1654 1718 1701 ;
1731 1636 1788 1691 hoc
1798 1635 1858 1692 illis

129 1722 308 1778 christiane
327 1723 483 1794 religionis
511 1722 655 1779 culturam
684 1723 872 1793 exhibebant,
901 1725 967 1796 ipse
984 1695 1010 1758 Β
1025 1721 1104 1792 quod
1119 1722 1254 1796 viverent
1265 1723 1374 1779 debere
1389 1723 1540 1794 sufficere,
1556 1740 1593 1780 ae
1605 1725 1860 1796 detestaadoepro·

127 1815 236 1882 postea
255 1827 323 1866 cum
342 1812 447 1885 grandi
471 1813 603 1867 exercitu
628 1812 764 1868 Rhenum
794 1813 921 1882 transiit,
939 1816 967 1869 et
1025 1811 1144 1865 ditionis
1173 1827 1277 1881 poeaas
1306 1812 1422 1868 luerent
1449 1814 1479 1867 in
1512 1809 1689 1869 tormentis7,
1715 1813 1860 1886 Legimus

127 1899 330 1956 Carbonarias
344 1901 514 1973 ingressus,
532 1900 754 1957 Toruaoensem
768 1902 873 1958 urbem
892 1903 966 1959 obti·
1024 1901 1121 1954 autem
1135 1899 1166 1954 ia
1180 1902 1275 1973 gestis
1288 1903 1448 1958 Remorum
1462 1903 1633 1975 pontificum
1647 1902 1748 1973 (unos,
1760 1901 1788 1974 t,
1802 1901 1858 1973 le),

127 1989 205 2044 nuit.
227 1989 339 2046 Exinde
353 2004 449 2061 usque
463 1990 500 2044 ad
515 1989 759 2046 Cameraseusem
784 1991 888 2047 urbem
912 2007 965 2047 ve·

127 2079 219 2133 niens
246 2094 342 2149 pauco
356 2079 498 2150 temporis
513 2080 608 2149 spatio
623 2079 744 2148 resedit,
756 2079 966 2153 Romanosque

127 2183 209 2238 quos
224 2167 266 2222 ibi
280 2168 401 2237 invenit,
419 2167 576 2237 interfecit,
589 2167 703 2224 Exinde
719 2183 814 2240 nsque
828 2168 966 2225 &mnam

126 2257 256 2312 lluvium
269 2255 446 2329 occupavit]

163 2344 193 2401 d.
213 2345 295 2412 Quod
323 2345 496 2416 canorem,
508 2363 567 2403 rer
581 2353 733 2420 quertnsa
753 2347 903 2419 clodione,
913 2349 967 2405 Ra-

126 2436 329 2509 qnacbarium
339 2436 548 2492 consobrinum
559 2453 652 2502 snam,
660 2454 717 2510 pro
731 2452 766 2493 eo
776 2438 851 2511 quod
861 2454 926 2494 eum
935 2439 966 2494 in

128 2526 209 2581 urbe
223 2541 280 2581 non
298 2527 438 2597 suscepit,
450 2527 662 2599 congressione
676 2527 779 2583 habita
799 2528 965 2584 interfecit.

127 2615 192 2670 Sed
206 2618 233 2669 et
242 2614 378 2687 ejusdem
387 2615 520 2671 historiae
531 2619 630 2672 textus
640 2617 759 2687 indicat,
771 2619 851 2688 qnod
862 2616 966 2674 clodo·

1025 1989 1104 2060 quod
1117 2004 1190 2061 rege
1205 1989 1330 2060 praelato
1345 1991 1503 2061 clodoveo,
1521 1998 1552 2049 ut
1561 1992 1712 2063 posterius
1727 1992 1858 2064 liquet,a

1025 2083 1128 2134 sancto
1144 2080 1279 2152 Remigio
1295 2097 1329 2136 ac
1345 2085 1449 2137 sancto
1465 2082 1595 2138 vedasto
1621 2081 1766 2152 baptizato
1790 2095 1857 2135 cum

1025 2170 1181 2225 sororibus
1197 2169 1324 2224 simulet
1339 2185 1522 2244 cummagno
1533 2170 1715 2226 Francorum
1726 2168 1858 2225 exercita

1024 2273 1094 2328 pars
1113 2259 1232 2330 quidem
1253 2274 1360 2332 magua
1379 2260 1571 2328 Francorum,
1592 2259 1688 2314 adhuc
1703 2257 1858 2314 incredula

1025 2348 1151 2402 necdum
1159 2363 1314 2418 conversa,
1325 2364 1392 2403 cum
1403 2350 1461 2404 isto
1471 2349 1668 2421 Ragnacharo
1682 2347 1816 2418 principe
1825 2346 1858 2401 in

1025 2436 1100 2493 locis
1128 2441 1212 2492 trans
1227 2437 1365 2492 Somnum
1382 2438 1513 2506 ssaviam,
1531 2437 1608 2492 idest
1621 2437 1652 2491 in
1666 2435 1740 2491 urbe
1755 2435 1857 2491 cama·

1024 2541 1104 2595 racc,
1121 2526 1152 2581 ia
1166 2527 1335 2582 infidelitate
1358 2526 1528 2599 aliquandiu
1552 2526 1731 2595 morabatur,
1762 2525 1856 2581 donec

1025 2628 1154 2686 superna
1168 2617 1264 2689 gratia
1284 2616 1468 2686 disponente,
1494 2616 1548 2671 sed
1571 2615 1720 2671 clodoveo
1753 2613 1858 2669 trium·

1024 2704 1142 2774 phante,
1157 2704 1235 2760 idem
1244 2704 1479 2777 Reguacharius,
1492 2704 1857 2776 flagitiorumsectatorac

1024 2794 1249 2865 turpitudinum,
1265 2795 1383 2849 vinetus
1399 2793 1550 2849 aFraucis
1562 2796 1617 2848 eta
1631 2793 1707 2863 suis,
1723 2795 1754 2847 ut
1770 2789 1858 2846 modo

128 2720 211 2758 vens
219 2709 399 2775 rexquartus
409 2707 477 2776 post
486 2704 668 2776 clodionem,
676 2707 707 2762 in
720 2707 795 2763 urbe
805 2706 965 2764 cnmereco

127 2793 339 2864 Ragnacharic
368 2794 546 2850 consobrino
574 2800 624 2852 ant
649 2802 756 2868 nepote
771 2813 826 2853 suo
842 2797 966 2853 custode

126 2882 242 2952 relicto,
259 2882 396 2938 interris
411 2883 711 2957 etcivitatibus,quas
727 2885 967 2958 usquehurelia·
1025 2883 1165 2952 diximus,
1194 2883 1320 2939 traditus
1348 2886 1395 2938 est
1424 2887 1453 2939 et
1480 2883 1685 2954 interemptus,
1702 2880 1858 2953 omnisque

129 2973 560 3041 uumoconpavit,merabatur.
578 2973 663 3029 Unde
678 2991 746 3031 cum
759 2976 967 3047 quodamtem·
985 2948 1010 3010 c
1025 2971 1206 3027 Francorum
1214 2972 1344 3043 populus
1354 2972 1391 3027 ad
1398 2971 1509 3027 christi
1517 2972 1605 3026 fldem
1615 2970 1793 3042 perbeatum
1802 2969 1858 3024 Rc-

127 3061 966 3134 porereverteretnr,ipseRagnachariusmundauofastu
1023 3062 1147 3133 migium
1158 3061 1339 3116 convertitur
1354 3064 1382 3116 et
1397 3059 1581 3132 baptizatum]
1597 3060 1675 3115 sicut
1685 3058 1756 3113 inibi
1779 3056 1857 3131 legi-

130 3148 293 3220 snperbns,
310 3153 419 3205 mutata
430 3151 524 3206 ildeei
544 3152 630 3207 urbis
650 3152 823 3223 ingressum
834 3152 964 3224 negavit.
1023 3165 1100 3206 mus.
1113 3150 1170 3206 Sed
1186 3151 1285 3221 potius
1299 3164 1354 3221 per
1376 3149 1495 3206 beatum
1511 3148 1673 3204 vedastum
1696 3146 1856 3213 credimus;

129 3237 187 3292 llic
202 3242 323 3308 propter
349 3238 562 3295 obscenitatem
587 3256 702 3295 morum
727 3244 756 3295 et
778 3241 966 3296 insolentiam
1024 3256 1174 3312 nunquam
1187 3240 1266 3294 enim
1277 3243 1413 3295 sanctum
1430 3239 1596 3310 Remigium
1608 3238 1639 3291 ia
1648 3235 1762 3292 nostris
1773 3233 1859 3305 parti·

128 3326 262 3382 Francos
274 3327 332 3382 sibi
343 3327 487 3384 adversos
503 3329 624 3398 lecerat,
640 3330 768 3387 maxime
777 3346 830 3402 pro
841 3346 875 3386 eo
887 3330 966 3402 quod
1023 3330 1081 3386 bns
1097 3330 1221 3385 verbum
1235 3329 1288 3384 Dei
1304 3328 1412 3400 populo
1428 3327 1602 3399 predicasse
1612 3324 1792 3394 audivimus,
1803 3320 1858 3378 eed

126 3414 248 3490 [thae.
277 3417 352 3471 Tua.
382 3434 413 3487 n,
442 3416 488 3488 n)
510 3417 631 3475 effrenis
647 3421 677 3474 ia
692 3420 819 3491 luxuria,
837 3419 965 3475 Venerio
1024 3420 1060 3474 ab
1075 3419 1125 3474 illo
1141 3422 1169 3474 et
1188 3435 1204 3474 a
1220 3434 1291 3491 rege
1306 3418 1422 3473 noviter
1432 3417 1578 3487 baptizato
1589 3415 1780 3470 huicnostrae
1790 3410 1858 3467 urbi

127 3506 203 3561 adeo
215 3505 505 3577 fervebatiacendio,
517 3509 756 3564 utnecacivium
775 3524 829 3564 nec
848 3509 966 3581 propin·
1024 3509 1060 3563 ad
1075 3508 1304 3564 convertendam
1325 3510 1442 3579 gentem
1462 3506 1608 3561 directum
1622 3503 1741 3559 beatum
1763 3499 1858 3557 Veda·

127 3610 257 3666 quorum
272 3595 454 3668 conjugibus
469 3611 542 3651 suas
556 3597 765 3669 comprimeret
778 3598 964 3669 cupiditates.
1024 3601 1103 3653 stum
1117 3598 1330 3669 cognovimus;
1348 3610 1439 3668 qnare
1453 3594 1536 3650 illum
1551 3594 1643 3667 hujus
1657 3593 1769 3666 negotii
1782 3609 1859 3650 auc·

125 3683 200 3749 Qua
214 3684 335 3755 quidem
350 3685 377 3739 ei
398 3685 505 3741 laetalis
533 3685 615 3741 exitii
640 3703 731 3743 causa
755 3688 859 3743 extitit.
890 3686 965 3742 Nem
1022 3688 1117 3742 torem
1136 3686 1296 3741 credimus.

128 3772 305 3844 hujusmodi
320 3774 435 3830 famoso
450 3775 578 3831 ludibrio
593 3776 699 3831 Franci
717 3774 840 3847 efferati,
857 3790 965 3831 causas
1058 3777 1085 3831 5.
1103 3775 1220 3830 Sevitia
1233 3789 1414 3847 paganorum
1429 3772 1569 3829 etclades
1579 3774 1790 3829 cristianorum
1805 3789 1856 3831 ex·

126 3861 965 3935 quibusregiexitiummatareturnectunt,ccmmeatum·
1019 3866 1173 3937 primitur.
1191 3864 1284 3937 lgitur
1292 3862 1439 3934 propositi
1449 3862 1548 3933 operis
1558 3863 1634 3918 ratio
1644 3862 1746 3935 exigit,
1757 3864 1858 3934 patres

125 3966 187 4023 que
200 3952 378 4022 proditionis
391 3950 542 4009 clodoveo
557 3955 621 4027 regi
633 3954 813 4028 significant.
828 3954 964 4026 Quipro·
1022 3956 1179 4027 utriusque
1203 3953 1286 4027 sedis
1308 3953 1376 4008 stilo
1397 3951 1549 4023 prosequi,
1564 3952 1612 4006 vel
1627 3952 1736 4024 quibus
1751 3952 1802 4024 qui
1820 3953 1857 4009 ad

126 4040 235 4095 missis
249 4040 419 4110 proditores
429 4043 963 4113 corrumpens,subaratofefellitau·
1022 4044 1189 4115 pontificale
1199 4041 1750 4098 soliumsuccessere.Porrohnsduas
1761 4041 1857 4098 fuisse

126 4144 174 4183 ro.
190 4129 294 4184 Pactio
308 4129 373 4185 htec
387 4130 452 4199 init,
467 4135 498 4186 ut
510 4147 612 4205 regem
620 4132 758 4189 hostibus
769 4134 963 4205 congressuri
981 4168 984 4173 ,
1022 4137 1131 4189 matres
1157 4132 1303 4188 aecclesia
1319 4130 1419 4199 sedes,
1444 4132 1525 4184 certa
1552 4145 1602 4185 res
1622 4134 1679 4199 est,
1696 4146 1763 4202 quae
1779 4145 1858 4186 nuuc

126 4218 313 4272 desererent.
323 4217 443 4290 Sumpta
451 4221 547 4292 itaque
558 4222 666 4277 desuis
674 4238 763 4277 maun
772 4222 879 4292 valida,
895 4220 963 4278 clo·
979 4199 1005 4260 D
1021 4226 1109 4279 unius
1121 4223 1251 4294 pastoris
1263 4220 1463 4275 moderamine
1474 4222 1628 4289 regnatum
1640 4221 1719 4290 quod
1728 4220 1857 4275 lacileex

126 4308 246 4362 doveus
265 4306 425 4363 adversum
437 4310 675 4382 Ragnacharium
689 4312 963 4382 movitexeroitum3
1021 4310 1272 4382 descriptionibus
1280 4308 1415 4380 Dyonisii
1430 4322 1514 4377 papae
1524 4307 1725 4378 perpenditur,
1738 4307 1858 4378 quinni-

125 4395 181 4467 qui
195 4397 300 4466 etipse
314 4397 498 4453 directeacie
509 4400 575 4471 regi
586 4414 744 4456 occurrere
761 4406 852 4472 parat.
861 4401 964 4457 Missis
1020 4401 1119 4457 versis
1138 4397 1301 4471 provinciis
1317 4397 1455 4469 singulae
1474 4396 1563 4451 sedes
1579 4396 1709 4467 propriis
1719 4396 1855 4452 terminis

125 4485 515 4556 itaqueexploratoribnsad
528 4490 785 4561 contemplandum
802 4491 965 4546 exercitum
1019 4490 1178 4554 discrevit;
1196 4488 1371 4542 sicutetiam
1386 4485 1566 4541 lliucmarus
1576 4485 1736 4556 episcopus
1750 4484 1855 4540 insuia

124 4573 350 4644 clodovei,uon
356 4576 482 4632 advertit
496 4577 595 4634 dolum
610 4579 789 4649 nuntiorum,
805 4579 855 4651 qui
866 4578 966 4634 faotio-
1020 4579 1105 4635 libris
1119 4578 1226 4634 diffinit
1240 4575 1307 4647 (59).
1319 4574 1407 4650 [Nota
1416 4576 1496 4647 quod
1506 4575 1577 4631 olim
1587 4572 1856 4630 cameracensiset

125 4678 164 4717 se
185 4663 252 4734 regi
266 4664 418 4720 andaciam
433 4682 469 4721 ex
483 4667 648 4738 majoribus
663 4669 759 4740 copiis
782 4668 966 4724 suscitabant
1019 4668 1224 4723 htrebalensis
1235 4667 1301 4721 dnae
1316 4666 1433 4721 inerant
1443 4681 1510 4736 quae
1521 4664 1607 4719 modo
1623 4663 1774 4718 uniuntur.
1784 4660 1856 4718 Haec

125 4751 312 4823 liujusmodi
326 4757 409 4808 erant
424 4757 514 4810 verba
527 4758 706 4826 nuntiorum,
728 4772 795 4813 cnm
818 4762 966 4829 quaereret
1022 4763 1124 4813 auctor
1136 4758 1202 4828 ipse
1212 4756 1294 4811 itein
1304 4755 1441 4827 margine
1453 4754 1579 4810 addidit.
1597 4752 1660 4807 Has
1674 4751 1749 4808 duas
1765 4750 1855 4808 sodes

803 4947 935 5010 VARAE
956 4947 1188 5010 LEGTlONES

149 5127 183 5205 ¹⁵·
194 5122 335 5179 Posthac
349 5124 366 5178 1
379 5125 418 5180 2².
433 5125 547 5182 addunt
559 5129 664 5184 :Liber
679 5145 814 5213 namque,
828 5129 879 5256 qui
889 5130 1013 5202 jubente
1029 5129 1107 5186 lulio
1118 5129 1227 5186 cesare
1243 5145 1280 5186 cx
1296 5130 1418 5184 senatus
1427 5128 1564 5185 consulto
1579 5142 1596 5183 a
1609 5126 1854 5200 prudentissimis

125 5210 205 5248 vnis
221 5194 258 5249 de
272 5194 505 5268 cosmographia
521 5200 704 5272 inscribitur,
716 5202 824 5273 ubiqui
848 5218 894 5256 em
902 5203 992 5257 totius
1004 5202 1087 5257 orbis
1103 5202 1227 5258 Romani
1238 5201 1366 5256 nominis
1379 5201 1518 5256 universa
1536 5200 1602 5255 loca
1616 5200 1731 5256 famosa
1746 5199 1853 5255 distin-

122 5268 205 5392 guit,
222 5266 413 5322 Cameracnm
428 5269 514 5324 etiam
530 5270 705 5342 intromittit,
723 5275 751 5328 et
764 5277 873 5344 quanto
886 5288 903 5327 a
918 5273 1029 5346 Bagato
1046 5277 1144 5330 castro
1159 5275 1257 5341 distet,
1270 5272 1298 5326 id
1315 5275 1361 5327 est
1376 5273 1409 5327 18
1425 5271 1561 5341 milibus,
1578 5272 1732 5327 evidenter
1752 5273 1853 5327 ostea-

146 5335 191 5390 it6
209 5337 416 5395 factiose—eis
430 5342 530 5396 omisit
554 5343 581 5398 3.
594 5343 690 5415 spatio
700 5343 821 5410 relicto;
834 5343 958 5400 nectes
969 5343 1074 5417 legere
1090 5346 1171 5402 novit
1183 5343 1318 5414 exceptis
1332 5344 1425 5400 iac...
1442 5344 1537 5416 copiis
1557 5343 1760 5398 suscitabatur
1769 5341 1853 5414 ejus·

123 5406 333 5465 medicant...
351 5411 427 5468 unde
440 5419 572 5486 apparet,
589 5419 619 5469 et
634 5415 665 5470 8.
675 5421 705 5469 et
716 5413 746 5469 4.
759 5431 797 5471 cr
815 5417 880 5489 ipso
896 5416 924 5488 1,
942 5415 1141 5488 descriptos.l
1156 5414 1319 5489 Sequentia
1334 5415 1422 5487 hujus
1445 5416 1552 5489 cepitis
1563 5415 1658 5469 omnia
1679 5415 1711 5469 in
1728 5412 1850 5470 scedula

123 5484 232 5535 neate
241 5479 401 5555 supplerit,
415 5487 445 5537 ut
462 5482 592 5554 ridetur,
602 5485 705 5541 scriba
720 5486 793 5558 ipsc.

723 5647 726 5651 .
930 5584 1060 5648 NOTAE

162 5680 224 5756 (59)
239 5682 295 5742 Ea.
308 5684 356 5758 lt,
370 5684 416 5743 ed.
433 5685 581 5746 Sirmondi
591 5687 629 5759 11,
644 5685 707 5746 ne.
