3908 6112
538 208 601 319 'ao
618 255 853 321 msromnn
875 256 1063 320 sicunnn
1085 214 1305 323 arranem

67 256 146 323 1209
1707 261 1787 326 1210

62 457 241 530 legationem
265 456 343 512 beati
358 457 437 512 Petri
461 474 553 529 super
567 459 703 513 comitem
724 474 778 529 per
806 460 896 512 totam
912 442 937 495 Α
953 473 1074 528 semper
1084 456 1227 528 exhibuit,
1242 474 1297 513 nos
1307 457 1356 531 lle]
1367 458 1396 513 in
1408 461 1566 529 specialem
1577 464 1663 532 alque
1674 463 1786 521 cliaris·

59 546 207 615 Siciliam,
231 545 279 600 vel
301 547 465 601 babendum
480 545 554 617 (391)
570 547 779 602 haereditaliter
806 547 896 616 ponil,
952 546 1160 601 simumlllium
1172 546 1657 616 eJasdemunii-ersalis.Ecclesiae
1669 567 1784 607 assum·

63 650 98 689 ea
126 634 306 689 discretione
322 640 363 703 ut,
385 635 454 689 dum
468 637 533 705 ipse
549 652 649 690 cannes
665 636 819 704 advixerit,
851 636 897 690 rel
951 636 1077 705 psimus.
1095 634 1257 689 ldcireode
1274 635 1493 705 tuaeprobitatis
1509 636 1677 693 sinceritate
1691 640 1786 709 pluri-

65 722 176 792 aliquis
192 721 343 776 haeredum
357 737 492 790 suorum,
504 723 561 778 zeli
576 725 689 794 paterni
702 725 898 780 ecclesiastici
952 724 1317 791 mnmronlldentes,sieul
1327 724 1683 795 verbispromisimus,ita
1696 729 1781 783 oliam

64 814 226 867 exsecutor
241 815 397 880 superstes
408 812 504 880 luerit,
516 811 634 884 legatus
650 813 726 867 alius
739 828 755 866 a
767 813 897 867 [lemano
952 812 1114 866 litterarum
1125 813 1297 866 auctoritate
1309 812 1461 866 firmamus
1471 813 1549 883 quod
1564 814 1781 872 omnivitaetuae

64 899 235 969 sede,ipsis
250 899 351 953 invitis
366 899 467 955 nullus
483 905 716 972 superponatur;
736 901 824 956 sedsi
840 918 897 973 qua
952 905 1093 969 tempore,
1123 900 1170 953 vel
1196 900 1247 953 tllii
1269 900 1311 953 tni
1333 900 1471 969 Simonis,
1498 903 1547 955 aul
1575 901 1696 957 ulterius
1730 905 1780 975 qul

61 989 205 1042 Romanae
221 987 365 1043 Ecclesiae
377 988 457 1060 juris
472 990 663 1061 exsequenda
680 989 799 1058 luerint,
812 991 896 1044 eliar-

59 1075 131 1131 tulis
146 1092 163 1129 a
180 1077 311 1131 llomana
326 1078 398 1132 sede
413 1078 444 1132 in
457 1078 586 1133 Siciliam
603 1078 651 1132 rel
667 1078 833 1133 Calabriam
849 1079 896 1132 di-

55 1166 160 1231 rectiS,
179 1181 232 1236 per
253 1166 336 1235 ipsos
352 1166 477 1221 oonsilio
498 1166 706 1236 opiscoporum
722 1166 893 1221 carumdem

56 1252 279 1323 provinciarum
295 1252 462 1306 authentice
475 1252 665 1306 deliniantur.
681 1253 766 1316 Quod
790 1254 816 1306 si
831 1253 895 1323 epi-

55 1339 597 1410 scopiadconciliuminvitatilueriut,
614 1343 687 1410 quot
702 1343 730 1394 et
742 1356 818 1411 quos
834 1342 891 1411 ipsi

951 989 1101 1060 legitimus
1117 989 1157 1042 tui
1173 989 1270 1042 hares
1287 989 1442 1057 exstiterit,
1460 989 1571 1042 nullum
1582 989 1785 1061 interrapole·

951 1078 1037 1131 statis
1065 1080 1185 1145 vostrae,
1216 1082 1324 1147 praeter
1348 1076 1525 1130 volunlatem
1552 1082 1601 1131 aut
1626 1079 1782 1134 consilium

950 1169 1083 1220 vestrum
1103 1166 1232 1239 legatum
1261 1167 1401 1221 Romanae
1430 1165 1572 1220 Ecclesiae
1597 1170 1784 1238 statuemus,

949 1254 1783 1325 quinimo,quaeperlegutumaclurisumus,pervestram

949 1342 1295 1413 industriamlegativice
1306 1342 1439 1396 exbiberi
1451 1343 1597 1410 volumus,
1612 1343 1729 1412 quando
1744 1344 1782 1398 ad

56 1429 167 1496 comiti,
175 1428 221 1483 vel
233 1429 299 1483 suis
310 1428 419 1483 tuturis
428 1429 600 1483 haeredibus
612 1428 817 1500 visumlucril,
825 1431 894 1485 illuc
948 1447 1004 1486 vos
1015 1448 1052 1486 ex
1061 1433 1152 1486 latere
1160 1434 1262 1486 nostro
1272 1431 1452 1498 miserimus
1461 1431 1498 1484 ad
1507 1431 1632 1484 salutem
1644 1431 1781 1486 videlicet

54 1516 196 1589 dirigunt,
218 1518 277 1572 nisi
300 1518 374 1571 forte
389 1517 427 1571 de
445 1517 543 1588 aliquo
572 1517 705 1587 ipsorum
721 1519 751 1571 in
767 1519 893 1573 concilio
948 1521 1150 1575 Ecclesiarum
1165 1537 1231 1592 qum
1247 1520 1303 1574 sub
1321 1522 1419 1574 vestra
1431 1521 1574 1590 potestate
1589 1522 1726 1591 existant,
1743 1522 1779 1576 ad

55 1605 206 1678 agendum
226 1606 274 1675 sit,
292 1606 321 1660 in
336 1604 437 1660 Sicilia
453 1605 500 1660 vel
524 1605 660 1660 Calabria
683 1607 713 1660 in
735 1608 892 1677 praesentin
947 1610 1091 1664 honorem
1105 1610 1182 1664 beati
1200 1609 1291 1678 Petri,
1309 1608 1554 1679 sanctoequcejns
1565 1609 1648 1663 sedis
1659 1612 1780 1677 aposto-

56 1708 113 1748 sua
128 1693 296 1749 authentice
314 1694 429 1749 deliniri
444 1695 622 1765 nequiverit,
644 1697 673 1748 et
688 1696 723 1749 ad
739 1696 795 1750 boc
809 1711 892 1750 eom·
946 1699 1023 1766 lices,
1037 1699 1083 1752 eui
1093 1699 1197 1752 devote
1209 1698 1352 1751 haetenus
1361 1697 1499 1765 obedisti,
1516 1712 1662 1767 quamque
1678 1698 1707 1751 in
1723 1712 1778 1767 cp-

55 1782 184 1838 missum
192 1782 399 1853 perpetualiter
407 1783 649 1853 permanendum,
659 1784 816 1855 privilegio
828 1800 891 1840 suae
946 1787 1176 1858 portunitatibus
1185 1787 1250 1840 suis
1262 1789 1382 1840 strenue
1392 1802 1427 1839 ac
1439 1784 1563 1840 lideliier
1577 1785 1728 1856 adjuvisti.
1745 1787 1777 1840 Si

54 1871 240 1926 auctoritatis
263 1872 400 1940 firmavit,
428 1870 516 1942 cujus
533 1873 708 1928 sententiam
732 1873 891 1927 subtitula·
945 1892 1017 1930 vora
1029 1874 1227 1930 celebrabitur
1238 1874 1405 1942 concilium,
1416 1875 1467 1927 tilii
1483 1873 1659 1928 mandavero
1675 1876 1779 1944 quate·

56 1976 125 2015 mus
143 1976 150 2015 ε
945 1979 1002 2018 nus
1018 1964 1176 2033 episcopos
1191 1965 1220 2017 el
1234 1962 1357 2016 abbates
1373 1965 1430 2016 tuso
1451 1964 1540 2018 terrae
1568 1962 1640 2015 mihi
1669 1963 1778 2031 mittas,

92 2048 236 2105 Unmnus
252 2050 421 2120 episcopua,
439 2065 548 2105 servus
563 2066 722 2105 servorum
738 2051 801 2119 Ilei,
818 2050 890 2105 cba-
945 2056 1025 2123 quot,
1049 2055 1077 2107 et
1101 2067 1175 2123 quos
1198 2051 1331 2105 volueris
1356 2052 1464 2117 mittas,
1482 2052 1556 2105 aiios
1570 2050 1607 2105 ad
1624 2050 1779 2105 servitium

57 2137 181 2194 rissimo
195 2138 255 2192 lllia
273 2140 307 2193 u.
326 2138 425 2192 comiti
440 2138 583 2194 Calabria
594 2139 749 2204 ctSieilioe,
766 2138 891 2194 salutem
906 2110 930 2165 B
946 2140 1147 2195 Ecclesiarum
1163 2143 1191 2194 et
1200 2140 1319 2195 tutelam
1328 2139 1468 2193 retineas.
1480 2139 1673 2209 Omnipotens
1683 2138 1780 2193 domi-

57 2230 87 2282 et
114 2228 305 2298 apostolicam
333 2227 579 2282 benedictionem.
609 2227 681 2292 Quia
706 2229 890 2299 prudentiam
945 2245 1002 2285 nus
1014 2227 1778 2297 aetustuosialieneplacitosuodirigat,ettaapec-

56 2318 137 2371 tuum
153 2331 292 2386 supernas
306 2315 473 2386 majestatis
483 2316 615 2387 dignatio
624 2315 890 2387 multislriumpliis
946 2319 1019 2373 eatis
1034 2316 1203 2371 absolutum
1218 2317 1252 2370 ad
1268 2317 1359 2369 vitem
1374 2320 1514 2369 aeternam
1538 2315 1689 2383 perducat.
1710 2315 1774 2368 Dat.

56 2408 85 2459 el
101 2404 264 2460 bonoribus
280 2406 427 2472 exaltavit,
445 2408 473 2460 et
489 2405 621 2475 probitas
636 2407 685 2459 tna
702 2405 730 2460 in
745 2406 888 2460 Sarrace-
945 2405 1057 2461 Salerni
1067 2421 1120 2475 per
1130 2420 1248 2459 manum
1259 2405 1384 2459 loannis
1397 2403 1512 2458 Sanctae
1525 2405 1665 2457 Romanas
1672 2401 1774 2457 Eccle-

56 2509 164 2549 uorum
185 2493 294 2549 linibus
318 2493 483 2548 Ecclesiam
499 2494 552 2547 Dei
567 2494 727 2563 plurimum
743 2493 886 2564 dilatavit,
946 2496 1000 2549 sioe
1015 2494 1130 2549 diaconi
1145 2510 1176 2547 ιιι
1191 2493 1293 2547 Nonas
1308 2492 1390 2561 tulii,
1407 2491 1567 2548 indictione
1581 2507 1629 2558 vn,
1654 2490 1774 2561 pontifi-

56 2586 229 2654 sanctaeque
243 2583 307 2638 sedi
317 2582 489 2654 apostolicae
500 2583 636 2638 devotum
649 2598 684 2637 se
694 2585 784 2638 mults
795 2583 891 2638 modis
947 2589 1030 2638 catus
1046 2582 1155 2637 domiui
1172 2581 1281 2637 Urbani
1298 2581 1421 2636 secundi
1437 2598 1476 2635 ιιι.

643 2751 777 2823 Explicit
794 2768 864 2824 opus
885 2752 1031 2809 Gaufredi
1045 2751 1190 2808 monachi.

784 2923 1025 2932 -———--—-

58 3062 406 3155 APl'llNDlX
445 3063 530 3154 ΕΤ
571 3065 816 3154 conlcto
860 3065 1293 3157 menomenas
1334 3062 1775 3156 Jeltlln'raNAE

581 3246 631 3301 an
651 3247 829 3303 unrrnun
850 3247 1072 3303 currrunun
1093 3248 1193 3302 inem
1215 3247 1252 3301 iv

360 3395 678 3475 HISTORIAE
707 3396 1032 3477 GAUFREDI
1059 3395 1472 3475 MALATERRAE

88 3618 162 3673 Post
177 3618 241 3673 haec
257 3618 413 3687 piissimus
430 3634 541 3686 comae,
559 3620 674 3675 occulto
696 3620 749 3673 Dei
775 3619 887 3691 judicio
905 3600 928 3655 G
977 3620 1051 3675 Post
1066 3620 1143 3674 buno
1159 3618 1259 3673 Simon
1274 3617 1400 3672 filiarum
1418 3617 1634 3688 primogenitus
1649 3630 1774 3688 reguum

55 3706 174 3777 penitus
188 3706 265 3761 virili
276 3708 419 3779 progenie
431 3708 564 3776 orbatae,
575 3707 641 3762 lusa
652 3709 688 3762 ad
700 3710 790 3764 lleum
801 3724 887 3777 prece
943 3709 1067 3777 accepit.
1083 3709 1137 3773 Qui
1152 3723 1205 3777 per
1220 3721 1331 3777 paucos
1348 3706 1453 3760 vivens
1476 3720 1580 3773 annoS,
1603 3721 1713 3777 graves
1737 3704 1774 3759 ab

54 3794 82 3849 in
97 3809 153 3866 spe
164 3795 279 3850 sobolis
294 3797 487 3866 procreandae
502 3813 624 3852 uxorem
636 3814 720 3852 suam
737 3798 886 3869 cognovit,
942 3796 1234 3868 Apulismutntionos
1244 3794 1394 3849 sustinuit.
1408 3794 1483 3848 linio
1499 3794 1705 3848 successitille
1718 3793 1774 3848 ho-

54 3883 82 3937 in
97 3900 194 3955 eaque
209 3885 286 3939 lllios
302 3885 415 3941 etsilias
432 3887 596 3956 generavit.
609 3885 663 3951 Qui
678 3902 773 3957 usque
789 3887 825 3939 ud
840 3901 887 3940 se·

53 3975 203 4027 nectutem
218 3972 461 4028 honestissimam
477 3989 571 4045 agens
587 3975 674 4028 vitam
684 3972 842 4044 plurimum
858 3974 887 4027 in

53 4060 251 4117 oedillcalione
275 4062 471 4116 eeclesiarum
496 4064 635 4131 intentus,
661 4064 780 4118 easdem
801 4066 888 4133 prout

53 4149 183 4205 insoluta
199 4150 293 4220 ipsius
309 4151 470 4221 posteritas
481 4152 576 4206 adliac
586 4157 613 4206 et
628 4154 705 4225 regit
719 4156 746 4207 et
762 4168 886 4207 conser-

52 4240 103 4293 vet
132 4253 186 4308 per
200 4240 289 4293 totam
319 4242 428 4292 terram
449 4255 533 4293 suain
558 4240 678 4309 copiose
693 4241 831 4307 dotando,
860 4246 888 4296 et

51 4327 187 4382 uirorum
201 4327 376 4397 psallentum
394 4328 535 4399 religiose
547 4332 633 4399 atquc
656 4328 794 4384 decentor
809 4330 886 4384 ordi-

52 4414 162 4481 nando,
180 4414 247 4485 pius
264 4415 464 4487 orphanorum
480 4420 507 4471 el
523 4417 678 4471 viduarum
693 4421 841 4487 protector
852 4435 885 4472 ue

52 4504 214 4560 munillcus
243 4520 404 4575 pauperum
427 4504 536 4560 Christi
564 4505 736 4560 sublevator
763 4507 884 4561 exstitit.

51 4592 187 4665 Cumque
196 4593 234 4647 iis
245 4595 273 4649 el
282 4593 398 4647 filiabus
410 4595 591 4664 prolicienda
606 4610 724 4665 semper
735 4595 763 4649 in
780 4595 885 4649 melius

51 4680 190 4737 bonestae
215 4682 379 4737 sanctitatis
404 4683 569 4752 exemplum
594 4683 709 4736 cunctis
733 4684 884 4752 existeret,

51 4771 886 4845 tandem,necessariahumanaeconditionislegcnatura·

52 4856 110 4913 lem
127 4858 157 4913 in
174 4873 209 4912 ea
224 4859 449 4915 dissolutionem
476 4864 624 4931 operante,
645 4860 724 4913 illam
739 4861 885 4916 illustrem

943 3887 1053 3939 minum
1068 3885 1226 3953 maximus,
1239 3899 1256 3936 a
1272 3883 1332 3936 Deo
1343 3882 1469 3936 dilectus
1481 3884 1510 3936 et
1521 3882 1695 3938 benedictus
1705 3882 1773 3936 uni-

942 3990 996 4028 cus
1021 3973 1078 4040 leo,
1095 3976 1123 4027 et
1140 3972 1222 4041 pacis
1245 3972 1469 4039 firmamentum,
1496 3971 1646 4042 llogenus
1673 3969 1774 4024 mundi

941 4060 1253 4128 admiralio,virtulum
1266 4058 1393 4113 omnium
1402 4058 1773 4130 splendor‚elp1·oregibus

942 4149 1033 4205 heros
1057 4150 1178 4219 sapiens
1200 4150 1229 4202 al
1251 4148 1415 4201 immensus
1441 4145 1547 4213 omnia,
1570 4147 1654 4214 prius
1676 4149 1773 4200 tamen

942 4254 1054 4307 comes,
1069 4242 1173 4309 postca
1191 4235 1373 4290 Deimultum
1390 4233 1622 4303 imcomparabili
1637 4232 1704 4302 ejus
1720 4248 1772 4286 sa-

940 4329 1050 4398 pientia
1072 4328 1221 4397 operante,
1245 4323 1354 4394 dignus
1376 4322 1435 4376 dux
1461 4321 1582 4376 Feracis
1606 4321 1719 4392 Apuliae
1744 4324 1773 4375 et

941 4419 1048 4486 Capuae
1065 4412 1306 4485 p1·incipatuS,a‹l
1320 4412 1454 4466 ultimum
1467 4428 1518 4466 rex
1529 4410 1648 4480 Siciliae,
1665 4410 1771 4479 Tripo-

941 4505 988 4571 lis,
1007 4504 1128 4571 Alrioae,
1151 4502 1377 4573 potentissimus
1399 4501 1472 4555 lines
1488 4499 1602 4570 imperii
1619 4499 1666 4554 sui
1682 4498 1771 4570 longe

940 4593 1055 4665 lateque
1072 4592 1224 4663 multiplici
1239 4594 1383 4647 terrarum
1399 4589 1594 4661 acquisitione
1606 4588 1770 4659 ampliavit:

940 4682 975 4735 ad
1006 4681 1093 4752 cujus
1123 4681 1227 4735 landos
1243 4683 1271 4733 cl
1286 4681 1371 4751 gesta
1396 4678 1551 4749 probitatis
1578 4675 1771 4749 singulariter

941 4771 1095 4824 reserenda
1112 4770 1249 4841 quoniam
1270 4767 1422 4823 Ciceronis
1439 4766 1635 4837 eloquentiam
1650 4763 1769 4818 insulti-

940 4859 1065 4914 cienlem
1091 4859 1187 4913 fuisso
1209 4860 1331 4927 repul03
1351 4872 1407 4928 ego
1423 4854 1472 4925 qni
1488 4853 1549 4909 lore
1565 4853 1679 4909 nullus.
1690 4868 1767 4921 sum,

52 4947 181 5001 animam
196 4947 274 5001 lanta
287 4949 546 5003 collustrationem
557 4950 884 5021 moritorumagnitione
940 4952 1027 5004 tantas
1050 4947 1205 5020 gravitatis
1229 4962 1305 5001 onus
1327 4945 1398 4998 milii
1423 4943 1518 4998 adhuc
1533 4943 1717 5014 incognitum
1740 4941 1769 4996 in

51 5034 225 5107 insignitam
241 5036 276 5089 ad
296 5036 464 5090 desiderata
486 5037 638 5091 bealorum
662 5037 788 5109 collegia
816 5045 883 5094 ante
938 5038 1080 5108 praesenti
1095 5040 1206 5091 tentare
1222 5035 1357 5089 formido.

52 5129 248 5195 conspectum
258 5126 366 5180 divinae
377 5126 541 5198 majestatis
553 5127 714 5197 expirando
725 5127 883 5201 delegavit,

51 5228 224 5285 corpusque
251 5214 317 5285 ejus
339 5216 417 5285 apud
440 5215 578 5282 llelilnm,
598 5216 627 5269 in
643 5216 770 5271 ecclesia
797 5234 885 5288 quam

51 5301 116 5372 ipse
144 5302 330 5374 fundaverat,
347 5304 520 5375 honor-illoc,
538 5308 569 5359 ut
584 5308 695 5359 tuntum
718 5306 813 5360 virum
832 5307 885 5361 de-

51 5389 148 5460 cebat,
164 5391 312 5461 sepullum
330 5399 385 5447 ast.

85 5560 163 5630 (391)
181 5560 222 5614 m
237 5564 284 5617 sui
291 5563 376 5633 juris
392 5564 560 5620 Calabriam
575 5563 716 5619 babilam.

974 5127 1049 5197 (39³2)
1060 5127 1144 5179 Anno
1165 5122 1280 5177 llomini
1299 5121 1377 5191 illel,
1394 5121 1604 5176 decimosexto
1620 5119 1769 5175 Kalendas

939 5216 1077 5289 Augusti,
1093 5216 1204 5284 (lupius
1219 5213 1392 5285 lluqmonus
1413 5209 1566 5280 Hispanus
1582 5208 1767 5265 Sarreoeuus

939 5307 1045 5360 Pnclas
1061 5308 1089 5358 ct
1104 5306 1212 5356 terrem
1233 5301 1446 5371 syracusanum.
1469 5297 1542 5349 ‘ntra
1568 5298 1631 5353 dics
1656 5301 1770 5368 sepiem

939 5393 1074 5461 vastavit,
1092 5392 1234 5462 praedavit
1249 5394 1277 5445 et
1290 5388 1430 5458 incendit,
1452 5400 1607 5459 uniusque
1622 5403 1715 5443 sexus
1730 5386 1767 5443 de

83 5630 161 5704 (392)
182 5632 337 5706 appendix
347 5635 448 5707 altere,
465 5635 529 5693 sive
543 5634 645 5692 brevis
659 5633 857 5709 Chronologia
873 5649 910 5692 ex
924 5650 1015 5707 supra
1026 5634 1113 5691 citato
1129 5632 1231 5690 codiee
1245 5632 1428 5688 larratanco.
1445 5630 1605 5691 Canusina.
