3900 6112
605 336 808 401 UDALRICI
828 335 1135 402 CLUNIACENSIS
1158 336 1356 402 MONAOHI

106 342 165 407 687
1771 344 1827 408 688

107 542 314 615 procederent,
333 538 504 610 hujusmodi
515 538 739 608 procossionem
757 538 785 590 in
797 538 898 608 quarta
910 538 939 591 et
952 515 983 579 Α
998 539 1257 609 commilitonibus
1283 543 1343 594 tam
1366 540 1478 611 patrios
1499 557 1601 598 mores
1624 558 1715 615 quam
1737 545 1826 616 ipsam

109 637 193 689 sexta
208 631 282 686 feria
298 647 313 683 a
328 628 470 682 Kalendis
487 627 631 681 Novemb.
646 627 788 697 usquead
805 624 942 697 caputje-
991 629 1119 710 ¹patriam
1136 633 1248 684 mutare
1264 630 1443 700 volentibus,
1463 646 1521 686 nun
1536 633 1635 687 minus
1653 649 1766 705 graves
1781 651 1826 690 es-

105 722 183 794 J'unii
196 735 249 791 pro
263 718 371 789 pietate
387 731 440 769 sua
457 715 588 768 indulsit.
998 721 1064 771 sent
1079 717 1113 771 ad
1131 719 1308 774 audiendum
1322 735 1409 790 quam
1421 720 1670 791 massaplumbea
1680 721 1746 777 fore
1757 725 1828 779 solet

147 810 297 878 interrog.
314 805 396 859 Scire
413 805 501 858 velim
518 803 688 872 eujusmodi
705 803 743 855 sit
757 801 944 855 intervallum
998 805 1032 857 ad
1048 807 1232 874 portandum.
1250 807 1313 862 Nec
1329 809 1434 862 mirum
1450 809 1626 879 quibusnon
1640 814 1688 866 est
1703 812 1825 868 studium

111 901 179 969 post
194 895 389 968 psalmodiam
406 894 435 946 in
451 892 578 946 ecclesia
591 891 621 946 S.
638 891 739 944 llariae
754 906 944 944 consumma·
998 892 1153 948 nobiseum
1169 895 1307 966 dormire,
1325 897 1352 950 si
1364 899 1392 950 et
1407 896 1482 967 ipsis
1498 913 1556 952 non
1568 902 1617 954 est
1628 900 1762 956 studium
1775 917 1824 958 aa·

110 991 189 1056 tam,
206 984 252 1039 vel
268 983 345 1055 quod
362 981 479 1035 interim
503 979 629 1034 maxime
646 979 685 1033 sit
708 993 783 1047 opus
797 981 942 1049 vestrum,
997 980 1114 1036 hiscum
1129 983 1264 1054 vigilare.

110 1075 157 1131 vel
172 1074 224 1129 ubi
238 1074 402 1127 convontus
417 1070 570 1123 moretur?
1033 1069 1068 1124 Et
1084 1073 1150 1141 quia
1167 1074 1260 1127 semel
1276 1074 1381 1145 incoepi
1397 1075 1465 1130 inde
1480 1076 1575 1147 loqui,
1595 1079 1624 1132 ut
1647 1078 1824 1135 subinferam

145 1165 235 1234 Resp.
248 1160 384 1215 Breviter
399 1159 435 1212 ad
451 1157 568 1229 singula
584 1156 790 1227 respondeam.
807 1155 944 1209 interval·
997 1175 1063 1228 qaae
1073 1160 1169 1216 adhuc
1179 1162 1215 1216 de
1224 1163 1328 1218 eodem
1337 1179 1448 1235 genere
1456 1165 1575 1236 novi,in
1588 1166 1689 1222 Natali
1704 1167 1754 1223 SS.
1765 1184 1823 1240 apo

110 1255 170 1309 lum
186 1252 262 1307 solet
272 1249 440 1319 temperari,
458 1253 488 1303 ut
505 1245 673 1301 claustralis
688 1246 769 1315 prior
793 1259 861 1299 cum
876 1244 943 1298 abs·
998 1248 1140 1303 stolarum
1155 1250 1272 1306 Petriet
1286 1252 1821 1322 Pauli,nooturnietmatutinaelaudcs

111 1358 202 1398 cansa
218 1344 310 1395 totum
326 1340 487 1393 oleastrum
503 1335 599 1406 possit
614 1334 758 1402 circuire,
772 1335 848 1388 ridet
863 1349 944 1387 nam·
998 1339 1084 1392 tantae
1108 1344 1177 1393 sunt
1192 1341 1377 1411 prolixitatis,
1397 1347 1428 1396 ut
1444 1358 1562 1414 semper
1577 1345 1624 1399 die
1639 1345 1737 1400 adhue
1753 1346 1819 1402 clara

111 1448 169 1504 que
185 1431 211 1485 si
226 1427 325 1484 omnia
342 1426 463 1481 claustri
479 1425 555 1480 ostia
571 1427 639 1478 sunt
655 1423 755 1477 clausa
768 1424 945 1492 ;parlustrat
998 1425 1184 1496 incipiantur,
1202 1431 1229 1483 et
1242 1445 1391 1500 nunquam
1401 1431 1514 1487 nisidio
1528 1433 1624 1488 adhuc
1639 1434 1719 1488 clara
1730 1434 1818 1489 finian-

111 1518 316 1576 dormitorium
331 1533 347 1569 a
363 1519 420 1570 tino
437 1530 531 1585 usque
548 1514 583 1567 ad
600 1514 698 1582 fmem,
715 1529 768 1566 nac
794 1512 891 1566 minus
908 1512 944 1565 ad
999 1517 1046 1567 tur
1058 1531 1065 1584 ς
1079 1520 1199 1586 propter
1214 1518 1293 1589 quad
1310 1534 1376 1573 oum
1392 1521 1470 1574 scire
1493 1522 1596 1591 possis
1618 1523 1699 1594 quod
1720 1524 1767 1578 illo
1780 1525 1816 1581 dic

110 1613 193 1680 ipsas
204 1606 403 1663 necessarias
416 1604 517 1676 Pergit
533 1603 563 1657 in
578 1603 696 1658 domum
712 1602 945 1668 infirmorumut
998 1619 1066 1657 nom
1082 1606 1137 1659 erit
1152 1606 1224 1660 hara
1247 1607 1359 1661 tardior
1373 1608 1531 1664 dormitum
1553 1611 1729 1681 collacandi,
1753 1615 1817 1670 venit

109 1699 270 1768 videatpcr
285 1695 449 1764 omniaquo
465 1693 551 1747 modo
564 1692 663 1762 seipsi
680 1691 809 1745 habeant
822 1688 942 1743 infirmi.
998 1692 1070 1745 milri
1092 1692 1248 1763 aliquando
1270 1695 1297 1749 in
1320 1700 1446 1751 mentem
1462 1701 1492 1752 ut
1513 1698 1609 1770 ipsam
1631 1700 1736 1755 boram
1755 1701 1813 1758 salis

111 1780 835 1856 ReditpereoolesiamSanctaelttariaeinMajarem
842 1778 943 1833 Eccle·
999 1781 1081 1835 radio
1094 1786 1239 1852 notarem,
1257 1799 1343 1854 quem
1360 1787 1494 1857 sequenti
1510 1788 1558 1842 die
1571 1790 1691 1861 quando
1705 1792 1812 1846 cantari-

111 1877 197 1930 siam.
216 1874 335 1928 Nullum
353 1871 453 1938 altare,
471 1886 529 1941 qua
544 1871 701 1941 quisquam
718 1870 841 1923 fratrum
856 1884 942 1922 acce·
957 1847 984 1910 Β
1000 1885 1066 1924 mus
1078 1886 1185 1925 nonam
1199 1871 1227 1925 in
1241 1873 1344 1927 cadem
1360 1874 1420 1927 vidi
1433 1890 1502 1930 esse
1515 1877 1582 1932 loco
1596 1879 1655 1944 ;ita
1666 1882 1696 1933 ut
1707 1895 1811 1936 momen·

110 1965 181 2019 dere
196 1963 304 2034 potest,
322 1961 439 2015 dimittit
454 1959 645 2028 invisitatum,
662 1961 693 2013 ut
708 1958 805 2012 videat
819 1957 887 2028 quis
903 1956 944 2010 ibi
999 1962 1060 2013 lum
1072 1961 1268 2030 praecedentis
1284 1963 1469 2032 completorii
1482 1982 1497 2019 a
1519 1969 1668 2023 momenta
1683 1984 1762 2023 none
1774 1985 1809 2024 se-

108 2054 161 2124 sit,
170 2051 218 2106 vel
234 2050 304 2121 quid
320 2050 426 2121 agatur
441 2049 476 2103 ab
493 2064 537 2103 eo.
552 2048 673 2102 Fratres
689 2051 786 2101 autem
802 2047 837 2100 de
853 2045 945 2100 cocle·
1000 2048 1117 2119 quentis
1127 2048 1198 2102 nihil
1213 2053 1294 2105 esset
1310 2050 1438 2106 divisum
1452 2069 1459 2122 3
1474 2052 1584 2109 idcireo
1599 2057 1746 2125 potuimus
1760 2073 1808 2112 cun

106 2142 151 2196 sia
166 2140 196 2195 S.
204 2139 305 2193 Marisa
320 2138 409 2194 simul
425 2138 578 2206 exeuntes,
587 2138 695 2207 praeter
706 2136 732 2190 si
744 2135 793 2207 qui
806 2150 880 2205 opus
889 2133 943 2188 ha·
1000 2136 1149 2192 alacritate
1162 2140 1191 2191 et
1202 2139 1374 2210 cumaliqua
1384 2141 1538 2198 devotione
1549 2144 1664 2216 vigiliis
1675 2146 1805 2214 interesse,

104 2231 175 2285 bent
190 2229 227 2282 ad
242 2227 434 2282 necessarias
450 2226 503 2296 ire,
520 2227 711 2280 revertuntur
726 2224 755 2278 in
772 2225 946 2293 chorum,ct
999 2241 1054 2279 nce
1070 2228 1131 2279 erat
1147 2242 1273 2282 necesse
1286 2243 1392 2283 somno
1409 2231 1522 2286 satiatis
1538 2234 1646 2288 iterum
1663 2234 1693 2288 in
1706 2235 1806 2290 ecelesia

108 2316 222 2390 singuli
238 2315 344 2370 sedent
360 2317 388 2368 in
396 2314 482 2370 sedili
494 2330 549 2369 suo
562 2317 648 2385 caput
656 2312 942 2385 cooperti,juveneS,
998 2329 1104 2369 somno
1117 2316 1247 2387 gravari,
1257 2315 1376 2372 Fratres
1390 2320 1441 2391 qui
1450 2319 1485 2375 de
1496 2320 1572 2376 foris
1585 2325 1702 2378 venturi
1716 2323 1804 2378 suntad

109 2406 161 2477 qui
175 2405 206 2459 in
221 2404 355 2460 custodia
365 2402 534 2473 sunt,juxta
544 2403 684 2457 custodes
695 2402 822 2472 suos,de
833 2401 942 2471 quibus

110 2508 298 2564 summopere
314 2496 435 2546 caretur
449 2507 486 2545 ae
506 2490 594 2545 simul
618 2491 656 2544 ita
681 2491 813 2558 sedeant,
829 2494 860 2544 ut
883 2502 942 2542 non

108 2583 237 2638 habeant
251 2580 328 2636 inter
343 2595 376 2634 se
392 2580 576 2650 probabilem
587 2583 615 2633 et
629 2579 698 2634 boni
713 2579 874 2635 testimonii
886 2594 943 2633 me·

107 2671 941 2741 (tiatoremetunusquisque,postquameaputeoopcrue·

108 2763 155 2832 rit,
171 2761 241 2815 facit
256 2760 334 2831 quod
350 2760 408 2814 sibi
423 2760 539 2814 videtur
553 2760 600 2813 vel
616 2760 694 2830 quod
716 2761 858 2827 potuerit,
874 2773 941 2811 narn

106 2855 139 2905 ut
151 2847 940 2919 meiipsiuspraexemplomeminerim,er·ataliquando

108 2939 189 3012 quod
211 2937 352 2993 intentius
378 2938 508 3007 orabam,
530 2939 686 3009 aliquanda
711 2938 790 3009 quod
809 2938 941 3008 psalmos

106 3027 304 3097 ruminabam,
320 3026 476 3097 aliquando
498 3028 577 3098 quod
593 3043 697 3083 somno
712 3028 784 3081 adeo
800 3029 941 3099 gravatus

108 3134 200 3189 eram,
215 3119 247 3172 ut
259 3117 299 3172 ita
315 3117 424 3172 sedens
436 3117 541 3171 vellem
553 3116 661 3172 nollem
671 3117 858 3172 dormitarem
866 3135 874 3180 ,·
887 3115 940 3169 sed

999 2405 1803 2477 monasterium‚eapreeccptoetcaoonditioncnansenal

998 2494 1067 2547 sunt
1080 2493 1234 2548 constricti
1249 2497 1280 2549 ut
1293 2511 1441 2567 nunquam
1457 2501 1524 2568 post
1537 2501 1756 2570 completorium
1767 2517 1802 2554 au·

997 2582 1084 2636 deant
1099 2582 1210 2637 venire.
1226 2582 1329 2639 Frater
1344 2585 1395 2656 qui
1411 2591 1473 2640 crat
1488 2588 1523 2641 ad
1537 2602 1683 2659 resperas
1697 2590 1725 2644 in
1747 2590 1801 2644 clau·

997 2671 1803 2749 stro,sianteoompletoriumcomedereneglcxeritpost

995 2758 1216 2828 completorium
1224 2762 1334 2816 nullius
1342 2763 1383 2816 rei
1391 2763 1485 2834 gratia
1496 2765 1801 2821 habebitliceutiamco·

994 2849 1140 2918 medendi,
1157 2853 1280 2920 excepto
1297 2851 1324 2904 si
1337 2852 1387 2905 tali
1402 2852 1568 2908 infirmitate
1577 2861 1725 2927 gravatur,
1736 2854 1797 2910 verbi

993 2939 1099 3011 gratia,
1117 2953 1173 3009 ego
1195 2939 1321 3009 quadam
1336 2941 1400 2994 vice
1415 2941 1603 2996 cellerarium
1624 2945 1683 2999 vidi
1704 2943 1797 3000 totadia

993 3027 1162 3097 recipiendo
1176 3028 1275 3081 vinum
1287 3033 1471 3100 occupatum,
1483 3034 1511 3086 et
1522 3031 1558 3086 de
1569 3034 1693 3102 prandio
1705 3034 1800 3089 minine

995 3115 1801 3189 curavitposloampletoriurnquaerensadominoablntc

109 3207 214 3279 siquis
230 3207 357 3262 voluerit
369 3206 514 3261 secretius
524 3222 619 3276 orare,
628 3206 733 3276 surgit,
743 3211 770 3261 et
785 3206 941 3261 seceditad
954 3177 981 3242 c
997 3205 1145 3260 licentiam
1157 3206 1463 3278 prandendi,prarsus
1475 3208 1547 3263 nihil
1556 3209 1800 3282 obtinuit3ctitairn

108 3297 229 3369 aliquod
243 3296 335 3351 altare
345 3314 352 3362 ;
370 3296 420 3350 ubi
435 3298 532 3350 tamen
552 3311 611 3349 non
628 3295 737 3349 diutius
753 3298 893 3361 moratur,
912 3296 943 3349 ut

108 3386 207 3441 locum
231 3386 338 3440 habeat
365 3385 441 3439 alius
471 3384 608 3438 similiter
638 3385 760 3452 arandi,
793 3385 844 3456 qui
869 3384 944 3439 satis

109 3489 203 3547 pauca
226 3476 297 3528 sunt
319 3474 420 3528 altaria
445 3474 593 3526 tantorum
618 3473 740 3527 fratrum
768 3472 945 3527 multitudini

111 3565 289 3632 comparata.
307 3561 340 3615 ln
355 3571 412 3633 qua
429 3561 610 3616 habitudinis
621 3561 792 3616 diversitate
806 3561 946 3616 fortassis

113 3652 216 3721 plures
230 3665 289 3704 non
303 3651 372 3703 sunt
388 3648 442 3702 mei
460 3648 731 3703 dissimilesPuari
744 3650 849 3704 sedent
864 3650 893 3703 in
903 3665 948 3704 ca·

112 3741 216 3812 pitulo,
232 3742 259 3795 et
273 3753 328 3809 per
343 3739 470 3809 aliquem
486 3738 696 3808 praecinentem
723 3743 839 3793 cautum
861 3739 947 3793 addi-

112 3832 209 3886 scunt.
225 3828 309 3893 Quod
328 3828 446 3883 sitente
463 3830 508 3883 est
523 3827 629 3881 hiemis
646 3829 801 3898 asperitas,
818 3830 864 3884 est
879 3827 947 3883 offl-

113 3919 179 3975 eina
199 3917 229 3973 in
252 3933 310 3990 qua
330 3917 452 3989 grandis
465 3917 562 3970 'loeus
579 3917 614 3971 ab
638 3917 713 3986 ipsis
740 3917 881 3973 fratribus
898 3918 948 3987 qui

112 4007 231 4064 fuerunt
255 4006 341 4079 coqui
364 4007 474 4077 prioris
493 4006 665 4076 septimanae
695 4011 897 4076 praeparatur,
920 4007 948 4060 et

111 4095 183 4151 illuc
196 4111 299 4152 omnes
313 4098 370 4150 tam
385 4094 514 4165 majores
528 4111 615 4166 quam
626 4096 756 4149 minores
767 4095 945 4150 licenterac·

116 4185 234 4256 cedunt,
248 4200 315 4240 cum
329 4200 443 4240 summa
456 4187 554 4239 tamen
568 4185 720 4256 gravitate,
734 4184 811 4238 sicut
825 4184 946 4255 dignum

112 4277 159 4331 cst
174 4274 204 4330 in
216 4273 266 4328 tali
285 4272 368 4329 hara.
385 4275 498 4328 hmado
512 4289 629 4345 quoquc
652 4289 748 4344 usque
769 4272 805 4325 ad
827 4273 947 4327 (taonem

112 4362 520 4436 Dominiinprivatisjomuina
533 4363 638 4419 diebus
650 4363 776 4434 hymnus
789 4361 947 4432 completo-

999 3310 1137 3365 pransus,
1152 3294 1240 3349 vellet
1255 3295 1353 3366 nollet,
1369 3295 1499 3352 cubitum
1510 3300 1649 3354 recessit.
1662 3299 1693 3355 Si
1707 3300 1803 3354 videres

997 3400 1115 3456 quoque
1130 3385 1158 3437 in
1173 3384 1406 3457 Quadragcsima
1420 3386 1499 3457 quali
1513 3387 1586 3443 hora
1597 3389 1701 3444 damus
1711 3396 1806 3459 operam

998 3479 1029 3529 ut
1042 3474 1232 3541 dormiamus,
1241 3474 1342 3545 utique
1355 3475 1492 3530 fatereris
1503 3476 1809 3533 setisnosmaturesur·

1000 3579 1070 3635 gere
1085 3564 1222 3634 possead
1236 3568 1409 3618 nocturnos
1424 3564 1590 3635 Haecquasi
1601 3559 1804 3622 extraordinarie

1001 3654 1060 3708 sint
1076 3652 1162 3721 dieta,
1180 3656 1212 3707 ut
1227 3653 1348 3708 noveris
1362 3668 1418 3707 nos
1434 3653 1461 3706 in
1476 3656 1741 3711 comessationibus
1750 3663 1806 3707 noc·

1000 3745 1057 3796 tem
1072 3743 1239 3810 expendere
1254 3742 1342 3796 nolle.
1561 3810 1567 3825 .

1301 3831 1427 3886 CAPUT
1447 3831 1536 3887 XLII.

1002 3920 1045 3974 De
1059 3918 1228 3974 festivitate
1246 3919 1378 3973 Omnium
1391 3920 1579 3992 Sanctorum,
1587 3928 1618 3977 et
1631 3919 1804 3978 recordatione

1152 3992 1277 4045 ninnium
1293 3990 1445 4046 Fidelium
1461 3991 1678 4049 defunctorum.

1037 4096 1069 4149 ln
1091 4096 1249 4152 festivitate
1271 4097 1406 4152 Omnium
1432 4098 1608 4155 Sanctorum
1633 4103 1669 4156 ad
1693 4101 1805 4165 utrasque

1000 4201 1084 4257 vesp.
1099 4201 1153 4240 neo
1168 4186 1273 4256 psalmi
1289 4203 1343 4241 nec
1358 4188 1527 4258 antiplronae
1541 4193 1699 4258 mutantur,
1714 4176 1805 4244 atsicut

1000 4290 1054 4345 per
1070 4279 1161 4329 totum
1177 4290 1284 4329 nanum
1299 4277 1335 4330 de
1348 4276 1423 4346 ipsis
1436 4278 1566 4348 quotidie
1581 4281 1730 4334 cantamus
1742 4269 1804 4347 psal·

1001 4380 1066 4418 mos
1084 4363 1264 4436 Confitetur,
1289 4364 1429 4435 Credidi,
1447 4365 1480 4420 In
1504 4368 1716 4437 convertendo,
1734 4363 1807 4432 Eript

112 4451 946 4525 riiest,Christc,quilures,·sitamennullaesuntaolavae.
1002 4468 1066 4523 rne3
1082 4451 1210 4525 hynraus
1226 4455 1311 4508 etiam
1328 4457 1387 4522 est,
1411 4453 1533 4510 Christe
1556 4456 1747 4529 Redemptum
1764 4439 1808 4504 sed

148 4543 299 4615 Interrop.
316 4541 375 4596 Sed
390 4545 458 4612 past
475 4541 626 4612 Vesperas
640 4558 705 4597 cum
731 4558 786 4600 aec
811 4546 945 4617 coenetis,
960 4513 1070 4598 1'curn
1086 4547 1143 4598 tam
1167 4542 1311 4597 solemnis
1332 4543 1457 4598 melodia
1473 4561 1561 4616 quam
1586 4549 1615 4601 et
1629 4546 1693 4617 ipse
1709 4545 1761 4600 dies
1772 4527 1814 4592 est

114 4649 170 4692 nee
192 4631 400 4688 defunctorum
415 4631 526 4702 geratis
549 4630 690 4702 officium,
717 4634 787 4705 quid
807 4635 885 4690 aliud
901 4638 947 4690 est

114 4723 195 4797 qnod
207 4725 329 4796 geratur
341 4737 359 4775 a
373 4719 483 4774 vobis‘l

149 4812 240 4886 Hesp.
255 4809 336 4867 Imus
350 4809 380 4864 in
395 4808 609 4880 dormitorium,
622 4810 759 4867 cultellos
769 4826 890 4870 nastros
902 4814 948 4868 de·

113 4902 263 4975 ponimus,
279 4898 482 4956 abstrahimus
496 4899 614 4954 calceos
631 4899 781 4957 diurnales
795 4903 823 4957 et
835 4904 950 4956 noctur·

114 4990 198 5045 nates
211 4988 361 5045 induimus
369 5006 377 5056 ;
390 4987 531 5043 sedemus
546 4989 575 5042 in
589 4988 718 5045 elaustro
733 4991 947 5063 adlectionem,

114 5078 246 5149 tangitur
259 5076 426 5148 cymbalum
436 5079 467 5131 ut
480 5077 737 5147 manuslavemus,
750 5081 778 5133 et
788 5078 818 5134 in
829 5079 951 5135 refecto·

115 5163 307 5222 riumbibere
323 5166 489 5220 veniamus.
507 5164 652 5221 Sodamus
673 5167 779 5221 iterum
797 5169 833 5223 ad
848 5169 950 5226 lactio-

114 5267 194 5324 nem,
209 5252 331 5309 sonatur
343 5254 428 5309 scilla
442 5254 478 5309 ad
492 5254 688 5310 collationem.
698 5255 828 5327 Itemque
837 5261 865 5313 at
878 5258 949 5314 illud

115 5358 170 5417 pra
186 5343 267 5398 certo
281 5342 403 5398 noveris
415 5344 525 5413 quodsi
537 5345 695 5416 aliquando
706 5345 849 5418 contingit
861 5348 948 5404 nohis

115 5431 229 5501 invitis,
243 5431 273 5485 et
283 5429 321 5484 de
336 5429 480 5486 industria
493 5449 654 5506 nunquam,
669 5439 700 5489 ut
716 5436 767 5488 lux
778 5434 835 5490 diei
853 5437 950 5492 adhue

117 5523 195 5577 clare
210 5534 270 5576 non
285 5522 433 5591 appareat,
447 5522 564 5593 quando
578 5523 735 5579 dormitum
752 5523 948 5597 collocamus,

115 5613 145 5667 et
158 5609 470 5683 proptereasustinera
481 5627 645 5680 possumus
659 5607 735 5668 inter
745 5612 800 5668 alia
812 5616 871 5668 tam
882 5631 950 5686 pro-

116 5699 192 5759 lixas
212 5701 368 5771 lectiones
387 5713 453 5771 quae
475 5699 612 5756 nimirum
636 5702 813 5773 quibusdam
838 5704 950 5760 nostris

1002 4633 1156 4687 solemnis,
1173 4631 1277 4705 Kyrie,
1297 4630 1409 4688 eleison
1424 4648 1542 4704 quoque
1566 4638 1634 4690 ante
1655 4631 1812 4690 Dominum

1000 4721 1177 4789 Orationem,
1194 4736 1261 4774 cum
1277 4720 1306 4775 in
1322 4721 1502 4775 aliisdiebas
1516 4720 1812 4794 adomnasregalars

1000 4811 1092 4864 horas
1104 4814 1219 4863 tnneex
1233 4814 1355 4880 utroque
1369 4809 1459 4864 charo
1473 4810 1658 4880 dicamus‚iu
1671 4810 1812 4867 istouaan

1001 4899 1036 4951 ad
1049 4900 1230 4969 uesperaset
1241 4900 1341 4967 matut,
1354 4897 1457 4952 laudes
1466 4895 1814 4955 nonnisitantumadduas

1001 4987 1101 5056 vices3
1117 4985 1196 5057 quod
1212 4987 1297 5041 etiam
1313 5001 1367 5057 per
1381 4989 1593 5042 totumannum
1608 4989 1740 5044 similiter
1750 4990 1820 5039 teno‘

1002 5075 1820 5147 mus.rtemadvasparasetmarut.lauanonaliaeprees

1002 5165 1139 5220 dicuntur
1154 5181 1240 5236 quam
1263 5164 1294 5219 hi
1309 5163 1460 5231 versiculi,
1479 5163 1552 5220 Post
1572 5171 1701 5238 partum.
1721 5165 1824 5220 lucon‘

1003 5261 1105 5327 spectu
1116 5252 1297 5326 aripatornm.

1037 5343 1178 5409 Quamvis
1191 5347 1288 5397 autem
1300 5343 1330 5397 in
1346 5343 1481 5414 sequenti
1494 5343 1542 5398 dia
1555 5343 1591 5398 de
1606 5343 1637 5398 S.
1656 5342 1780 5400 Caesario
1795 5339 1825 5394 et

1002 5434 1038 5488 de
1055 5433 1121 5487 aliis
1132 5432 1244 5486 sanetis
1254 5431 1562 5487 duodecimlaationes
1572 5431 1756 5503 frant‚tamea
1765 5429 1820 5502 past

1003 5519 1675 5593 vesperaspulsatisomnibussignisdiutius,
1684 5525 1824 5576 cantantur

1004 5627 1120 5685 quoque
1134 5626 1268 5682 vesperae
1281 5609 1532 5680 defunctorum,et
1545 5609 1575 5665 in
1590 5612 1679 5667 nocte
1694 5611 1825 5683 postmat.

1004 5701 1107 5757 laudes
1120 5701 1155 5754 de
1165 5698 1308 5754 Omnibus
1323 5697 1440 5755 Sanctis
1447 5697 1578 5755 officium
1587 5698 1678 5756 simul
1690 5716 1757 5758 curn
1765 5703 1826 5755 mat.
