3900 6112
162 309 221 372 943
658 307 796 371 GESTA
816 306 1029 371 austensii
1049 304 1232 368 nestris
1252 304 1386 369 casm.
1827 303 1885 366 944

164 510 302 568 manibus
324 507 399 562 friso
416 506 628 561 decentissime
645 506 823 574 adornatam,
840 490 1037 576 apedibusl
1051 503 1205 575 Ceraptate
1221 504 1309 560 etiam
1328 521 1406 560 aerea
1428 506 1538 574 fusilia,
1564 503 1651 560 valde
1675 502 1814 574 pulchra,
1829 502 1885 558 duo

164 616 236 655 vero
250 596 325 652 frisa
348 593 539 648 nihilominus
559 594 637 662 lists,
655 608 825 647 mensuram
840 593 933 647 ferme
948 609 996 647 cu·
1052 597 1197 665 magnast
1212 609 1304 663 parva
1318 598 1440 664 septem,
1455 610 1545 665 snpra
1565 593 1664 647 dictus
1680 592 1775 646 irater
1787 606 1885 645 secum

164 689 217 744 biti
232 687 263 739 in
279 681 432 737 latitudine
447 682 571 749 habens,
582 682 802 750 circumdatam,
813 681 961 751 simulque
970 684 998 735 et
1053 682 1332 753 aConstantinopoli
1342 682 1699 752 detulit.Fecitpraeterea
1709 679 1884 734 Desiderina

166 775 305 830 amictum
324 784 390 824 cum
413 768 536 833 bruste;
559 769 705 838 pluviales
724 769 798 824 duos
819 784 996 839 purpureos,
1054 774 1082 825 ct
1097 770 1183 824 aliam
1196 770 1310 825 trabem
1324 772 1360 826 de
1376 774 1508 842 argento,
1518 771 1661 826 librarum
1673 769 1794 824 circiter
1808 783 1886 822 sexa·

166 860 307 935 pretiosis
316 859 416 912 aurcis
427 857 503 910 listis
517 862 653 921 ornatos;
670 873 798 927 pannum
807 858 997 913 diarodnnum
1054 860 1144 930 ginta,
1158 859 1303 929 sculptam
1317 859 1509 915 nihilominus
1520 875 1554 913 ac
1564 858 1747 926 deauratam,
1758 872 1846 928 quam
1856 856 1883 910 in

103 974 105 979 ⁴
167 952 303 1007 irisatum
314 963 381 1001 cum
392 948 538 1000 auroante
556 946 661 1000 faciem
678 946 801 1016 majoris
816 947 927 1013 altaris,
944 962 999 1001 nec
1055 946 1884 1018 fornicemajorianteattaresuperquatuorargenteas

167 1056 226 1095 nen
239 1040 267 1092 et
282 1036 402 1107 pallium
417 1051 556 1106 magnum
569 1050 635 1089 cum
650 1034 824 1104 elephantie,
841 1035 920 1105 quod
930 1035 998 1090 dos·
1059 1036 1212 1090 columnas
1227 1051 1264 1090 ox
1278 1039 1360 1106 purte
1368 1036 1517 1090 inauratas
1528 1037 1643 1091 decima
1652 1035 1758 1103 libras,
1771 1037 1799 1090 et
1809 1034 1884 1104 quin·

168 1128 230 1183 sale
244 1125 470 1197 cognominant,
487 1123 624 1193 Englinm
640 1123 857 1194 (Evangelium)
874 1139 940 1177 curn
956 1125 997 1178 ta·
1056 1140 1112 1195 que
1128 1124 1244 1179 cubitos
1270 1124 1431 1179 altitudinis
1455 1124 1599 1180 habentes
1620 1124 1741 1179 locavit.
1768 1122 1846 1177 Fecit
1858 1125 1884 1176 et

166 1216 236 1271 bula
252 1214 333 1268 fusili
347 1212 383 1267 de
398 1215 532 1283 argento,
543 1227 632 1281 opere
645 1213 803 1284 anaglypto
819 1216 847 1266 ct
862 1213 998 1281 pulcher·
1054 1214 1129 1268 duas
1144 1229 1250 1268 cruces
1272 1228 1396 1285 magnas
1417 1218 1576 1284 argenteas
1595 1213 1742 1268 librarum
1758 1227 1812 1283 per
1825 1212 1880 1265 sin-

166 1305 239 1359 rimo
255 1304 412 1370 deaurat03
437 1301 494 1354 dno
517 1317 634 1371 qnoque
655 1302 832 1356 candelabra
848 1307 998 1374 argentea,
1056 1302 1142 1374 gulas
1157 1301 1287 1373 triginta,
1305 1317 1430 1372 quarum
1445 1302 1591 1374 imagines
1600 1301 1745 1356 caelatura
1761 1299 1881 1354 satismi·

168 1408 253 1465 aeque
268 1390 379 1460 fusilia,
396 1390 526 1460 pondere
540 1389 682 1444 librarum
691 1389 856 1445 duedecim.
1055 1390 1137 1444 rifloa
1153 1390 1364 1460 prominerent,
1377 1404 1488 1461 easque
1498 1390 1554 1445 sub
1565 1391 1708 1461 praedicta
1726 1389 1809 1443 trabe
1816 1390 1880 1442 inter

203 1479 344 1534 Basilicas
359 1483 491 1532 ornatus.
514 1507 550 1516 -
571 1477 655 1531 Libet
669 1494 756 1547 nunc,
774 1481 842 1549 past
864 1479 1000 1533 ecclcsiae
1055 1479 1174 1534 easdem
1190 1479 1344 1533 columnas
1359 1478 1428 1533 hinc
1446 1479 1513 1533 inde
1528 1494 1621 1548 super
1633 1494 1818 1533 marmoreos
1832 1477 1879 1531 sti·

168 1569 393 1636 dedicationem,
410 1566 530 1621 residua
551 1567 753 1620 exornationis
777 1567 873 1638 ipsius
888 1567 1001 1621 descri·
1055 1567 1131 1637 pitcs
1147 1568 1257 1622 statuit.
1279 1567 1354 1621 Tres
1375 1583 1464 1636 porro
1482 1567 1621 1622 residuas
1646 1567 1776 1638 majoris
1790 1565 1875 1620 altaris

167 1660 251 1726 bere,
265 1660 297 1710 ut
310 1655 449 1709 licentius
464 1655 605 1723 deinceps
618 1654 770 1709 valeamus
780 1655 926 1709 Desiderii
937 1671 1002 1727 ges·
1056 1657 1147 1710 iacies
1162 1661 1287 1727 argento
1302 1655 1444 1710 librarum
1459 1657 1607 1728 octoginta
1622 1656 1802 1711 etsexbene
1812 1654 1873 1709 scul-

169 1749 219 1815 tis,
234 1749 292 1799 tam
303 1744 333 1797 in
344 1743 489 1811 aedificiis,
501 1758 589 1814 quam
599 1745 626 1796 et
634 1743 663 1796 in
673 1743 739 1796 aliis
750 1744 933 1814 quibuslibet
942 1759 1003 1798 ma·
1056 1747 1103 1815 pto
1119 1758 1154 1799 ac
1177 1745 1317 1799 deaurato
1342 1744 1474 1801 vestivit.
1499 1745 1574 1799 Nam
1595 1744 1782 1815 reliquorum
1803 1744 1872 1797 trium

169 1832 367 1905 gnificentiis,
394 1846 514 1901 operam
531 1831 610 1884 dare.
627 1831 670 1884 ad
694 1832 893 1902 supradictam
913 1833 1004 1904 igitur
1019 1831 1190 1923 Baltarinm
1205 1833 1297 1888 iacies
1312 1833 1463 1888 veteribus
1486 1833 1595 1887 tabulis
1612 1850 1629 1886 a
1644 1833 1743 1888 trihus
1758 1831 1870 1901 partibus

169 1922 282 1993 regium
303 1919 409 1974 urbem
427 1919 585 1989 quomdam
605 1919 641 1973 de
656 1920 799 1975 fratribus
815 1937 881 1975 cnm
896 1922 1002 1977 litteris
1056 1921 1205 1975 adornata>
1219 1924 1302 1986 sunt;
1319 1925 1445 1992 quatuor
1460 1922 1545 1975 etiam
1562 1921 1663 1975 trabes
1678 1922 1799 1991 propter
1811 1919 1869 1973 cibe

170 2011 207 2064 ad
227 2010 443 2078 imperatorem,
461 2011 489 2061 ct
512 2024 583 2062 auro
608 2010 727 2081 triginta
750 2013 778 2065 et
794 2026 847 2065 sex
863 2010 1004 2065 librarum
1057 2010 1135 2064 rium
1163 2009 1264 2063 altaris
1284 2010 1371 2064 simili
1394 2010 1479 2065 modo
1496 2010 1611 2081 sculpto
1636 2010 1867 2064 aodeauratonr·
1903 2048 1905 2061 .

169 2097 301 2169 pondere
316 2096 531 2166 transmittens,
548 2113 667 2152 auream
692 2099 734 2153 ibi
757 2099 786 2151 in
812 2099 913 2153 altaris
929 2099 1003 2155 facie
1059 2101 1147 2170 gente
1157 2098 1345 2153 extrinsecus
1359 2098 1471 2168 induit;
1487 2099 1619 2154 abintus
1635 2114 1707 2153 vero
1723 2097 1821 2167 petalis
1834 2096 1867 2162 (i,
1902 2098 1905 2163 f

169 2186 308 2256 tabulam,
326 2201 394 2239 cum
409 2186 535 2256 gemmis
557 2201 591 2240 ac
616 2187 731 2241 smaltis
753 2187 839 2241 valde
856 2188 1004 2258 speciosis
1056 2187 1186 2256 laminis)
1201 2188 1230 2241 et
1245 2187 1396 2241 coloribus
1413 2186 1606 2256 decoravit,e
1627 2187 1739 2257 quibus
1754 2186 1814 2240 dne
1828 2184 1867 2238 ha·
1900 2178 1905 2295 J

168 2276 278 2347 patrari
288 2273 455 2329 mandavit:
469 2274 577 2345 quibus
593 2275 732 2330 videlicet
744 2276 861 2330 smaltis
876 2276 1005 2331 nonnul·
1056 2276 1126 2330 bent
1141 2275 1258 2330 cubitos
1274 2275 1305 2328 in
1318 2275 1501 2347 longitudine
1517 2290 1571 2330 sex
1581 2274 1676 2330 libras
1685 2275 1790 2346 viginti
1804 2272 1867 2328 etri
1902 2298 1905 2309 ·

169 2366 214 2419 las
230 2363 350 2435 quidem
366 2377 405 2416 ex
419 2361 592 2434 Evangelio,
618 2362 680 2418 iere
697 2370 793 2420 nutem
809 2380 913 2420 omnes
928 2366 1006 2420 beati
1058 2364 1141 2436 ginti,
1158 2364 1224 2418 duae
1239 2379 1311 2418 vero
1327 2365 1392 2418 alia
1409 2363 1525 2418 cubitos
1541 2367 1669 2435 quatuor
1682 2379 1718 2417 ac
1741 2362 1833 2430 semis,
1844 2359 1868 2413 li·

170 2452 323 2509 Benedicti
348 2451 557 2505 miraculorum
582 2452 724 2525 insigniri
754 2454 825 2509 iecit
852 2453 1004 2509 historias.
1058 2454 1129 2507 bras
1144 2453 1249 2524 viginti
1260 2456 1288 2506 et
1296 2452 1420 2524 viginti;
1435 2467 1490 2507 sex
1498 2452 1585 2506 etiam
1596 2452 1776 2506 candelabra
1786 2464 1871 2520 magna

172 2542 265 2607 Quem
279 2542 358 2594 certe
375 2543 509 2593 nostrum
526 2541 706 2595 confratrem
720 2542 880 2612 imperator
895 2543 1005 2597 Roma·
1057 2541 1246 2596 trescubitos
1258 2541 1420 2597 altitudinis
1429 2541 1568 2595 habentia
1576 2541 1612 2595 de
1623 2540 1778 2610 productis
1788 2555 1817 2593 ac
1827 2536 1871 2592 sul·

170 2646 228 2684 nus
243 2629 332 2683 nimis
343 2626 505 2683 honorifice
521 2630 664 2698 suscepit,
682 2633 718 2698 et,
733 2631 862 2700 qnandiu
878 2630 917 2685 ibi
928 2647 1010 2686 man·
1057 2632 1117 2702 ptis
1128 2634 1252 2702 argento
1263 2627 1876 2700 laminisiecit,unn(t'.,aeque)sexvelquia

173 2719 222 2788 sit,
233 2716 359 2770 honeste
371 2733 437 2770 curn
457 2717 521 2770 suis
539 2719 677 2773 omnibus
689 2722 920 2789 reverenterque
930 2724 1007 2774 trac·
1059 2735 1115 2789 que
1126 2720 1279 2788 librarum,
1290 2734 1357 2790 quai
1368 2718 1507 2772 videlicet
1519 2719 1547 2771 in
1559 2718 1647 2772 sestis
1657 2717 1815 2788 praecipuis
1824 2717 1877 2768 anta

172 2807 253 2874 tavit,
268 2809 296 2859 ot
312 2805 454 2876 quidquid
470 2810 709 2861 ornamentorum
725 2807 798 2861 inibi
813 2808 900 2862 vellet
911 2808 1008 2863 efiice-
1023 2811 1149 2907 callare
1164 2809 1194 2862 in
1210 2808 1323 2862 directa
1337 2807 1414 2861 linea
1424 2807 1521 2876 posita
1539 2806 1663 2861 accendi
1676 2821 1745 2859 cum
1761 2802 1880 2858 maximis

172 2911 215 2963 re,
232 2894 414 2965 imperialem
428 2894 455 2948 ei
470 2894 618 2948 licentiam
633 2895 744 2950 tribuit.
768 2896 849 2951 Fecit
864 2897 961 2967 itaque
979 2900 1008 2952 et
1059 2897 1165 2951 iaculis
1184 2896 1320 2951 debeant.
1347 2896 1495 2965 Pulpitum
1509 2911 1628 2965 quoque
1651 2895 1785 2965 ligneum
1798 2892 1831 2946 ad
1843 2891 1880 2944 lc·

173 2983 323 3039 cancellos
343 2987 479 3053 quatuor,
499 2983 606 3038 fusiles
622 3000 658 3039 ex
674 3001 743 3053 sere,
761 2990 827 3040 ente
842 2987 933 3040 altare
949 2985 1006 3041 soi·
1060 2987 1190 3058 gendum
1209 2987 1274 3039 sive
1291 2984 1478 3052 cantandum,
1494 2984 1582 3054 longe
1596 2983 1691 3054 priori
1706 2982 1882 3052 prestantius

173 3075 241 3128 licet
256 3072 325 3127 hinc
340 3072 408 3126 inde
425 3073 501 3127 inter
512 3073 635 3127 chorum
650 3078 678 3127 et
692 3074 811 3145 adytum
821 3074 1005 3140 statuend0s;
1061 3080 1089 3129 et
1101 3073 1279 3128 eminentius
1295 3072 1365 3127 lecit
1381 3073 1409 3125 in
1420 3087 1550 3126 ascensu
1563 3071 1711 3142 graduum
1727 3086 1781 3125 sex
1793 3071 1885 3140 ,idque

173 3162 287 3216 trabem
301 3177 417 3233 qnoque
441 3161 634 3216 nibilominus
660 3162 777 3217 insilcm
800 3179 837 3217 ex
853 3179 923 3231 aare,
941 3179 1007 3217 cum
1062 3163 1191 3218 diversis
1207 3161 1340 3216 colorum
1356 3162 1415 3216 inci
1430 3163 1459 3215 et
1472 3160 1535 3214 auri
1552 3159 1658 3230 petalis
1671 3159 1822 3230 deputabo
1832 3155 1887 3227 pul·

174 3250 361 3306 candelabris
377 3251 733 3322 numeroquinquaginta,
746 3253 776 3306 in
789 3251 1007 3322 quibusutique
1063 3252 1242 3306 cherrimum
1257 3251 1385 3304 reddidit
1402 3266 1408 3305 :
1425 3252 1491 3303 ante
1513 3248 1591 3319 qued
1608 3249 1775 3303 columnam
1789 3260 1888 3318 argen-

173 3339 294 3397 totidem
305 3339 448 3408 cereiper
461 3339 816 3410 festivitatespraecipuas
829 3343 1009 3410 ponerentur
1062 3344 1138 3395 team
1154 3340 1259 3411 viginti
1275 3344 1302 3393 et
1322 3340 1453 3409 quinque
1477 3338 1631 3406 librarum,
1648 3338 1757 3408 partim
1781 3336 1891 3390 deaura-

172 3428 358 3499 lampadibus
379 3428 483 3481 subter
497 3428 526 3480 in
541 3426 628 3481 aereis
650 3429 734 3482 uncis
750 3443 786 3482 ex
802 3429 904 3483 eadem
920 3430 1005 3483 trabe
1062 3433 1121 3484 tam
1136 3429 1172 3482 ad
1188 3429 1306 3482 modum
1327 3429 1426 3498 magni
1450 3425 1629 3495 candelabri,
1652 3441 1710 3481 sex
1735 3426 1889 3481 cubitorum

175 3517 296 3588 triginta
310 3518 340 3569 et
354 3531 409 3569 sex
424 3515 659 3586 dependentibus
668 3535 677 3580 ,·
694 3532 760 3586 qnae
775 3516 912 3571 videlicet
932 3533 1010 3572 aerea
1064 3519 1092 3572 in
1108 3516 1259 3571 altitudine
1279 3516 1403 3584 habens,
1426 3531 1516 3584 supra
1537 3514 1634 3568 basim
1658 3512 1890 3584 porphyreticam

175 3604 287 3673 trabes,
298 3604 386 3658 aereis
398 3603 668 3673 asquebrachiisac
681 3605 817 3659 manibus
834 3609 1007 3677 sustentata,
1064 3607 1174 3675 statuit,
1192 3621 1285 3676 super
1307 3620 1395 3674 qnam
1409 3602 1547 3658 videlicet
1570 3618 1678 3657 cereus
1695 3618 1835 3674 magnus,
1849 3597 1892 3671 qui

175 3693 253 3748 trabi
268 3693 387 3763 ligneae,
404 3707 492 3762 qnam
505 3692 703 3761 pulcherrime
718 3693 814 3763 sculpi
828 3696 856 3749 et
870 3710 942 3748 auro
958 3709 1010 3749 co·
1064 3696 1193 3751 Sabbato
1207 3693 1338 3763 paschali
1354 3693 1576 3748 benedicendus
1590 3694 1648 3761 est,
1660 3689 1890 3746 solemniterda-

176 3783 332 3852 lorumqne
342 3780 418 3834 iucis
430 3780 851 3837 interimiceeratDesiderius
861 3784 1009 3852 exornari,
1064 3784 1132 3839 beat
1147 3782 1278 3837 exaltari.
1295 3782 1378 3836 Fecit
1391 3785 1419 3835 et
1433 3781 1567 3850 pharum,
1584 3780 1614 3833 id
1630 3783 1677 3834 est
1693 3795 1834 3835 coronam
1843 3791 1891 3832 ma·

178 3870 340 3926 commissa
363 3873 418 3940 est,
435 3873 465 3924 et
487 3885 577 3940 supra
603 3886 657 3924 sex
672 3872 824 3926 columnas
841 3878 1010 3944 argenteas,
1066 3872 1184 3942 ximam,
1201 3872 1236 3925 de
1252 3874 1377 3942 argento
1400 3870 1540 3924 librarum
1563 3868 1683 3922 circiter
1703 3874 1832 3938 centnm,
1846 3866 1891 3921 ba·

177 3961 305 4030 quatuor
318 3959 346 4012 ct
362 3958 454 4012 semis
466 3958 496 4012 in
512 3957 664 4014 altitudine
681 3960 797 4014 cubitos
814 3959 967 4028 babentes,
983 3963 1013 4015 ct
1066 3962 1141 4016 bens
1157 3959 1326 4014 incircuitu
1342 3959 1459 4013 cubitos
1474 3957 1579 4029 viginti
1595 3972 1661 4011 cum
1678 3958 1834 4013 duodecim
1842 3960 1889 4010 tar·

178 4052 245 4103 octo
260 4046 353 4101 libras
367 4063 421 4116 per
436 4047 571 4118 singulas
587 4048 615 4102 in
632 4049 698 4117 ipsa
713 4049 797 4103 chori
814 4048 909 4103 fronte
926 4064 1013 4104 cons·
1066 4049 1151 4103 ribus
1166 4047 1355 4103 extrinsecus
1367 4045 1613 4116 prominentibnS,
1625 4061 1681 4099 sex
1692 4048 1722 4101 et
1737 4046 1887 4118 trigintaex

177 4136 264 4204 tituit,
282 4135 338 4190 sub
354 4150 412 4205 qua
427 4134 566 4189 nimirum
591 4137 672 4190 trabe
688 4137 817 4207 quinque
834 4152 957 4191 numero
972 4139 1013 4192 te·
1067 4154 1101 4193 ea
1118 4136 1303 4207 lampadibus
1318 4135 1571 4205 dependentibus,
1588 4150 1716 4205 eamque
1731 4136 1814 4189 extra
1828 4133 1884 4187 cbo·

177 4231 258 4281 retes
278 4226 381 4280 iconas
407 4224 573 4295 suspendit,
599 4225 740 4280 tredecim
764 4240 835 4279 vero
855 4225 1013 4296 quadratas
1067 4242 1132 4281 rum
1148 4230 1215 4280 ante
1231 4239 1350 4278 crucem
1368 4223 1511 4294 majorem
1530 4223 1604 4277 satis
1615 4223 1701 4276 firma
1718 4223 1812 4277 terrea
1822 4223 1882 4274 cate

177 4315 260 4385 paris
275 4329 425 4368 mensurae
436 4329 471 4367 ec
485 4313 627 4382 ponderis
644 4313 773 4384 desuper
787 4315 897 4368 statuit.
909 4314 932 4367 E
947 4315 1014 4386 qui·
1028 4296 1055 4358 D
1068 4332 1115 4385 na,
1129 4319 1242 4385 septem
1254 4313 1402 4368 deauratis
1418 4313 1503 4367 malis
1512 4311 1662 4379 distincta,
1672 4311 1835 4382 suspendit.
1842 4305 1880 4362 ilia

178 4403 237 4458 bus
251 4402 390 4456 videlicet
408 4402 510 4455 decem
527 4417 564 4454 ex
580 4401 731 4473 quadratis
747 4403 908 4472 praedictus
924 4403 1016 4458 irater
1067 4404 1213 4473 tantisper
1228 4403 1263 4457 de
1280 4401 1510 4469 constructione,
1527 4401 1766 4466 consecratione,
1782 4397 1878 4469 partin·

180 4490 257 4560 apud
272 4489 555 4559 Constantinopolim
577 4504 683 4545 crosso
700 4494 822 4562 argento
839 4491 965 4561 sculpsit
980 4506 1016 4546 ae
1069 4491 1321 4563 quedecoratione
1337 4505 1422 4544 novae
1437 4490 1569 4544 basilicae
1584 4489 1736 4559 quomodo
1752 4487 1818 4540 libet
1831 4494 1877 4536 en·

180 4577 341 4648 deauravit,
358 4578 502 4633 habentes
521 4578 725 4650 persingulas
751 4579 816 4633 aliae
831 4579 924 4635 libras
941 4598 1015 4651 qua·
1069 4581 1153 4648 ratis,
1170 4579 1207 4633 ad
1224 4582 1332 4633 caetera
1349 4577 1521 4632 monasterii
1536 4577 1662 4631 aedificia
1678 4565 1876 4646 percompleat·

179 4668 357 4737 tuordecim,
374 4666 439 4720 aliae
459 4667 614 4721 duodecim
635 4683 640 4722 :
658 4669 801 4723 rotundas
825 4686 895 4724 vero
912 4685 1015 4726 omnes
1071 4669 1159 4723 simul
1175 4683 1241 4722 cum
1257 4670 1362 4721 nostro
1377 4666 1530 4720 Desiderio
1547 4665 1675 4720 reditum
1696 4664 1841 4719 iaciamus.

181 4760 323 4830 argentea
332 4755 429 4810 solnm
438 4771 512 4809 urna
522 4759 649 4826 quatuor
661 4757 805 4812 librarum
813 4758 1015 4830 circumdans,
1109 4757 1225 4811 Caetera
1240 4756 1416 4809 monasterii
1436 4753 1572 4809 aedificia.
1587 4783 1625 4792 -
1641 4753 1715 4808 Post
1728 4749 1874 4807 transactam

182 4851 291 4902 caetera
311 4844 462 4900 coloribus
482 4862 516 4898 ac
533 4845 639 4915 figuris
663 4846 784 4918 depingi
800 4863 898 4917 graeca
912 4848 1019 4918 peritia
1071 4834 1876 4919 igitnrsolemnem{basilicadedicationem,cernensllt¹

182 4937 271 5002 fecit;
288 4940 349 4990 tres
364 4950 437 4989 vero
448 4935 520 4989 alias
537 4934 572 4988 de
591 4933 742 5004 quadratis
758 4934 894 5005 ejusdem
909 4937 1018 4991 metalli
1072 4935 1214 5001 siderius,
1231 4932 1330 4986 divina
1345 4933 1522 5001 cooperante
1538 4930 1677 4998 potentia,
1694 4927 1833 4998 simulque
1845 4920 1875 4973 Pr

183 5029 269 5096 atque
294 5040 444 5079 mensurae
472 5023 590 5093 patrari,
619 5038 741 5077 suorum
763 5025 909 5079 artificum
929 5041 1019 5094 opere
1071 5024 1126 5078 tris
1143 5021 1293 5075 Benedicti
1309 5019 1433 5085 meritis,
1451 5018 1548 5073 omnia
1566 5033 1633 5088 quae
1650 5014 1876 5088 coepemtadpr

184 5128 370 5186 nequaquam
394 5112 548 5179 dissimili,
575 5112 748 5166 Desiderius
762 5111 865 5182 jussit.
889 5114 1017 5168 Alteram
1073 5113 1192 5178 lectum,
1208 5100 1874 5180 proutoptaverat,pervenisse,andentiorjaffli

184 5218 302 5275 quoque
313 5203 428 5255 iconam
440 5201 604 5268 rotundam,
619 5216 656 5255 ex
664 5205 787 5272 utraque
798 5205 880 5271 parte
895 5207 1019 5274 argento
1072 5202 1132 5255 imo
1143 5198 1291 5253 valentior
1302 5198 1409 5265 iactus,
1420 5196 1509 5249 totius
1521 5194 1648 5248 caenobii
1658 5195 1799 5248 ambitum
1808 5190 1877 5276 derat

185 5290 309 5344 mirissce
332 5288 448 5360 sculpto
471 5307 504 5344 ac
530 5291 669 5345 deaurato
692 5291 842 5359 vestitam,
870 5293 1019 5362 argenteis
1073 5289 1115 5341 vit
1141 5286 1250 5359 ingenti
1279 5284 1376 5338 animo
1398 5283 1545 5353 spatiare;
1570 5284 1608 5349 et,
1625 5285 1656 5336 ut
1676 5281 1742 5352 jam
1757 5281 1791 5334 da
1805 5276 1877 5344 aliqut

187 5379 275 5432 otiam
289 5376 381 5430 bullis
392 5379 580 5434 extrinsecus
596 5379 624 5432 in
634 5395 708 5450 gyro
724 5379 943 5449 circumdatam,
956 5380 1020 5451 qui·
1073 5379 1130 5432 bus
1147 5376 1266 5442 iecerat,
1283 5373 1413 5443 reliquas
1429 5371 1575 5437 officinas,
1593 5385 1661 5424 cum
1677 5370 1726 5424 bis
1741 5371 1823 5424 etiam
1834 5369 1879 5434 qut

186 5466 253 5518 dam
268 5465 376 5519 nobilis
385 5469 454 5519 trine
465 5467 551 5521 beato
559 5467 835 5538 Benedictoarogia
844 5466 1020 5522 nrbetrans-
1072 5467 1199 5536 ipsemet
1212 5466 1278 5517 ante
1302 5460 1439 5516 ecclesiae
1462 5459 1717 5514 constructionem
1737 5459 1880 5512 construxi

187 5553 290 5608 misit:
312 5553 358 5608 cui
381 5557 568 5623 postmodum
590 5557 697 5610 similis
722 5556 812 5609 altera
833 5554 897 5608 fieri
920 5555 1017 5626 jussa,
1074 5558 1126 5619 rat,
1149 5566 1303 5607 renovare.
1321 5551 1356 5604 Et
1371 5551 1464 5619 primo
1489 5547 1608 5618 quidem
1629 5546 1809 5613 claustrum,
1827 5531 1884 5612 quoi

187 5643 311 5715 utraque
326 5645 418 5700 estin
438 5644 551 5699 ciburio
566 5644 666 5700 altaris
692 5645 760 5700 hinc
776 5644 844 5698 inde
859 5659 1016 5715 suspensa.
1071 5624 1885 5712 tantacongregationiadhucpermodicuinessecoasttt
