<?xml version="1.0" encoding="UTF-8"?>
<!DOCTYPE html PUBLIC "-//W3C//DTD XHTML 1.0 Transitional//EN"
    "http://www.w3.org/TR/xhtml1/DTD/xhtml1-transitional.dtd">
<html xmlns="http://www.w3.org/1999/xhtml" xml:lang="en" lang="en">
 <head>
  <title>
</title>
<meta http-equiv="Content-Type" content="text/html;charset=utf-8" />
  <meta name='ocr-system' content='tesseract 3.04.00' />
  <meta name='ocr-capabilities' content='ocr_page ocr_carea ocr_par ocr_line ocrx_word'/>
</head>
<body>
  <div class='ocr_page' id='page_1' title='image "./patrologiaecurs66unkngoog_0513.png"; bbox 0 0 3908 6112; ppageno 0'>
   <div class='ocr_carea' id='block_1_1' title="bbox 1761 253 1839 318">
    <p class='ocr_par' dir='ltr' id='par_1_1' title="bbox 1761 253 1839 318">
     <span class='ocr_line' id='line_1_1' title="bbox 1761 253 1839 318; baseline 0.013 -1"><span class='ocrx_word' id='word_1_1' title='bbox 1761 253 1839 318; x_wconf 81' lang='lat' dir='ltr'><strong>lale</strong></span> 
     </span>
    </p>
   </div>
   <div class='ocr_carea' id='block_1_2' title="bbox 117 253 1166 318">
    <p class='ocr_par' dir='ltr' id='par_1_2' title="bbox 117 253 1166 318">
     <span class='ocr_line' id='line_1_2' title="bbox 117 253 1166 318; baseline 0.001 -2"><span class='ocrx_word' id='word_1_2' title='bbox 117 254 196 318; x_wconf 82' lang='lat'>1015</span> <span class='ocrx_word' id='word_1_3' title='bbox 764 253 949 317; x_wconf 79' lang='lat' dir='ltr'>VICTORIS</span> <span class='ocrx_word' id='word_1_4' title='bbox 969 253 1014 316; x_wconf 88' lang='grc' dir='ltr'><strong>ΙΙΙ</strong></span> <span class='ocrx_word' id='word_1_5' title='bbox 1034 253 1166 317; x_wconf 84' lang='lat' dir='ltr'><strong>PAPAE.</strong></span> 
     </span>
    </p>
   </div>
   <div class='ocr_carea' id='block_1_3' title="bbox 72 434 1848 3531">
    <p class='ocr_par' dir='ltr' id='par_1_3' title="bbox 72 434 1848 3086">
     <span class='ocr_line' id='line_1_3' title="bbox 154 434 1848 523; baseline -0.001 -16"><span class='ocrx_word' id='word_1_6' title='bbox 154 452 285 509; x_wconf 78' lang='lat' dir='ltr'><strong>Alterius</strong></span> <span class='ocrx_word' id='word_1_7' title='bbox 300 454 393 509; x_wconf 89' lang='lat' dir='ltr'><strong>abbas</strong></span> <span class='ocrx_word' id='word_1_8' title='bbox 409 453 581 508; x_wconf 89' lang='lat' dir='ltr'><strong>monasterii</strong></span> <span class='ocrx_word' id='word_1_9' title='bbox 596 451 712 508; x_wconf 82' lang='lat' dir='ltr'><strong>Sanctae</strong></span> <span class='ocrx_word' id='word_1_10' title='bbox 727 452 878 507; x_wconf 78' lang='lat' dir='ltr'><strong>Trinitatis</strong></span> <span class='ocrx_word' id='word_1_11' title='bbox 894 434 988 523; x_wconf 69' lang='grc' dir='ltr'>(88)Α</span> <span class='ocrx_word' id='word_1_12' title='bbox 1006 451 1137 523; x_wconf 86' lang='lat' dir='ltr'><strong>mihique</strong></span> <span class='ocrx_word' id='word_1_13' title='bbox 1151 454 1182 506; x_wconf 91' lang='lat' dir='ltr'><strong>ut</strong></span> <span class='ocrx_word' id='word_1_14' title='bbox 1205 452 1251 507; x_wconf 92' lang='lat' dir='ltr'><strong>eis</strong></span> <span class='ocrx_word' id='word_1_15' title='bbox 1266 467 1410 523; x_wconf 90' lang='lat' dir='ltr'><strong>apponam</strong></span> <span class='ocrx_word' id='word_1_16' title='bbox 1429 453 1561 523; x_wconf 90' lang='lat' dir='ltr'><strong>deporta.</strong></span> <span class='ocrx_word' id='word_1_17' title='bbox 1581 450 1723 508; x_wconf 74' lang='lat' dir='ltr'><strong>Cucurrit</strong></span> <span class='ocrx_word' id='word_1_18' title='bbox 1737 451 1787 507; x_wconf 90' lang='lat' dir='ltr'><strong>ille</strong></span> <span class='ocrx_word' id='word_1_19' title='bbox 1801 454 1848 521; x_wconf 78' lang='lat' dir='ltr'><strong>et,</strong></span> 
     </span>
     <span class='ocr_line' id='line_1_4' title="bbox 118 540 1840 613; baseline -0.002 -16"><span class='ocrx_word' id='word_1_20' title='bbox 118 543 155 597; x_wconf 91' lang='lat' dir='ltr'><strong>ab</strong></span> <span class='ocrx_word' id='word_1_21' title='bbox 172 543 237 613; x_wconf 91' lang='lat' dir='ltr'><strong>ipso</strong></span> <span class='ocrx_word' id='word_1_22' title='bbox 253 544 282 597; x_wconf 93' lang='lat' dir='ltr'><strong>in</strong></span> <span class='ocrx_word' id='word_1_23' title='bbox 296 542 386 597; x_wconf 91' lang='lat' dir='ltr'><strong>latero</strong></span> <span class='ocrx_word' id='word_1_24' title='bbox 403 542 511 596; x_wconf 88' lang='lat' dir='ltr'><strong>montis</strong></span> <span class='ocrx_word' id='word_1_25' title='bbox 526 542 671 609; x_wconf 86' lang='lat' dir='ltr'><strong>aedificali,</strong></span> <span class='ocrx_word' id='word_1_26' title='bbox 687 543 737 613; x_wconf 92' lang='lat' dir='ltr'><strong>qui</strong></span> <span class='ocrx_word' id='word_1_27' title='bbox 758 543 833 596; x_wconf 89' lang='lat' dir='ltr'><strong>inter</strong></span> <span class='ocrx_word' id='word_1_28' title='bbox 847 542 946 596; x_wconf 85' lang='lat' dir='ltr'><strong>Saler—</strong></span> <span class='ocrx_word' id='word_1_29' title='bbox 1007 541 1085 595; x_wconf 90' lang='lat' dir='ltr'><strong>sieut</strong></span> <span class='ocrx_word' id='word_1_30' title='bbox 1099 541 1157 595; x_wconf 92' lang='lat' dir='ltr'><strong>sibi</strong></span> <span class='ocrx_word' id='word_1_31' title='bbox 1171 540 1266 595; x_wconf 89' lang='lat' dir='ltr'><strong>fuerat</strong></span> <span class='ocrx_word' id='word_1_32' title='bbox 1280 542 1466 611; x_wconf 91' lang='lat' dir='ltr'><strong>imperatum,</strong></span> <span class='ocrx_word' id='word_1_33' title='bbox 1482 558 1537 596; x_wconf 90' lang='lat' dir='ltr'><strong>ova</strong></span> <span class='ocrx_word' id='word_1_34' title='bbox 1552 541 1679 610; x_wconf 82' lang='lat' dir='ltr'><strong>decoxit,</strong></span> <span class='ocrx_word' id='word_1_35' title='bbox 1697 542 1795 612; x_wconf 91' lang='lat' dir='ltr'><strong>eique,</strong></span> <span class='ocrx_word' id='word_1_36' title='bbox 1809 544 1840 594; x_wconf 93' lang='lat' dir='ltr'><strong>ut</strong></span> 
     </span>
     <span class='ocr_line' id='line_1_5' title="bbox 121 630 1837 701; baseline -0.001 -16"><span class='ocrx_word' id='word_1_37' title='bbox 121 632 248 686; x_wconf 87' lang='lat' dir='ltr'><strong>nitanam</strong></span> <span class='ocrx_word' id='word_1_38' title='bbox 263 631 534 701; x_wconf 79' lang='lat' dir='ltr'><strong>etAmalpltitanam</strong></span> <span class='ocrx_word' id='word_1_39' title='bbox 549 631 683 685; x_wconf 88' lang='lat' dir='ltr'><strong>civitates</strong></span> <span class='ocrx_word' id='word_1_40' title='bbox 699 631 852 700; x_wconf 79' lang='lat' dir='ltr'><strong>praeminet</strong></span> <span class='ocrx_word' id='word_1_41' title='bbox 864 633 949 701; x_wconf 89' lang='lat' dir='ltr'><strong>mari,</strong></span> <span class='ocrx_word' id='word_1_42' title='bbox 1005 634 1198 700; x_wconf 71' lang='lat' dir='ltr'><strong>praeceperat,</strong></span> <span class='ocrx_word' id='word_1_43' title='bbox 1211 630 1323 685; x_wconf 91' lang='lat' dir='ltr'><strong>detulit.</strong></span> <span class='ocrx_word' id='word_1_44' title='bbox 1340 630 1394 695; x_wconf 92' lang='lat' dir='ltr'><strong>Qui</strong></span> <span class='ocrx_word' id='word_1_45' title='bbox 1410 630 1569 701; x_wconf 87' lang='lat' dir='ltr'><strong>accipiens,</strong></span> <span class='ocrx_word' id='word_1_46' title='bbox 1586 630 1748 698; x_wconf 76' lang='lat' dir='ltr'><strong>benedixit,</strong></span> <span class='ocrx_word' id='word_1_47' title='bbox 1762 631 1791 685; x_wconf 89' lang='lat' dir='ltr'><strong>et</strong></span> <span class='ocrx_word' id='word_1_48' title='bbox 1802 644 1837 684; x_wconf 87' lang='lat' dir='ltr'><strong>ex</strong></span> 
     </span>
     <span class='ocr_line' id='line_1_6' title="bbox 120 717 1839 791; baseline -0.001 -17"><span class='ocrx_word' id='word_1_49' title='bbox 120 721 231 774; x_wconf 82' lang='lat' dir='ltr'><strong>exstitit</strong></span> <span class='ocrx_word' id='word_1_50' title='bbox 249 737 254 775; x_wconf 92' lang='lat'>:</span> <span class='ocrx_word' id='word_1_51' title='bbox 273 720 360 791; x_wconf 80' lang='lat' dir='ltr'><strong>eujus</strong></span> <span class='ocrx_word' id='word_1_52' title='bbox 375 720 545 790; x_wconf 87' lang='lat' dir='ltr'><strong>religiosam</strong></span> <span class='ocrx_word' id='word_1_53' title='bbox 560 735 594 773; x_wconf 90' lang='lat' dir='ltr'><strong>ac</strong></span> <span class='ocrx_word' id='word_1_54' title='bbox 615 720 674 774; x_wconf 92' lang='lat' dir='ltr'><strong>Deo</strong></span> <span class='ocrx_word' id='word_1_55' title='bbox 691 719 846 773; x_wconf 80' lang='lat' dir='ltr'><strong>amabilem</strong></span> <span class='ocrx_word' id='word_1_56' title='bbox 861 721 949 775; x_wconf 90' lang='lat' dir='ltr'><strong>vitam</strong></span> <span class='ocrx_word' id='word_1_57' title='bbox 1005 720 1134 791; x_wconf 90' lang='lat' dir='ltr'><strong>quinque</strong></span> <span class='ocrx_word' id='word_1_58' title='bbox 1150 719 1225 787; x_wconf 83' lang='lat' dir='ltr'><strong>avie,</strong></span> <span class='ocrx_word' id='word_1_59' title='bbox 1243 722 1356 789; x_wconf 87' lang='lat' dir='ltr'><strong>septem</strong></span> <span class='ocrx_word' id='word_1_60' title='bbox 1371 719 1454 790; x_wconf 90' lang='lat' dir='ltr'><strong>viris,</strong></span> <span class='ocrx_word' id='word_1_61' title='bbox 1467 718 1545 790; x_wconf 93' lang='lat' dir='ltr'><strong>quod</strong></span> <span class='ocrx_word' id='word_1_62' title='bbox 1560 719 1695 774; x_wconf 90' lang='lat' dir='ltr'><strong>mirabile</strong></span> <span class='ocrx_word' id='word_1_63' title='bbox 1710 721 1767 789; x_wconf 88' lang='lat' dir='ltr'><strong>est,</strong></span> <span class='ocrx_word' id='word_1_64' title='bbox 1782 717 1839 772; x_wconf 92' lang='lat' dir='ltr'><strong>sin·</strong></span> 
     </span>
     <span class='ocr_line' id='line_1_7' title="bbox 119 807 1370 884; baseline -0.001 -21"><span class='ocrx_word' id='word_1_65' title='bbox 119 810 226 884; x_wconf 82' lang='lat' dir='ltr'><strong>etipse</strong></span> <span class='ocrx_word' id='word_1_66' title='bbox 242 825 278 862; x_wconf 84' lang='lat' dir='ltr'><strong>ex</strong></span> <span class='ocrx_word' id='word_1_67' title='bbox 302 811 384 878; x_wconf 89' lang='lat' dir='ltr'><strong>parte</strong></span> <span class='ocrx_word' id='word_1_68' title='bbox 400 809 470 877; x_wconf 90' lang='lat' dir='ltr'><strong>vidi,</strong></span> <span class='ocrx_word' id='word_1_69' title='bbox 493 809 542 879; x_wconf 90' lang='lat' dir='ltr'><strong>qui</strong></span> <span class='ocrx_word' id='word_1_70' title='bbox 558 809 633 877; x_wconf 90' lang='lat' dir='ltr'><strong>apud</strong></span> <span class='ocrx_word' id='word_1_71' title='bbox 658 823 724 862; x_wconf 88' lang='lat' dir='ltr'><strong>cunr</strong></span> <span class='ocrx_word' id='word_1_72' title='bbox 741 809 950 878; x_wconf 90' lang='lat' dir='ltr'><strong>aliquantulum</strong></span> <span class='ocrx_word' id='word_1_73' title='bbox 1005 807 1085 879; x_wconf 90' lang='lat' dir='ltr'><strong>gulis</strong></span> <span class='ocrx_word' id='word_1_74' title='bbox 1100 808 1219 880; x_wconf 90' lang='lat' dir='ltr'><strong>singula</strong></span> <span class='ocrx_word' id='word_1_75' title='bbox 1234 809 1370 877; x_wconf 71' lang='lat' dir='ltr'><strong>praebuit,</strong></span> 
     </span>
     <span class='ocr_line' id='line_1_8' title="bbox 119 895 1836 967; baseline 0 -17"><span class='ocrx_word' id='word_1_76' title='bbox 119 897 301 951; x_wconf 78' lang='lat' dir='ltr'><strong>familiariter</strong></span> <span class='ocrx_word' id='word_1_77' title='bbox 316 899 421 964; x_wconf 90' lang='lat' dir='ltr'><strong>mansi,</strong></span> <span class='ocrx_word' id='word_1_78' title='bbox 434 900 462 950; x_wconf 89' lang='lat' dir='ltr'><strong>et</strong></span> <span class='ocrx_word' id='word_1_79' title='bbox 472 896 537 950; x_wconf 88' lang='lat' dir='ltr'><strong>aliis</strong></span> <span class='ocrx_word' id='word_1_80' title='bbox 549 897 745 950; x_wconf 85' lang='lat' dir='ltr'><strong>referentibus</strong></span> <span class='ocrx_word' id='word_1_81' title='bbox 758 898 877 967; x_wconf 91' lang='lat' dir='ltr'><strong>agnovi.</strong></span> <span class='ocrx_word' id='word_1_82' title='bbox 895 897 950 950; x_wconf 81' lang='lat' dir='ltr'><strong>lli·</strong></span> <span class='ocrx_word' id='word_1_83' title='bbox 1045 895 1307 966; x_wconf 75' lang='lat' dir='ltr'><strong>TlrecplrilusCum</strong></span> <span class='ocrx_word' id='word_1_84' title='bbox 1323 900 1436 967; x_wconf 88' lang='lat' dir='ltr'><strong>septem</strong></span> <span class='ocrx_word' id='word_1_85' title='bbox 1445 897 1600 952; x_wconf 88' lang='lat' dir='ltr'><strong>distributa</strong></span> <span class='ocrx_word' id='word_1_86' title='bbox 1611 896 1784 952; x_wconf 87' lang='lat' dir='ltr'><strong>hominibus</strong></span> <span class='ocrx_word' id='word_1_87' title='bbox 1795 896 1836 951; x_wconf 91' lang='lat' dir='ltr'><strong>sie</strong></span> 
     </span>
     <span class='ocr_line' id='line_1_9' title="bbox 118 984 1835 1057; baseline 0 -19"><span class='ocrx_word' id='word_1_88' title='bbox 118 986 250 1040; x_wconf 81' lang='lat' dir='ltr'><strong>naculum</strong></span> <span class='ocrx_word' id='word_1_89' title='bbox 265 1002 335 1039; x_wconf 90' lang='lat' dir='ltr'><strong>vere</strong></span> <span class='ocrx_word' id='word_1_90' title='bbox 351 986 429 1055; x_wconf 83' lang='lat' dir='ltr'><strong>quorl</strong></span> <span class='ocrx_word' id='word_1_91' title='bbox 450 984 548 1037; x_wconf 89' lang='lat' dir='ltr'><strong>divina</strong></span> <span class='ocrx_word' id='word_1_92' title='bbox 566 985 660 1039; x_wconf 87' lang='lat' dir='ltr'><strong>virtus</strong></span> <span class='ocrx_word' id='word_1_93' title='bbox 681 986 711 1039; x_wconf 90' lang='lat' dir='ltr'><strong>in</strong></span> <span class='ocrx_word' id='word_1_94' title='bbox 727 999 761 1038; x_wconf 90' lang='lat' dir='ltr'><strong>eo</strong></span> <span class='ocrx_word' id='word_1_95' title='bbox 777 986 893 1054; x_wconf 91' lang='lat' dir='ltr'><strong>operari</strong></span> <span class='ocrx_word' id='word_1_96' title='bbox 909 986 951 1039; x_wconf 92' lang='lat' dir='ltr'><strong>di·</strong></span> <span class='ocrx_word' id='word_1_97' title='bbox 1006 985 1109 1055; x_wconf 83' lang='lat' dir='ltr'><strong>augeri</strong></span> <span class='ocrx_word' id='word_1_98' title='bbox 1129 985 1259 1055; x_wconf 90' lang='lat' dir='ltr'><strong>quinque</strong></span> <span class='ocrx_word' id='word_1_99' title='bbox 1275 1002 1330 1039; x_wconf 90' lang='lat' dir='ltr'><strong>ova</strong></span> <span class='ocrx_word' id='word_1_100' title='bbox 1356 987 1523 1054; x_wconf 90' lang='lat' dir='ltr'><strong>considero,</strong></span> <span class='ocrx_word' id='word_1_101' title='bbox 1539 988 1569 1040; x_wconf 92' lang='lat' dir='ltr'><strong>ut</strong></span> <span class='ocrx_word' id='word_1_102' title='bbox 1591 985 1704 1057; x_wconf 79' lang='lat' dir='ltr'><strong>singuli</strong></span> <span class='ocrx_word' id='word_1_103' title='bbox 1721 985 1835 1056; x_wconf 87' lang='lat' dir='ltr'><strong>singula</strong></span> 
     </span>
     <span class='ocr_line' id='line_1_10' title="bbox 119 1073 1835 1146; baseline 0.001 -18"><span class='ocrx_word' id='word_1_104' title='bbox 119 1078 208 1146; x_wconf 87' lang='lat' dir='ltr'><strong>gnata</strong></span> <span class='ocrx_word' id='word_1_105' title='bbox 222 1077 277 1140; x_wconf 90' lang='lat' dir='ltr'><strong>est,</strong></span> <span class='ocrx_word' id='word_1_106' title='bbox 288 1075 424 1145; x_wconf 90' lang='lat' dir='ltr'><strong>quodque</strong></span> <span class='ocrx_word' id='word_1_107' title='bbox 439 1090 456 1127; x_wconf 92' lang='lat' dir='ltr'><strong>a</strong></span> <span class='ocrx_word' id='word_1_108' title='bbox 471 1073 697 1143; x_wconf 85' lang='lat' dir='ltr'><strong>quamplurimis</strong></span> <span class='ocrx_word' id='word_1_109' title='bbox 719 1073 817 1141; x_wconf 86' lang='lat' dir='ltr'><strong>didici,</strong></span> <span class='ocrx_word' id='word_1_110' title='bbox 834 1091 952 1144; x_wconf 83' lang='lat' dir='ltr'><strong>aequum</strong></span> <span class='ocrx_word' id='word_1_111' title='bbox 1005 1073 1112 1144; x_wconf 88' lang='lat' dir='ltr'><strong>aequali</strong></span> <span class='ocrx_word' id='word_1_112' title='bbox 1128 1077 1207 1128; x_wconf 86' lang='lat' dir='ltr'><strong>sorte</strong></span> <span class='ocrx_word' id='word_1_113' title='bbox 1223 1075 1375 1143; x_wconf 89' lang='lat' dir='ltr'><strong>accipiant,</strong></span> <span class='ocrx_word' id='word_1_114' title='bbox 1392 1075 1463 1129; x_wconf 92' lang='lat' dir='ltr'><strong>illud</strong></span> <span class='ocrx_word' id='word_1_115' title='bbox 1479 1074 1694 1145; x_wconf 87' lang='lat' dir='ltr'><strong>quodammodo</strong></span> <span class='ocrx_word' id='word_1_116' title='bbox 1710 1075 1835 1129; x_wconf 87' lang='lat' dir='ltr'><strong>miracu·</strong></span> 
     </span>
     <span class='ocr_line' id='line_1_11' title="bbox 120 1161 1835 1234; baseline 0.001 -18"><span class='ocrx_word' id='word_1_117' title='bbox 120 1167 167 1218; x_wconf 91' lang='lat' dir='ltr'><strong>est</strong></span> <span class='ocrx_word' id='word_1_118' title='bbox 178 1163 295 1217; x_wconf 86' lang='lat' dir='ltr'><strong>silentio</strong></span> <span class='ocrx_word' id='word_1_119' title='bbox 306 1178 365 1217; x_wconf 94' lang='lat' dir='ltr'><strong>non</strong></span> <span class='ocrx_word' id='word_1_120' title='bbox 373 1163 512 1216; x_wconf 88' lang='lat' dir='ltr'><strong>transire.</strong></span> <span class='ocrx_word' id='word_1_121' title='bbox 533 1162 666 1231; x_wconf 91' lang='lat' dir='ltr'><strong>Denique</strong></span> <span class='ocrx_word' id='word_1_122' title='bbox 680 1161 749 1215; x_wconf 92' lang='lat' dir='ltr'><strong>dum</strong></span> <span class='ocrx_word' id='word_1_123' title='bbox 765 1163 889 1232; x_wconf 89' lang='lat' dir='ltr'><strong>quadam</strong></span> <span class='ocrx_word' id='word_1_124' title='bbox 900 1179 953 1232; x_wconf 90' lang='lat' dir='ltr'><strong>pro</strong></span> <span class='ocrx_word' id='word_1_125' title='bbox 1004 1163 1064 1215; x_wconf 92' lang='lat' dir='ltr'><strong>lum</strong></span> <span class='ocrx_word' id='word_1_126' title='bbox 1079 1162 1175 1232; x_wconf 90' lang='lat' dir='ltr'><strong>video,</strong></span> <span class='ocrx_word' id='word_1_127' title='bbox 1188 1179 1246 1232; x_wconf 92' lang='lat' dir='ltr'><strong>quo</strong></span> <span class='ocrx_word' id='word_1_128' title='bbox 1258 1164 1370 1218; x_wconf 77' lang='lat' dir='ltr'><strong>Auctor</strong></span> <span class='ocrx_word' id='word_1_129' title='bbox 1378 1164 1506 1218; x_wconf 93' lang='lat' dir='ltr'><strong>omnium</strong></span> <span class='ocrx_word' id='word_1_130' title='bbox 1521 1164 1557 1218; x_wconf 93' lang='lat' dir='ltr'><strong>de</strong></span> <span class='ocrx_word' id='word_1_131' title='bbox 1571 1164 1703 1234; x_wconf 91' lang='lat' dir='ltr'><strong>quinque</strong></span> <span class='ocrx_word' id='word_1_132' title='bbox 1713 1163 1835 1233; x_wconf 85' lang='lat' dir='ltr'><strong>panibus</strong></span> 
     </span>
     <span class='ocr_line' id='line_1_12' title="bbox 72 1247 1833 1322; baseline -0.002 -16"><span class='ocrx_word' id='word_1_133' title='bbox 72 1252 78 1257; x_wconf 79' lang='grc'><strong>’</strong></span> <span class='ocrx_word' id='word_1_134' title='bbox 118 1252 240 1306; x_wconf 87' lang='lat' dir='ltr'><strong>utilitate</strong></span> <span class='ocrx_word' id='word_1_135' title='bbox 255 1252 428 1306; x_wconf 90' lang='lat' dir='ltr'><strong>monasterii</strong></span> <span class='ocrx_word' id='word_1_136' title='bbox 443 1250 655 1305; x_wconf 86' lang='lat' dir='ltr'><strong>Salernitanam</strong></span> <span class='ocrx_word' id='word_1_137' title='bbox 670 1252 774 1305; x_wconf 89' lang='lat' dir='ltr'><strong>urbem</strong></span> <span class='ocrx_word' id='word_1_138' title='bbox 790 1252 883 1305; x_wconf 91' lang='lat' dir='ltr'><strong>adiret</strong></span> <span class='ocrx_word' id='word_1_139' title='bbox 901 1267 953 1321; x_wconf 89' lang='lat' dir='ltr'><strong>per</strong></span> <span class='ocrx_word' id='word_1_140' title='bbox 1005 1251 1134 1321; x_wconf 91' lang='lat' dir='ltr'><strong>quinque</strong></span> <span class='ocrx_word' id='word_1_141' title='bbox 1151 1251 1239 1304; x_wconf 91' lang='lat' dir='ltr'><strong>millia</strong></span> <span class='ocrx_word' id='word_1_142' title='bbox 1255 1251 1407 1306; x_wconf 88' lang='lat' dir='ltr'><strong>hominum</strong></span> <span class='ocrx_word' id='word_1_143' title='bbox 1421 1253 1565 1307; x_wconf 89' lang='lat' dir='ltr'><strong>saturavit</strong></span> <span class='ocrx_word' id='word_1_144' title='bbox 1586 1251 1707 1322; x_wconf 80' lang='lat' dir='ltr'><strong>(Mattfr.</strong></span> <span class='ocrx_word' id='word_1_145' title='bbox 1725 1267 1783 1320; x_wconf 87' lang='lat' dir='ltr'><strong>xvr,</strong></span> <span class='ocrx_word' id='word_1_146' title='bbox 1798 1247 1833 1319; x_wconf 85' lang='lat'><strong>9).</strong></span> 
     </span>
     <span class='ocr_line' id='line_1_13' title="bbox 119 1338 1834 1419; baseline 0 -26"><span class='ocrx_word' id='word_1_147' title='bbox 119 1341 195 1394; x_wconf 88' lang='lat' dir='ltr'><strong>viam</strong></span> <span class='ocrx_word' id='word_1_148' title='bbox 209 1341 328 1409; x_wconf 85' lang='lat' dir='ltr'><strong>pvaecisi</strong></span> <span class='ocrx_word' id='word_1_149' title='bbox 345 1340 452 1394; x_wconf 91' lang='lat' dir='ltr'><strong>montis</strong></span> <span class='ocrx_word' id='word_1_150' title='bbox 470 1340 620 1419; x_wconf 76' lang='lat' dir='ltr'><strong>gradiens,</strong></span> <span class='ocrx_word' id='word_1_151' title='bbox 637 1339 777 1393; x_wconf 87' lang='lat' dir='ltr'><strong>deorsum</strong></span> <span class='ocrx_word' id='word_1_152' title='bbox 794 1355 860 1393; x_wconf 90' lang='lat' dir='ltr'><strong>cum</strong></span> <span class='ocrx_word' id='word_1_153' title='bbox 875 1355 951 1410; x_wconf 88' lang='lat' dir='ltr'><strong>equo</strong></span> <span class='ocrx_word' id='word_1_154' title='bbox 1042 1339 1232 1394; x_wconf 75' lang='lat' dir='ltr'><strong>Desiderins</strong></span> <span class='ocrx_word' id='word_1_155' title='bbox 1247 1339 1344 1394; x_wconf 77' lang='lat' dir='ltr'><strong>Amita</strong></span> <span class='ocrx_word' id='word_1_156' title='bbox 1358 1341 1451 1409; x_wconf 90' lang='lat' dir='ltr'><strong>patris</strong></span> <span class='ocrx_word' id='word_1_157' title='bbox 1462 1341 1519 1395; x_wconf 93' lang='lat' dir='ltr'><strong>mei</strong></span> <span class='ocrx_word' id='word_1_158' title='bbox 1534 1340 1601 1410; x_wconf 84' lang='grc'>(85),</span> <span class='ocrx_word' id='word_1_159' title='bbox 1612 1339 1696 1394; x_wconf 89' lang='lat' dir='ltr'><strong>Bella</strong></span> <span class='ocrx_word' id='word_1_160' title='bbox 1711 1338 1834 1406; x_wconf 88' lang='lat' dir='ltr'><strong>nomine,</strong></span> 
     </span>
     <span class='ocr_line' id='line_1_14' title="bbox 119 1426 1836 1500; baseline -0.001 -17"><span class='ocrx_word' id='word_1_161' title='bbox 119 1444 177 1500; x_wconf 93' lang='lat' dir='ltr'><strong>quo</strong></span> <span class='ocrx_word' id='word_1_162' title='bbox 192 1429 314 1484; x_wconf 89' lang='lat' dir='ltr'><strong>sedehat</strong></span> <span class='ocrx_word' id='word_1_163' title='bbox 329 1444 381 1497; x_wconf 89' lang='lat' dir='ltr'><strong>per</strong></span> <span class='ocrx_word' id='word_1_164' title='bbox 396 1429 521 1481; x_wconf 89' lang='lat' dir='ltr'><strong>immane</strong></span> <span class='ocrx_word' id='word_1_165' title='bbox 532 1426 727 1496; x_wconf 75' lang='lat' dir='ltr'><strong>praecipitium</strong></span> <span class='ocrx_word' id='word_1_166' title='bbox 739 1427 861 1482; x_wconf 91' lang='lat' dir='ltr'><strong>eccidit:</strong></span> <span class='ocrx_word' id='word_1_167' title='bbox 874 1429 952 1498; x_wconf 92' lang='lat' dir='ltr'><strong>quod</strong></span> <span class='ocrx_word' id='word_1_168' title='bbox 1005 1427 1035 1481; x_wconf 93' lang='lat' dir='ltr'><strong>in</strong></span> <span class='ocrx_word' id='word_1_169' title='bbox 1049 1428 1228 1482; x_wconf 91' lang='lat' dir='ltr'><strong>monasterio</strong></span> <span class='ocrx_word' id='word_1_170' title='bbox 1242 1428 1321 1483; x_wconf 89' lang='lat' dir='ltr'><strong>Beati</strong></span> <span class='ocrx_word' id='word_1_171' title='bbox 1339 1429 1418 1484; x_wconf 89' lang='lat' dir='ltr'><strong>Petri</strong></span> <span class='ocrx_word' id='word_1_172' title='bbox 1433 1430 1559 1500; x_wconf 89' lang='lat' dir='ltr'><strong>apostoli</strong></span> <span class='ocrx_word' id='word_1_173' title='bbox 1568 1429 1644 1483; x_wconf 89' lang='lat' dir='ltr'><strong>intra</strong></span> <span class='ocrx_word' id='word_1_174' title='bbox 1661 1429 1836 1482; x_wconf 85' lang='lat' dir='ltr'><strong>Beneventa-</strong></span> 
     </span>
     <span class='ocr_line' id='line_1_15' title="bbox 118 1515 1835 1587; baseline -0.002 -15"><span class='ocrx_word' id='word_1_175' title='bbox 118 1520 197 1572; x_wconf 87' lang='lat' dir='ltr'><strong>tanta</strong></span> <span class='ocrx_word' id='word_1_176' title='bbox 213 1517 362 1572; x_wconf 87' lang='lat' dir='ltr'><strong>altitudine</strong></span> <span class='ocrx_word' id='word_1_177' title='bbox 375 1518 447 1570; x_wconf 90' lang='lat' dir='ltr'><strong>mari</strong></span> <span class='ocrx_word' id='word_1_178' title='bbox 463 1516 641 1586; x_wconf 78' lang='lat' dir='ltr'><strong>superjacet,</strong></span> <span class='ocrx_word' id='word_1_179' title='bbox 653 1518 684 1570; x_wconf 93' lang='lat' dir='ltr'><strong>ut</strong></span> <span class='ocrx_word' id='word_1_180' title='bbox 697 1516 910 1587; x_wconf 81' lang='lat' dir='ltr'><strong>quinquaginta</strong></span> <span class='ocrx_word' id='word_1_181' title='bbox 925 1521 953 1571; x_wconf 91' lang='lat' dir='ltr'><strong>et</strong></span> <span class='ocrx_word' id='word_1_182' title='bbox 1004 1532 1070 1570; x_wconf 90' lang='lat' dir='ltr'><strong>nam</strong></span> <span class='ocrx_word' id='word_1_183' title='bbox 1086 1517 1189 1570; x_wconf 91' lang='lat' dir='ltr'><strong>urbem</strong></span> <span class='ocrx_word' id='word_1_184' title='bbox 1214 1518 1320 1586; x_wconf 89' lang='lat' dir='ltr'><strong>posito,</strong></span> <span class='ocrx_word' id='word_1_185' title='bbox 1345 1517 1375 1570; x_wconf 92' lang='lat' dir='ltr'><strong>in</strong></span> <span class='ocrx_word' id='word_1_186' title='bbox 1391 1517 1606 1572; x_wconf 85' lang='lat' dir='ltr'><strong>sanctimoniali</strong></span> <span class='ocrx_word' id='word_1_187' title='bbox 1621 1516 1724 1571; x_wconf 93' lang='lat' dir='ltr'><strong>habitu</strong></span> <span class='ocrx_word' id='word_1_188' title='bbox 1745 1515 1835 1586; x_wconf 86' lang='lat' dir='ltr'><strong>apri·</strong></span> 
     </span>
     <span class='ocr_line' id='line_1_16' title="bbox 119 1604 1836 1677; baseline -0.003 -15"><span class='ocrx_word' id='word_1_189' title='bbox 119 1606 287 1677; x_wconf 90' lang='lat' dir='ltr'><strong>eoamplius</strong></span> <span class='ocrx_word' id='word_1_190' title='bbox 298 1622 407 1676; x_wconf 88' lang='lat' dir='ltr'><strong>passus</strong></span> <span class='ocrx_word' id='word_1_191' title='bbox 420 1607 449 1660; x_wconf 90' lang='lat' dir='ltr'><strong>in</strong></span> <span class='ocrx_word' id='word_1_192' title='bbox 460 1606 550 1660; x_wconf 91' lang='lat' dir='ltr'><strong>altum</strong></span> <span class='ocrx_word' id='word_1_193' title='bbox 560 1604 703 1673; x_wconf 86' lang='lat' dir='ltr'><strong>praetendi</strong></span> <span class='ocrx_word' id='word_1_194' title='bbox 713 1604 860 1659; x_wconf 88' lang='lat' dir='ltr'><strong>videatur.</strong></span> <span class='ocrx_word' id='word_1_195' title='bbox 878 1607 952 1659; x_wconf 90' lang='lat' dir='ltr'><strong>Dum</strong></span> <span class='ocrx_word' id='word_1_196' title='bbox 1004 1620 1099 1659; x_wconf 90' lang='lat' dir='ltr'><strong>maevo</strong></span> <span class='ocrx_word' id='word_1_197' title='bbox 1111 1605 1244 1676; x_wconf 65' lang='lat' dir='ltr'><strong>laventis</strong></span> <span class='ocrx_word' id='word_1_198' title='bbox 1261 1606 1333 1660; x_wconf 89' lang='lat' dir='ltr'><strong>liora</strong></span> <span class='ocrx_word' id='word_1_199' title='bbox 1349 1622 1444 1677; x_wconf 93' lang='lat' dir='ltr'><strong>usque</strong></span> <span class='ocrx_word' id='word_1_200' title='bbox 1459 1606 1496 1661; x_wconf 91' lang='lat' dir='ltr'><strong>ad</strong></span> <span class='ocrx_word' id='word_1_201' title='bbox 1508 1607 1639 1661; x_wconf 85' lang='lat' dir='ltr'><strong>ultimam</strong></span> <span class='ocrx_word' id='word_1_202' title='bbox 1654 1606 1836 1660; x_wconf 88' lang='lat' dir='ltr'><strong>senectutem</strong></span> 
     </span>
     <span class='ocr_line' id='line_1_17' title="bbox 118 1693 1834 1769; baseline -0.002 -19"><span class='ocrx_word' id='word_1_203' title='bbox 118 1697 209 1769; x_wconf 85' lang='lat' dir='ltr'><strong>igitur</strong></span> <span class='ocrx_word' id='word_1_204' title='bbox 238 1695 287 1766; x_wconf 93' lang='lat' dir='ltr'><strong>qui</strong></span> <span class='ocrx_word' id='word_1_205' title='bbox 317 1711 383 1748; x_wconf 93' lang='lat' dir='ltr'><strong>cum</strong></span> <span class='ocrx_word' id='word_1_206' title='bbox 407 1710 441 1748; x_wconf 89' lang='lat' dir='ltr'><strong>eo</strong></span> <span class='ocrx_word' id='word_1_207' title='bbox 469 1695 632 1764; x_wconf 83' lang='lat' dir='ltr'><strong>pergebant</strong></span> <span class='ocrx_word' id='word_1_208' title='bbox 660 1693 741 1747; x_wconf 90' lang='lat' dir='ltr'><strong>illum</strong></span> <span class='ocrx_word' id='word_1_209' title='bbox 770 1694 834 1747; x_wconf 90' lang='lat' dir='ltr'><strong>sine</strong></span> <span class='ocrx_word' id='word_1_210' title='bbox 862 1693 951 1748; x_wconf 91' lang='lat' dir='ltr'><strong>dublo</strong></span> <span class='ocrx_word' id='word_1_211' title='bbox 1003 1693 1093 1764; x_wconf 84' lang='lat' dir='ltr'><strong>degit.</strong></span> <span class='ocrx_word' id='word_1_212' title='bbox 1111 1693 1192 1761; x_wconf 86' lang='lat' dir='ltr'><strong>Quae,</strong></span> <span class='ocrx_word' id='word_1_213' title='bbox 1210 1710 1276 1748; x_wconf 81' lang='lat' dir='ltr'><strong>aum</strong></span> <span class='ocrx_word' id='word_1_214' title='bbox 1292 1697 1373 1749; x_wconf 90' lang='lat' dir='ltr'><strong>esset</strong></span> <span class='ocrx_word' id='word_1_215' title='bbox 1384 1695 1563 1764; x_wconf 88' lang='lat' dir='ltr'><strong>desponsata</strong></span> <span class='ocrx_word' id='word_1_216' title='bbox 1578 1696 1653 1762; x_wconf 92' lang='lat' dir='ltr'><strong>viro,</strong></span> <span class='ocrx_word' id='word_1_217' title='bbox 1670 1693 1785 1749; x_wconf 89' lang='lat' dir='ltr'><strong>occulta</strong></span> <span class='ocrx_word' id='word_1_218' title='bbox 1801 1693 1834 1747; x_wconf 90' lang='lat' dir='ltr'><strong>de</strong></span> 
     </span>
     <span class='ocr_line' id='line_1_18' title="bbox 119 1781 1834 1870; baseline -0.001 -31"><span class='ocrx_word' id='word_1_219' title='bbox 119 1785 296 1839; x_wconf 85' lang='lat' dir='ltr'><strong>exstinctum</strong></span> <span class='ocrx_word' id='word_1_220' title='bbox 312 1785 458 1852; x_wconf 84' lang='lat' dir='ltr'><strong>putarent,</strong></span> <span class='ocrx_word' id='word_1_221' title='bbox 474 1783 596 1835; x_wconf 91' lang='lat' dir='ltr'><strong>nimium</strong></span> <span class='ocrx_word' id='word_1_222' title='bbox 611 1782 712 1836; x_wconf 87' lang='lat' dir='ltr'><strong>tristes</strong></span> <span class='ocrx_word' id='word_1_223' title='bbox 729 1783 757 1835; x_wconf 90' lang='lat' dir='ltr'><strong>et</strong></span> <span class='ocrx_word' id='word_1_224' title='bbox 771 1782 886 1852; x_wconf 77' lang='lat' dir='ltr'><strong>flenteS,</strong></span> <span class='ocrx_word' id='word_1_225' title='bbox 898 1796 987 1870; x_wconf 73' lang='lat' dir='ltr'><strong>perB</strong></span> <span class='ocrx_word' id='word_1_226' title='bbox 1003 1782 1090 1836; x_wconf 91' lang='lat' dir='ltr'><strong>domo</strong></span> <span class='ocrx_word' id='word_1_227' title='bbox 1105 1785 1257 1851; x_wconf 88' lang='lat' dir='ltr'><strong>parentum</strong></span> <span class='ocrx_word' id='word_1_228' title='bbox 1270 1781 1390 1854; x_wconf 85' lang='lat' dir='ltr'><strong>fugiens</strong></span> <span class='ocrx_word' id='word_1_229' title='bbox 1402 1784 1439 1837; x_wconf 89' lang='lat' dir='ltr'><strong>ad</strong></span> <span class='ocrx_word' id='word_1_230' title='bbox 1453 1784 1665 1838; x_wconf 91' lang='lat' dir='ltr'><strong>monasterium</strong></span> <span class='ocrx_word' id='word_1_231' title='bbox 1676 1782 1834 1851; x_wconf 81' lang='lat' dir='ltr'><strong>contendit,</strong></span> 
     </span>
     <span class='ocr_line' id='line_1_19' title="bbox 120 1870 1835 1944; baseline -0.001 -17"><span class='ocrx_word' id='word_1_232' title='bbox 120 1873 266 1944; x_wconf 87' lang='lat' dir='ltr'><strong>quoddam</strong></span> <span class='ocrx_word' id='word_1_233' title='bbox 290 1870 494 1924; x_wconf 86' lang='lat' dir='ltr'><strong>diverticulum</strong></span> <span class='ocrx_word' id='word_1_234' title='bbox 517 1871 552 1923; x_wconf 79' lang='lat' dir='ltr'><strong>arl</strong></span> <span class='ocrx_word' id='word_1_235' title='bbox 578 1885 667 1938; x_wconf 91' lang='lat' dir='ltr'><strong>mare,</strong></span> <span class='ocrx_word' id='word_1_236' title='bbox 692 1870 719 1923; x_wconf 92' lang='lat' dir='ltr'><strong>si</strong></span> <span class='ocrx_word' id='word_1_237' title='bbox 741 1870 846 1924; x_wconf 86' lang='lat' dir='ltr'><strong>saliem</strong></span> <span class='ocrx_word' id='word_1_238' title='bbox 870 1870 952 1925; x_wconf 93' lang='lat' dir='ltr'><strong>illum</strong></span> <span class='ocrx_word' id='word_1_239' title='bbox 1003 1870 1102 1941; x_wconf 92' lang='lat' dir='ltr'><strong>ibique</strong></span> <span class='ocrx_word' id='word_1_240' title='bbox 1117 1870 1316 1942; x_wconf 86' lang='lat' dir='ltr'><strong>virginitatem</strong></span> <span class='ocrx_word' id='word_1_241' title='bbox 1328 1887 1412 1926; x_wconf 90' lang='lat' dir='ltr'><strong>suam</strong></span> <span class='ocrx_word' id='word_1_242' title='bbox 1423 1872 1614 1942; x_wconf 87' lang='lat' dir='ltr'><strong>omnipotenti</strong></span> <span class='ocrx_word' id='word_1_243' title='bbox 1629 1872 1835 1926; x_wconf 84' lang='lat' dir='ltr'><strong>Dominodica·</strong></span> 
     </span>
     <span class='ocr_line' id='line_1_20' title="bbox 120 1958 1834 2032; baseline -0.001 -17"><span class='ocrx_word' id='word_1_244' title='bbox 120 1962 219 2032; x_wconf 90' lang='lat' dir='ltr'><strong>aliquo</strong></span> <span class='ocrx_word' id='word_1_245' title='bbox 235 1960 321 2013; x_wconf 88' lang='lat' dir='ltr'><strong>modo</strong></span> <span class='ocrx_word' id='word_1_246' title='bbox 335 1959 467 2012; x_wconf 88' lang='lat' dir='ltr'><strong>inveniro</strong></span> <span class='ocrx_word' id='word_1_247' title='bbox 483 1961 609 2028; x_wconf 82' lang='lat' dir='ltr'><strong>possent</strong></span> <span class='ocrx_word' id='word_1_248' title='bbox 629 1963 660 2012; x_wconf 89' lang='lat' dir='ltr'><strong>ut</strong></span> <span class='ocrx_word' id='word_1_249' title='bbox 675 1958 835 2027; x_wconf 75' lang='lat' dir='ltr'><strong>sepultura)</strong></span> <span class='ocrx_word' id='word_1_250' title='bbox 857 1960 951 2013; x_wconf 90' lang='lat' dir='ltr'><strong>trade·</strong></span> <span class='ocrx_word' id='word_1_251' title='bbox 1003 1960 1044 2012; x_wconf 80' lang='lat' dir='ltr'><strong>vit</strong></span> <span class='ocrx_word' id='word_1_252' title='bbox 1056 1976 1062 2023; x_wconf 91' lang='lat'>;</span> <span class='ocrx_word' id='word_1_253' title='bbox 1088 1961 1125 2026; x_wconf 92' lang='lat' dir='ltr'><strong>et,</strong></span> <span class='ocrx_word' id='word_1_254' title='bbox 1151 1959 1219 2028; x_wconf 90' lang='lat' dir='ltr'><strong>quia</strong></span> <span class='ocrx_word' id='word_1_255' title='bbox 1240 1964 1387 2013; x_wconf 89' lang='lat' dir='ltr'><strong>terrenum</strong></span> <span class='ocrx_word' id='word_1_256' title='bbox 1413 1961 1540 2015; x_wconf 90' lang='lat' dir='ltr'><strong>interra</strong></span> <span class='ocrx_word' id='word_1_257' title='bbox 1562 1974 1707 2030; x_wconf 87' lang='lat' dir='ltr'><strong>sponsum</strong></span> <span class='ocrx_word' id='word_1_258' title='bbox 1727 1959 1834 2015; x_wconf 90' lang='lat' dir='ltr'><strong>habere</strong></span> 
     </span>
     <span class='ocr_line' id='line_1_21' title="bbox 119 2046 1833 2117; baseline -0.001 -14"><span class='ocrx_word' id='word_1_259' title='bbox 119 2050 195 2116; x_wconf 90' lang='lat' dir='ltr'><strong>rent,</strong></span> <span class='ocrx_word' id='word_1_260' title='bbox 208 2046 667 2102; x_wconf 87' lang='lat' dir='ltr'><strong>descenderceuraverunt.Cum</strong></span> <span class='ocrx_word' id='word_1_261' title='bbox 680 2049 775 2101; x_wconf 90' lang='lat' dir='ltr'><strong>autem</strong></span> <span class='ocrx_word' id='word_1_262' title='bbox 788 2048 952 2102; x_wconf 86' lang='lat' dir='ltr'><strong>subradice</strong></span> <span class='ocrx_word' id='word_1_263' title='bbox 1005 2047 1188 2116; x_wconf 89' lang='lat' dir='ltr'><strong>contempsit,</strong></span> <span class='ocrx_word' id='word_1_264' title='bbox 1205 2048 1307 2117; x_wconf 91' lang='lat' dir='ltr'><strong>procul</strong></span> <span class='ocrx_word' id='word_1_265' title='bbox 1324 2048 1413 2103; x_wconf 92' lang='lat' dir='ltr'><strong>dubio</strong></span> <span class='ocrx_word' id='word_1_266' title='bbox 1428 2049 1535 2103; x_wconf 92' lang='lat' dir='ltr'><strong>meruit</strong></span> <span class='ocrx_word' id='word_1_267' title='bbox 1556 2048 1667 2104; x_wconf 88' lang='lat' dir='ltr'><strong>habere</strong></span> <span class='ocrx_word' id='word_1_268' title='bbox 1683 2048 1833 2103; x_wconf 88' lang='lat' dir='ltr'><strong>coelestem</strong></span> 
     </span>
     <span class='ocr_line' id='line_1_22' title="bbox 120 2135 1833 2205; baseline -0.001 -13"><span class='ocrx_word' id='word_1_269' title='bbox 120 2137 239 2205; x_wconf 87' lang='lat' dir='ltr'><strong>montis,</strong></span> <span class='ocrx_word' id='word_1_270' title='bbox 256 2135 454 2204; x_wconf 66' lang='lat' dir='ltr'><strong>mollesJ&#39;uxta</strong></span> <span class='ocrx_word' id='word_1_271' title='bbox 468 2135 549 2189; x_wconf 92' lang='lat' dir='ltr'><strong>littus</strong></span> <span class='ocrx_word' id='word_1_272' title='bbox 566 2135 655 2188; x_wconf 91' lang='lat' dir='ltr'><strong>maris</strong></span> <span class='ocrx_word' id='word_1_273' title='bbox 671 2136 819 2190; x_wconf 88' lang='lat' dir='ltr'><strong>calcantes</strong></span> <span class='ocrx_word' id='word_1_274' title='bbox 832 2151 948 2204; x_wconf 87' lang='lat' dir='ltr'><strong>arenas,</strong></span> <span class='ocrx_word' id='word_1_275' title='bbox 1004 2135 1034 2189; x_wconf 91' lang='lat' dir='ltr'><strong>in</strong></span> <span class='ocrx_word' id='word_1_276' title='bbox 1050 2137 1144 2189; x_wconf 74' lang='lat' dir='ltr'><strong>caelis.</strong></span> <span class='ocrx_word' id='word_1_277' title='bbox 1161 2135 1228 2204; x_wconf 90' lang='lat' dir='ltr'><strong>Ipsa</strong></span> <span class='ocrx_word' id='word_1_278' title='bbox 1244 2136 1315 2189; x_wconf 90' lang='lat' dir='ltr'><strong>mihi</strong></span> <span class='ocrx_word' id='word_1_279' title='bbox 1332 2136 1418 2191; x_wconf 85' lang='lat' dir='ltr'><strong>solita</strong></span> <span class='ocrx_word' id='word_1_280' title='bbox 1429 2141 1491 2191; x_wconf 90' lang='lat' dir='ltr'><strong>crat</strong></span> <span class='ocrx_word' id='word_1_281' title='bbox 1504 2137 1615 2191; x_wconf 90' lang='lat' dir='ltr'><strong>referre</strong></span> <span class='ocrx_word' id='word_1_282' title='bbox 1630 2137 1666 2191; x_wconf 91' lang='lat' dir='ltr'><strong>de</strong></span> <span class='ocrx_word' id='word_1_283' title='bbox 1682 2137 1833 2192; x_wconf 85' lang='lat' dir='ltr'><strong>abbatissa</strong></span> 
     </span>
     <span class='ocr_line' id='line_1_23' title="bbox 120 2222 1834 2297; baseline 0.001 -18"><span class='ocrx_word' id='word_1_284' title='bbox 120 2226 296 2280; x_wconf 85' lang='lat' dir='ltr'><strong>festinanter</strong></span> <span class='ocrx_word' id='word_1_285' title='bbox 311 2225 346 2277; x_wconf 90' lang='lat' dir='ltr'><strong>ad</strong></span> <span class='ocrx_word' id='word_1_286' title='bbox 361 2223 458 2277; x_wconf 83' lang='lat' dir='ltr'><strong>locum</strong></span> <span class='ocrx_word' id='word_1_287' title='bbox 474 2239 532 2293; x_wconf 93' lang='lat' dir='ltr'><strong>quo</strong></span> <span class='ocrx_word' id='word_1_288' title='bbox 555 2224 701 2277; x_wconf 87' lang='lat' dir='ltr'><strong>ceciderat</strong></span> <span class='ocrx_word' id='word_1_289' title='bbox 724 2228 895 2295; x_wconf 87' lang='lat' dir='ltr'><strong>pergerent,</strong></span> <span class='ocrx_word' id='word_1_290' title='bbox 911 2224 952 2277; x_wconf 93' lang='lat' dir='ltr'><strong>in·</strong></span> <span class='ocrx_word' id='word_1_291' title='bbox 1005 2239 1060 2277; x_wconf 84' lang='lat' dir='ltr'><strong>saa</strong></span> <span class='ocrx_word' id='word_1_292' title='bbox 1074 2239 1140 2293; x_wconf 78' lang='lat' dir='ltr'><strong>quae</strong></span> <span class='ocrx_word' id='word_1_293' title='bbox 1150 2222 1212 2277; x_wconf 88' lang='lat' dir='ltr'><strong>Olla</strong></span> <span class='ocrx_word' id='word_1_294' title='bbox 1227 2223 1282 2293; x_wconf 87' lang='grc'>(86)</span> <span class='ocrx_word' id='word_1_295' title='bbox 1293 2225 1456 2279; x_wconf 77' lang='lat' dir='ltr'><strong>dicebatur,</strong></span> <span class='ocrx_word' id='word_1_296' title='bbox 1468 2224 1539 2289; x_wconf 86' lang='lat' dir='ltr'><strong>Quae</strong></span> <span class='ocrx_word' id='word_1_297' title='bbox 1553 2226 1583 2280; x_wconf 91' lang='lat' dir='ltr'><strong>in</strong></span> <span class='ocrx_word' id='word_1_298' title='bbox 1599 2228 1698 2280; x_wconf 82' lang='lat' dir='ltr'><strong>monle</strong></span> <span class='ocrx_word' id='word_1_299' title='bbox 1707 2227 1758 2297; x_wconf 93' lang='lat' dir='ltr'><strong>qui</strong></span> <span class='ocrx_word' id='word_1_300' title='bbox 1768 2225 1834 2280; x_wconf 88' lang='lat' dir='ltr'><strong>San·</strong></span> 
     </span>
     <span class='ocr_line' id='line_1_24' title="bbox 120 2311 1835 2384; baseline 0 -17"><span class='ocrx_word' id='word_1_301' title='bbox 120 2315 264 2368; x_wconf 89' lang='lat' dir='ltr'><strong>venerunt</strong></span> <span class='ocrx_word' id='word_1_302' title='bbox 286 2327 352 2366; x_wconf 91' lang='lat' dir='ltr'><strong>cum</strong></span> <span class='ocrx_word' id='word_1_303' title='bbox 377 2312 406 2365; x_wconf 90' lang='lat' dir='ltr'><strong>in</strong></span> <span class='ocrx_word' id='word_1_304' title='bbox 422 2311 469 2365; x_wconf 87' lang='lat' dir='ltr'><strong>via</strong></span> <span class='ocrx_word' id='word_1_305' title='bbox 493 2327 597 2365; x_wconf 86' lang='lat' dir='ltr'><strong>sanum</strong></span> <span class='ocrx_word' id='word_1_306' title='bbox 621 2312 850 2380; x_wconf 89' lang='lat' dir='ltr'><strong>etincolumcm,</strong></span> <span class='ocrx_word' id='word_1_307' title='bbox 875 2328 951 2382; x_wconf 91' lang='lat' dir='ltr'><strong>equo</strong></span> <span class='ocrx_word' id='word_1_308' title='bbox 1005 2311 1835 2384; x_wconf 74' lang='lat' dir='ltr'><strong>ctae(87)Agathaemartyrisdieitur,propeCapuanamar·</strong></span> 
     </span>
     <span class='ocr_line' id='line_1_25' title="bbox 119 2400 1832 2474; baseline 0 -18"><span class='ocrx_word' id='word_1_309' title='bbox 119 2418 186 2456; x_wconf 92' lang='lat' dir='ltr'><strong>cum</strong></span> <span class='ocrx_word' id='word_1_310' title='bbox 201 2418 259 2472; x_wconf 90' lang='lat' dir='ltr'><strong>quo</strong></span> <span class='ocrx_word' id='word_1_311' title='bbox 276 2401 424 2455; x_wconf 82' lang='lat' dir='ltr'><strong>ceciderat</strong></span> <span class='ocrx_word' id='word_1_312' title='bbox 447 2400 633 2469; x_wconf 81' lang='lat' dir='ltr'><strong>incidentem,</strong></span> <span class='ocrx_word' id='word_1_313' title='bbox 653 2401 808 2455; x_wconf 82' lang='lat' dir='ltr'><strong>Salernum</strong></span> <span class='ocrx_word' id='word_1_314' title='bbox 824 2417 951 2471; x_wconf 90' lang='lat' dir='ltr'><strong>propere</strong></span> <span class='ocrx_word' id='word_1_315' title='bbox 1004 2400 1832 2474; x_wconf 70' lang='lat' dir='ltr'><strong>laemanthuamregimenmonasteriisusciperet,longo</strong></span> 
     </span>
     <span class='ocr_line' id='line_1_26' title="bbox 117 2488 1833 2560; baseline 0 -16"><span class='ocrx_word' id='word_1_316' title='bbox 117 2493 213 2560; x_wconf 84' lang='lat' dir='ltr'><strong>empto</strong></span> <span class='ocrx_word' id='word_1_317' title='bbox 239 2491 342 2544; x_wconf 91' lang='lat' dir='ltr'><strong>itinere</strong></span> <span class='ocrx_word' id='word_1_318' title='bbox 368 2489 497 2543; x_wconf 87' lang='lat' dir='ltr'><strong>tendere.</strong></span> <span class='ocrx_word' id='word_1_319' title='bbox 520 2488 651 2559; x_wconf 87' lang='lat' dir='ltr'><strong>Cumque</strong></span> <span class='ocrx_word' id='word_1_320' title='bbox 673 2490 722 2555; x_wconf 92' lang='lat' dir='ltr'><strong>illi,</strong></span> <span class='ocrx_word' id='word_1_321' title='bbox 741 2490 949 2560; x_wconf 87' lang='lat' dir='ltr'><strong>obstupefacti,</strong></span> <span class='ocrx_word' id='word_1_322' title='bbox 1004 2491 1134 2558; x_wconf 82' lang='lat' dir='ltr'><strong>tempore</strong></span> <span class='ocrx_word' id='word_1_323' title='bbox 1150 2488 1437 2560; x_wconf 83' lang='lat' dir='ltr'><strong>habitaverit,ihique</strong></span> <span class='ocrx_word' id='word_1_324' title='bbox 1449 2490 1537 2544; x_wconf 90' lang='lat' dir='ltr'><strong>vitam</strong></span> <span class='ocrx_word' id='word_1_325' title='bbox 1549 2491 1731 2544; x_wconf 89' lang='lat' dir='ltr'><strong>eremiticam</strong></span> <span class='ocrx_word' id='word_1_326' title='bbox 1741 2491 1833 2545; x_wconf 83' lang='lat' dir='ltr'><strong>duxe-</strong></span> 
     </span>
     <span class='ocr_line' id='line_1_27' title="bbox 116 2577 1833 2655; baseline -0.001 -23"><span class='ocrx_word' id='word_1_327' title='bbox 116 2577 242 2649; x_wconf 90' lang='lat' dir='ltr'><strong>qualiter</strong></span> <span class='ocrx_word' id='word_1_328' title='bbox 265 2595 313 2631; x_wconf 87' lang='lat' dir='ltr'><strong>res</strong></span> <span class='ocrx_word' id='word_1_329' title='bbox 340 2578 491 2631; x_wconf 78' lang='lat' dir='ltr'><strong>evenisset</strong></span> <span class='ocrx_word' id='word_1_330' title='bbox 511 2579 629 2632; x_wconf 90' lang='lat' dir='ltr'><strong>omnino</strong></span> <span class='ocrx_word' id='word_1_331' title='bbox 651 2579 807 2648; x_wconf 88' lang='lat' dir='ltr'><strong>nequirent</strong></span> <span class='ocrx_word' id='word_1_332' title='bbox 827 2593 949 2648; x_wconf 89' lang='lat' dir='ltr'><strong>perpen-</strong></span> <span class='ocrx_word' id='word_1_333' title='bbox 1004 2577 1833 2655; x_wconf 84' lang='lat' dir='ltr'><strong>rit:dehincmonasteriisuscepto1·egimiue,quadam</strong></span> 
     </span>
     <span class='ocr_line' id='line_1_28' title="bbox 115 2664 1833 2737; baseline -0.001 -17"><span class='ocrx_word' id='word_1_334' title='bbox 115 2667 195 2735; x_wconf 91' lang='lat' dir='ltr'><strong>dere,</strong></span> <span class='ocrx_word' id='word_1_335' title='bbox 215 2670 366 2735; x_wconf 84' lang='lat' dir='ltr'><strong>roepcruut</strong></span> <span class='ocrx_word' id='word_1_336' title='bbox 383 2667 442 2719; x_wconf 91' lang='lat' dir='ltr'><strong>Deo</strong></span> <span class='ocrx_word' id='word_1_337' title='bbox 455 2666 566 2736; x_wconf 83' lang='lat' dir='ltr'><strong>gratias</strong></span> <span class='ocrx_word' id='word_1_338' title='bbox 583 2682 682 2736; x_wconf 83' lang='lat' dir='ltr'><strong>agere,</strong></span> <span class='ocrx_word' id='word_1_339' title='bbox 701 2682 850 2737; x_wconf 82' lang='lat' dir='ltr'><strong>vocesque</strong></span> <span class='ocrx_word' id='word_1_340' title='bbox 865 2667 950 2737; x_wconf 89' lang='lat' dir='ltr'><strong>quasi</strong></span> <span class='ocrx_word' id='word_1_341' title='bbox 1003 2668 1088 2717; x_wconf 86' lang='lat' dir='ltr'><strong>nocte</strong></span> <span class='ocrx_word' id='word_1_342' title='bbox 1102 2664 1258 2717; x_wconf 85' lang='lat' dir='ltr'><strong>sororibus</strong></span> <span class='ocrx_word' id='word_1_343' title='bbox 1273 2665 1369 2718; x_wconf 90' lang='lat' dir='ltr'><strong>adhuc</strong></span> <span class='ocrx_word' id='word_1_344' title='bbox 1380 2666 1604 2734; x_wconf 88' lang='lat' dir='ltr'><strong>quiescentibus</strong></span> <span class='ocrx_word' id='word_1_345' title='bbox 1616 2667 1780 2720; x_wconf 90' lang='lat' dir='ltr'><strong>oratorium</strong></span> <span class='ocrx_word' id='word_1_346' title='bbox 1794 2667 1833 2719; x_wconf 92' lang='lat' dir='ltr'><strong>in·</strong></span> 
     </span>
     <span class='ocr_line' id='line_1_29' title="bbox 115 2752 1832 2822; baseline 0.001 -15"><span class='ocrx_word' id='word_1_347' title='bbox 115 2754 324 2808; x_wconf 86' lang='lat' dir='ltr'><strong>tumultuantes</strong></span> <span class='ocrx_word' id='word_1_348' title='bbox 349 2754 377 2806; x_wconf 90' lang='lat' dir='ltr'><strong>in</strong></span> <span class='ocrx_word' id='word_1_349' title='bbox 402 2754 492 2806; x_wconf 92' lang='lat' dir='ltr'><strong>altum</strong></span> <span class='ocrx_word' id='word_1_350' title='bbox 513 2755 612 2807; x_wconf 86' lang='lat' dir='ltr'><strong>levarc</strong></span> <span class='ocrx_word' id='word_1_351' title='bbox 627 2754 685 2808; x_wconf 80' lang='lat' dir='ltr'><strong>Sed</strong></span> <span class='ocrx_word' id='word_1_352' title='bbox 706 2754 741 2806; x_wconf 91' lang='lat' dir='ltr'><strong>ab</strong></span> <span class='ocrx_word' id='word_1_353' title='bbox 757 2755 807 2808; x_wconf 89' lang='lat' dir='ltr'><strong>illo</strong></span> <span class='ocrx_word' id='word_1_354' title='bbox 829 2756 950 2822; x_wconf 87' lang='lat' dir='ltr'><strong>repente</strong></span> <span class='ocrx_word' id='word_1_355' title='bbox 1004 2767 1110 2822; x_wconf 85' lang='lat' dir='ltr'><strong>gressa</strong></span> <span class='ocrx_word' id='word_1_356' title='bbox 1139 2753 1264 2821; x_wconf 82' lang='lat' dir='ltr'><strong>acceptit</strong></span> <span class='ocrx_word' id='word_1_357' title='bbox 1286 2752 1342 2822; x_wconf 90' lang='grc'>(88)</span> <span class='ocrx_word' id='word_1_358' title='bbox 1362 2753 1559 2822; x_wconf 90' lang='lat' dir='ltr'><strong>thuribulum,</strong></span> <span class='ocrx_word' id='word_1_359' title='bbox 1585 2759 1616 2808; x_wconf 92' lang='lat' dir='ltr'><strong>ut</strong></span> <span class='ocrx_word' id='word_1_360' title='bbox 1645 2770 1728 2809; x_wconf 87' lang='lat' dir='ltr'><strong>more</strong></span> <span class='ocrx_word' id='word_1_361' title='bbox 1749 2754 1832 2809; x_wconf 91' lang='lat' dir='ltr'><strong>solito</strong></span> 
     </span>
     <span class='ocr_line' id='line_1_30' title="bbox 118 2840 1834 2913; baseline 0 -17"><span class='ocrx_word' id='word_1_362' title='bbox 118 2842 282 2912; x_wconf 88' lang='lat' dir='ltr'><strong>compressi</strong></span> <span class='ocrx_word' id='word_1_363' title='bbox 295 2844 473 2910; x_wconf 78' lang='lat' dir='ltr'><strong>praeceptum</strong></span> <span class='ocrx_word' id='word_1_364' title='bbox 485 2842 605 2894; x_wconf 75' lang='lat' dir='ltr'><strong>aualiunt</strong></span> <span class='ocrx_word' id='word_1_365' title='bbox 623 2857 628 2895; x_wconf 92' lang='lat'>:</span> <span class='ocrx_word' id='word_1_366' title='bbox 646 2842 774 2907; x_wconf 74' lang='lat' dir='ltr'><strong>Simois,</strong></span> <span class='ocrx_word' id='word_1_367' title='bbox 789 2842 891 2912; x_wconf 87' lang='lat' dir='ltr'><strong>lnquit,</strong></span> <span class='ocrx_word' id='word_1_368' title='bbox 903 2841 952 2895; x_wconf 89' lang='lat' dir='ltr'><strong>be·</strong></span> <span class='ocrx_word' id='word_1_369' title='bbox 1003 2841 1088 2894; x_wconf 82' lang='lat' dir='ltr'><strong>tlrura</strong></span> <span class='ocrx_word' id='word_1_370' title='bbox 1104 2841 1235 2895; x_wconf 87' lang='lat' dir='ltr'><strong>adoleret</strong></span> <span class='ocrx_word' id='word_1_371' title='bbox 1250 2840 1401 2896; x_wconf 91' lang='lat' dir='ltr'><strong>altaribus.</strong></span> <span class='ocrx_word' id='word_1_372' title='bbox 1418 2841 1490 2913; x_wconf 81' lang='lat' dir='ltr'><strong>Cum</strong></span> <span class='ocrx_word' id='word_1_373' title='bbox 1506 2843 1602 2912; x_wconf 89' lang='lat' dir='ltr'><strong>itaque</strong></span> <span class='ocrx_word' id='word_1_374' title='bbox 1616 2841 1687 2896; x_wconf 88' lang='lat' dir='ltr'><strong>thus</strong></span> <span class='ocrx_word' id='word_1_375' title='bbox 1702 2843 1732 2897; x_wconf 94' lang='lat' dir='ltr'><strong>in</strong></span> <span class='ocrx_word' id='word_1_376' title='bbox 1747 2843 1834 2897; x_wconf 92' lang='lat' dir='ltr'><strong>thuri·</strong></span> 
     </span>
     <span class='ocr_line' id='line_1_31' title="bbox 117 2929 1831 3002; baseline 0.001 -19"><span class='ocrx_word' id='word_1_377' title='bbox 117 2930 335 2984; x_wconf 89' lang='lat' dir='ltr'><strong>nedictionibus</strong></span> <span class='ocrx_word' id='word_1_378' title='bbox 348 2929 405 2983; x_wconf 86' lang='lat' dir='ltr'><strong>frui</strong></span> <span class='ocrx_word' id='word_1_379' title='bbox 416 2930 516 2997; x_wconf 85' lang='lat' dir='ltr'><strong>vullis,</strong></span> <span class='ocrx_word' id='word_1_380' title='bbox 529 2930 753 3000; x_wconf 88' lang='lat' dir='ltr'><strong>nalli,quandiu,</strong></span> <span class='ocrx_word' id='word_1_381' title='bbox 766 2931 949 3001; x_wconf 81' lang='lat' dir='ltr'><strong>vixero,quae</strong></span> <span class='ocrx_word' id='word_1_382' title='bbox 1003 2929 1105 2982; x_wconf 90' lang='lat' dir='ltr'><strong>bulum</strong></span> <span class='ocrx_word' id='word_1_383' title='bbox 1118 2930 1232 2984; x_wconf 90' lang='lat' dir='ltr'><strong>mittere</strong></span> <span class='ocrx_word' id='word_1_384' title='bbox 1245 2930 1343 2994; x_wconf 90' lang='lat' dir='ltr'><strong>vellet,</strong></span> <span class='ocrx_word' id='word_1_385' title='bbox 1361 2947 1376 2984; x_wconf 91' lang='lat' dir='ltr'><strong>e</strong></span> <span class='ocrx_word' id='word_1_386' title='bbox 1392 2946 1478 2984; x_wconf 90' lang='lat' dir='ltr'><strong>manu</strong></span> <span class='ocrx_word' id='word_1_387' title='bbox 1494 2929 1561 3002; x_wconf 83' lang='lat' dir='ltr'><strong>ejus</strong></span> <span class='ocrx_word' id='word_1_388' title='bbox 1586 2931 1695 2985; x_wconf 89' lang='lat' dir='ltr'><strong>cecidit</strong></span> <span class='ocrx_word' id='word_1_389' title='bbox 1716 2933 1744 2985; x_wconf 90' lang='lat' dir='ltr'><strong>et</strong></span> <span class='ocrx_word' id='word_1_390' title='bbox 1763 2931 1831 2984; x_wconf 91' lang='lat' dir='ltr'><strong>lam·</strong></span> 
     </span>
     <span class='ocr_line' id='line_1_32' title="bbox 116 3018 1830 3086; baseline 0 -14"><span class='ocrx_word' id='word_1_391' title='bbox 116 3034 152 3072; x_wconf 89' lang='lat' dir='ltr'><strong>ex</strong></span> <span class='ocrx_word' id='word_1_392' title='bbox 168 3035 213 3072; x_wconf 90' lang='lat' dir='ltr'><strong>me</strong></span> <span class='ocrx_word' id='word_1_393' title='bbox 230 3019 348 3071; x_wconf 85' lang='lat' dir='ltr'><strong>vidistis</strong></span> <span class='ocrx_word' id='word_1_394' title='bbox 366 3019 480 3072; x_wconf 91' lang='lat' dir='ltr'><strong>dicatis.</strong></span> <span class='ocrx_word' id='word_1_395' title='bbox 1002 3018 1075 3086; x_wconf 89' lang='lat' dir='ltr'><strong>pade</strong></span> <span class='ocrx_word' id='word_1_396' title='bbox 1095 3035 1110 3072; x_wconf 94' lang='lat' dir='ltr'><strong>a</strong></span> <span class='ocrx_word' id='word_1_397' title='bbox 1134 3022 1221 3073; x_wconf 88' lang='lat' dir='ltr'><strong>vento</strong></span> <span class='ocrx_word' id='word_1_398' title='bbox 1236 3019 1381 3073; x_wconf 86' lang='lat' dir='ltr'><strong>exstincta</strong></span> <span class='ocrx_word' id='word_1_399' title='bbox 1407 3019 1475 3074; x_wconf 90' lang='lat' dir='ltr'><strong>thus</strong></span> <span class='ocrx_word' id='word_1_400' title='bbox 1501 3019 1635 3073; x_wconf 89' lang='lat' dir='ltr'><strong>invenire</strong></span> <span class='ocrx_word' id='word_1_401' title='bbox 1650 3035 1709 3073; x_wconf 90' lang='lat' dir='ltr'><strong>nou</strong></span> <span class='ocrx_word' id='word_1_402' title='bbox 1733 3019 1830 3074; x_wconf 86' lang='lat' dir='ltr'><strong>valuit.</strong></span> 
     </span>
    </p>

    <p class='ocr_par' dir='ltr' id='par_1_4' title="bbox 114 3107 1831 3355">
     <span class='ocr_line' id='line_1_33' title="bbox 153 3107 1831 3177; baseline 0.001 -17"><span class='ocrx_word' id='word_1_403' title='bbox 153 3108 265 3161; x_wconf 91' lang='lat' dir='ltr'><strong>Dicitur</strong></span> <span class='ocrx_word' id='word_1_404' title='bbox 281 3107 366 3160; x_wconf 88' lang='lat' dir='ltr'><strong>ctiam</strong></span> <span class='ocrx_word' id='word_1_405' title='bbox 392 3107 427 3160; x_wconf 90' lang='lat' dir='ltr'><strong>dc</strong></span> <span class='ocrx_word' id='word_1_406' title='bbox 454 3108 502 3161; x_wconf 90' lang='lat' dir='ltr'><strong>illo</strong></span> <span class='ocrx_word' id='word_1_407' title='bbox 519 3107 597 3177; x_wconf 88' lang='lat' dir='ltr'><strong>quod</strong></span> <span class='ocrx_word' id='word_1_408' title='bbox 620 3112 766 3162; x_wconf 82' lang='lat' dir='ltr'><strong>mortuum</strong></span> <span class='ocrx_word' id='word_1_409' title='bbox 782 3109 948 3162; x_wconf 90' lang='lat' dir='ltr'><strong>suscitave-</strong></span> <span class='ocrx_word' id='word_1_410' title='bbox 1004 3107 1133 3175; x_wconf 76' lang='lat' dir='ltr'><strong>llcpente</strong></span> <span class='ocrx_word' id='word_1_411' title='bbox 1150 3122 1220 3161; x_wconf 90' lang='lat' dir='ltr'><strong>vero</strong></span> <span class='ocrx_word' id='word_1_412' title='bbox 1237 3107 1354 3177; x_wconf 91' lang='lat' dir='ltr'><strong>quidam</strong></span> <span class='ocrx_word' id='word_1_413' title='bbox 1371 3107 1456 3176; x_wconf 80' lang='lat' dir='ltr'><strong>juxta</strong></span> <span class='ocrx_word' id='word_1_414' title='bbox 1471 3107 1552 3162; x_wconf 93' lang='lat' dir='ltr'><strong>illum</strong></span> <span class='ocrx_word' id='word_1_415' title='bbox 1567 3108 1669 3176; x_wconf 89' lang='lat' dir='ltr'><strong>astitit,</strong></span> <span class='ocrx_word' id='word_1_416' title='bbox 1687 3110 1716 3161; x_wconf 92' lang='lat' dir='ltr'><strong>et</strong></span> <span class='ocrx_word' id='word_1_417' title='bbox 1731 3112 1831 3162; x_wconf 84' lang='lat' dir='ltr'><strong>tenens</strong></span> 
     </span>
     <span class='ocr_line' id='line_1_34' title="bbox 115 3157 1830 3266; baseline 0.001 -17"><span class='ocrx_word' id='word_1_418' title='bbox 115 3196 151 3249; x_wconf 89' lang='lat' dir='ltr'><strong>rit</strong></span> <span class='ocrx_word' id='word_1_419' title='bbox 161 3215 167 3261; x_wconf 95' lang='lat'>;</span> <span class='ocrx_word' id='word_1_420' title='bbox 185 3196 263 3266; x_wconf 87' lang='lat' dir='ltr'><strong>quod</strong></span> <span class='ocrx_word' id='word_1_421' title='bbox 279 3196 417 3249; x_wconf 84' lang='lat' dir='ltr'><strong>videlicet</strong></span> <span class='ocrx_word' id='word_1_422' title='bbox 433 3195 491 3249; x_wconf 88' lang='lat' dir='ltr'><strong>illis</strong></span> <span class='ocrx_word' id='word_1_423' title='bbox 516 3196 566 3266; x_wconf 90' lang='lat' dir='ltr'><strong>qui</strong></span> <span class='ocrx_word' id='word_1_424' title='bbox 582 3212 648 3250; x_wconf 89' lang='lat' dir='ltr'><strong>cum</strong></span> <span class='ocrx_word' id='word_1_425' title='bbox 664 3196 789 3266; x_wconf 84' lang='lat' dir='ltr'><strong>ejusque</strong></span> <span class='ocrx_word' id='word_1_426' title='bbox 809 3197 898 3251; x_wconf 89' lang='lat' dir='ltr'><strong>vitam</strong></span> <span class='ocrx_word' id='word_1_427' title='bbox 912 3198 949 3251; x_wconf 90' lang='lat' dir='ltr'><strong>ad</strong></span> <span class='ocrx_word' id='word_1_428' title='bbox 962 3157 989 3228; x_wconf 65' lang='lat' dir='ltr'>c</span> <span class='ocrx_word' id='word_1_429' title='bbox 1002 3211 1118 3249; x_wconf 80' lang='lat' dir='ltr'><strong>malrum</strong></span> <span class='ocrx_word' id='word_1_430' title='bbox 1144 3195 1222 3265; x_wconf 68' lang='lat' dir='ltr'><strong>eiua,</strong></span> <span class='ocrx_word' id='word_1_431' title='bbox 1245 3196 1414 3265; x_wconf 73' lang='lat' dir='ltr'><strong>thymiama,</strong></span> <span class='ocrx_word' id='word_1_432' title='bbox 1435 3194 1514 3266; x_wconf 94' lang='lat' dir='ltr'><strong>quod</strong></span> <span class='ocrx_word' id='word_1_433' title='bbox 1537 3196 1567 3249; x_wconf 92' lang='lat' dir='ltr'><strong>in</strong></span> <span class='ocrx_word' id='word_1_434' title='bbox 1582 3196 1765 3250; x_wconf 90' lang='lat' dir='ltr'><strong>thuribulum</strong></span> <span class='ocrx_word' id='word_1_435' title='bbox 1779 3211 1830 3266; x_wconf 94' lang='lat' dir='ltr'><strong>po·</strong></span> 
     </span>
     <span class='ocr_line' id='line_1_35' title="bbox 114 3283 1831 3355; baseline 0.001 -19"><span class='ocrx_word' id='word_1_436' title='bbox 114 3283 257 3355; x_wconf 90' lang='lat' dir='ltr'><strong>liquidum</strong></span> <span class='ocrx_word' id='word_1_437' title='bbox 274 3287 420 3337; x_wconf 86' lang='lat' dir='ltr'><strong>noverunt</strong></span> <span class='ocrx_word' id='word_1_438' title='bbox 435 3283 609 3338; x_wconf 89' lang='lat' dir='ltr'><strong>incredibile</strong></span> <span class='ocrx_word' id='word_1_439' title='bbox 628 3285 746 3338; x_wconf 89' lang='lat' dir='ltr'><strong>minime</strong></span> <span class='ocrx_word' id='word_1_440' title='bbox 768 3285 894 3340; x_wconf 87' lang='lat' dir='ltr'><strong>videtur.</strong></span> <span class='ocrx_word' id='word_1_441' title='bbox 1002 3288 1111 3346; x_wconf 89' lang='lat' dir='ltr'><strong>suerat,</strong></span> <span class='ocrx_word' id='word_1_442' title='bbox 1129 3284 1217 3338; x_wconf 88' lang='lat' dir='ltr'><strong>dedit.</strong></span> <span class='ocrx_word' id='word_1_443' title='bbox 1241 3284 1351 3338; x_wconf 89' lang='lat' dir='ltr'><strong>Tantus</strong></span> <span class='ocrx_word' id='word_1_444' title='bbox 1373 3285 1463 3355; x_wconf 89' lang='lat' dir='ltr'><strong>igitur</strong></span> <span class='ocrx_word' id='word_1_445' title='bbox 1478 3285 1552 3339; x_wconf 93' lang='lat' dir='ltr'><strong>odor</strong></span> <span class='ocrx_word' id='word_1_446' title='bbox 1576 3301 1614 3340; x_wconf 88' lang='lat' dir='ltr'><strong>ex</strong></span> <span class='ocrx_word' id='word_1_447' title='bbox 1637 3284 1688 3339; x_wconf 95' lang='lat' dir='ltr'><strong>illo</strong></span> <span class='ocrx_word' id='word_1_448' title='bbox 1711 3285 1831 3339; x_wconf 88' lang='lat' dir='ltr'><strong>incenso</strong></span> 
     </span>
    </p>

    <p class='ocr_par' dir='ltr' id='par_1_5' title="bbox 115 3371 1832 3531">
     <span class='ocr_line' id='line_1_36' title="bbox 150 3371 1832 3444; baseline 0 -18"><span class='ocrx_word' id='word_1_449' title='bbox 150 3371 206 3440; x_wconf 71' lang='grc'>(84)</span> <span class='ocrx_word' id='word_1_450' title='bbox 229 3373 290 3426; x_wconf 50' lang='lat' dir='ltr'><strong>lieo</strong></span> <span class='ocrx_word' id='word_1_451' title='bbox 316 3372 419 3440; x_wconf 65' lang='lat' dir='ltr'><strong>alebas,</strong></span> <span class='ocrx_word' id='word_1_452' title='bbox 443 3371 493 3441; x_wconf 93' lang='lat' dir='ltr'><strong>qui</strong></span> <span class='ocrx_word' id='word_1_453' title='bbox 516 3372 542 3425; x_wconf 93' lang='lat' dir='ltr'><strong>ei</strong></span> <span class='ocrx_word' id='word_1_454' title='bbox 564 3372 592 3424; x_wconf 94' lang='lat' dir='ltr'><strong>in</strong></span> <span class='ocrx_word' id='word_1_455' title='bbox 615 3374 787 3426; x_wconf 84' lang='lat' dir='ltr'><strong>monasterii</strong></span> <span class='ocrx_word' id='word_1_456' title='bbox 804 3373 948 3443; x_wconf 88' lang='lat' dir='ltr'><strong>regimine</strong></span> <span class='ocrx_word' id='word_1_457' title='bbox 1001 3372 1188 3442; x_wconf 65' lang='lat' dir='ltr'><strong>thymiamate</strong></span> <span class='ocrx_word' id='word_1_458' title='bbox 1202 3372 1357 3440; x_wconf 87' lang='lat' dir='ltr'><strong>emanavit,</strong></span> <span class='ocrx_word' id='word_1_459' title='bbox 1374 3375 1405 3426; x_wconf 90' lang='lat' dir='ltr'><strong>ut</strong></span> <span class='ocrx_word' id='word_1_460' title='bbox 1417 3387 1470 3442; x_wconf 90' lang='lat' dir='ltr'><strong>per</strong></span> <span class='ocrx_word' id='word_1_461' title='bbox 1484 3374 1577 3427; x_wconf 89' lang='lat' dir='ltr'><strong>totum</strong></span> <span class='ocrx_word' id='word_1_462' title='bbox 1592 3373 1672 3444; x_wconf 91' lang='lat' dir='ltr'><strong>quod</strong></span> <span class='ocrx_word' id='word_1_463' title='bbox 1687 3373 1832 3443; x_wconf 89' lang='lat' dir='ltr'><strong>reliquum</strong></span> 
     </span>
     <span class='ocr_line' id='line_1_37' title="bbox 115 3459 1831 3531; baseline 0 -18"><span class='ocrx_word' id='word_1_464' title='bbox 115 3461 273 3527; x_wconf 87' lang='lat' dir='ltr'><strong>successit,</strong></span> <span class='ocrx_word' id='word_1_465' title='bbox 291 3459 347 3513; x_wconf 89' lang='lat' dir='ltr'><strong>sub</strong></span> <span class='ocrx_word' id='word_1_466' title='bbox 359 3459 426 3529; x_wconf 80' lang='lat' dir='ltr'><strong>ejus</strong></span> <span class='ocrx_word' id='word_1_467' title='bbox 442 3459 613 3530; x_wconf 89' lang='lat' dir='ltr'><strong>magisterio</strong></span> <span class='ocrx_word' id='word_1_468' title='bbox 625 3460 767 3515; x_wconf 87' lang='lat' dir='ltr'><strong>educatus</strong></span> <span class='ocrx_word' id='word_1_469' title='bbox 780 3460 846 3530; x_wconf 78' lang='lat' dir='ltr'><strong>ejus</strong></span> <span class='ocrx_word' id='word_1_470' title='bbox 857 3461 887 3515; x_wconf 90' lang='lat' dir='ltr'><strong>in</strong></span> <span class='ocrx_word' id='word_1_471' title='bbox 896 3460 947 3515; x_wconf 93' lang='lat' dir='ltr'><strong>ob·</strong></span> <span class='ocrx_word' id='word_1_472' title='bbox 1003 3464 1066 3515; x_wconf 89' lang='lat' dir='ltr'><strong>erat</strong></span> <span class='ocrx_word' id='word_1_473' title='bbox 1079 3461 1183 3526; x_wconf 85' lang='lat' dir='ltr'><strong>noetis,</strong></span> <span class='ocrx_word' id='word_1_474' title='bbox 1197 3460 1338 3531; x_wconf 87' lang='lat' dir='ltr'><strong>usquead</strong></span> <span class='ocrx_word' id='word_1_475' title='bbox 1353 3460 1455 3515; x_wconf 89' lang='lat' dir='ltr'><strong>horam</strong></span> <span class='ocrx_word' id='word_1_476' title='bbox 1472 3461 1529 3515; x_wconf 88' lang='lat' dir='ltr'><strong>diei</strong></span> <span class='ocrx_word' id='word_1_477' title='bbox 1540 3462 1657 3515; x_wconf 89' lang='lat' dir='ltr'><strong>tertiam</strong></span> <span class='ocrx_word' id='word_1_478' title='bbox 1666 3477 1727 3516; x_wconf 91' lang='lat' dir='ltr'><strong>non</strong></span> <span class='ocrx_word' id='word_1_479' title='bbox 1738 3460 1831 3516; x_wconf 92' lang='lat' dir='ltr'><strong>solum</strong></span> 
     </span>
    </p>
   </div>
   <div class='ocr_carea' id='block_1_4' title="bbox 114 3547 948 3973">
    <p class='ocr_par' dir='ltr' id='par_1_6' title="bbox 114 3547 948 3973">
     <span class='ocr_line' id='line_1_38' title="bbox 115 3547 948 3617; baseline 0.002 -16"><span class='ocrx_word' id='word_1_480' title='bbox 115 3547 219 3617; x_wconf 87' lang='lat' dir='ltr'><strong>sequio</strong></span> <span class='ocrx_word' id='word_1_481' title='bbox 231 3547 436 3615; x_wconf 78' lang='lat' dir='ltr'><strong>praepositurae</strong></span> <span class='ocrx_word' id='word_1_482' title='bbox 450 3547 581 3599; x_wconf 86' lang='lat' dir='ltr'><strong>officium</strong></span> <span class='ocrx_word' id='word_1_483' title='bbox 596 3562 715 3616; x_wconf 88' lang='lat' dir='ltr'><strong>gerens,</strong></span> <span class='ocrx_word' id='word_1_484' title='bbox 728 3548 777 3617; x_wconf 93' lang='lat' dir='ltr'><strong>qui</strong></span> <span class='ocrx_word' id='word_1_485' title='bbox 788 3564 850 3617; x_wconf 79' lang='lat' dir='ltr'><strong>prm</strong></span> <span class='ocrx_word' id='word_1_486' title='bbox 865 3551 948 3603; x_wconf 77' lang='lat' dir='ltr'><strong>catte-</strong></span> 
     </span>
     <span class='ocr_line' id='line_1_39' title="bbox 114 3633 948 3705; baseline 0.004 -17"><span class='ocrx_word' id='word_1_487' title='bbox 114 3636 157 3688; x_wconf 89' lang='lat' dir='ltr'><strong>ris</strong></span> <span class='ocrx_word' id='word_1_488' title='bbox 172 3633 313 3687; x_wconf 89' lang='lat' dir='ltr'><strong>fratribus</strong></span> <span class='ocrx_word' id='word_1_489' title='bbox 330 3634 357 3688; x_wconf 88' lang='lat' dir='ltr'><strong>ei</strong></span> <span class='ocrx_word' id='word_1_490' title='bbox 373 3634 556 3688; x_wconf 88' lang='lat' dir='ltr'><strong>familiariter</strong></span> <span class='ocrx_word' id='word_1_491' title='bbox 571 3634 751 3701; x_wconf 77' lang='lat' dir='ltr'><strong>adhaerebat,</strong></span> <span class='ocrx_word' id='word_1_492' title='bbox 768 3651 862 3705; x_wconf 85' lang='lat' dir='ltr'><strong>nuper</strong></span> <span class='ocrx_word' id='word_1_493' title='bbox 876 3637 948 3691; x_wconf 92' lang='lat' dir='ltr'><strong>mihi</strong></span> 
     </span>
     <span class='ocr_line' id='line_1_40' title="bbox 114 3721 947 3794; baseline 0.004 -18"><span class='ocrx_word' id='word_1_494' title='bbox 114 3723 214 3776; x_wconf 90' lang='lat' dir='ltr'><strong>retulit</strong></span> <span class='ocrx_word' id='word_1_495' title='bbox 237 3723 305 3792; x_wconf 91' lang='lat' dir='ltr'><strong>quia</strong></span> <span class='ocrx_word' id='word_1_496' title='bbox 328 3721 455 3791; x_wconf 89' lang='lat' dir='ltr'><strong>quodam</strong></span> <span class='ocrx_word' id='word_1_497' title='bbox 483 3728 615 3792; x_wconf 90' lang='lat' dir='ltr'><strong>tempore</strong></span> <span class='ocrx_word' id='word_1_498' title='bbox 640 3724 804 3778; x_wconf 90' lang='lat' dir='ltr'><strong>saeculares</strong></span> <span class='ocrx_word' id='word_1_499' title='bbox 825 3725 891 3794; x_wconf 92' lang='lat' dir='ltr'><strong>viri,</strong></span> <span class='ocrx_word' id='word_1_500' title='bbox 916 3727 947 3779; x_wconf 90' lang='lat' dir='ltr'><strong>ut</strong></span> 
     </span>
     <span class='ocr_line' id='line_1_41' title="bbox 115 3810 946 3885; baseline 0.004 -20"><span class='ocrx_word' id='word_1_501' title='bbox 115 3812 181 3882; x_wconf 83' lang='lat' dir='ltr'><strong>ejus</strong></span> <span class='ocrx_word' id='word_1_502' title='bbox 204 3810 386 3865; x_wconf 88' lang='lat' dir='ltr'><strong>orationibus</strong></span> <span class='ocrx_word' id='word_1_503' title='bbox 406 3810 568 3879; x_wconf 87' lang='lat' dir='ltr'><strong>fuerentur,</strong></span> <span class='ocrx_word' id='word_1_504' title='bbox 596 3812 774 3866; x_wconf 88' lang='lat' dir='ltr'><strong>visitationis</strong></span> <span class='ocrx_word' id='word_1_505' title='bbox 797 3816 892 3885; x_wconf 90' lang='lat' dir='ltr'><strong>gratia</strong></span> <span class='ocrx_word' id='word_1_506' title='bbox 910 3815 946 3868; x_wconf 77' lang='lat' dir='ltr'><strong>ael</strong></span> 
     </span>
     <span class='ocr_line' id='line_1_42' title="bbox 115 3898 947 3973; baseline 0.004 -18"><span class='ocrx_word' id='word_1_507' title='bbox 115 3903 213 3970; x_wconf 90' lang='lat' dir='ltr'><strong>ipsum</strong></span> <span class='ocrx_word' id='word_1_508' title='bbox 225 3903 378 3953; x_wconf 89' lang='lat' dir='ltr'><strong>venerunt.</strong></span> <span class='ocrx_word' id='word_1_509' title='bbox 391 3898 504 3963; x_wconf 89' lang='lat' dir='ltr'><strong>Quibus</strong></span> <span class='ocrx_word' id='word_1_510' title='bbox 520 3902 588 3969; x_wconf 91' lang='lat' dir='ltr'><strong>post</strong></span> <span class='ocrx_word' id='word_1_511' title='bbox 602 3900 795 3970; x_wconf 85' lang='lat' dir='ltr'><strong>spiritualem,</strong></span> <span class='ocrx_word' id='word_1_512' title='bbox 812 3918 947 3973; x_wconf 86' lang='lat' dir='ltr'><strong>corpora·</strong></span> 
     </span>
    </p>
   </div>
   <div class='ocr_carea' id='block_1_5' title="bbox 6 3986 946 4061">
    <p class='ocr_par' dir='ltr' id='par_1_7' title="bbox 6 3986 946 4061">
     <span class='ocr_line' id='line_1_43' title="bbox 6 3986 946 4061; baseline 0.004 -19"><span class='ocrx_word' id='word_1_513' title='bbox 6 3992 10 3997; x_wconf 85' lang='lat'>&#39;</span> <span class='ocrx_word' id='word_1_514' title='bbox 114 3990 172 4043; x_wconf 90' lang='lat' dir='ltr'><strong>lem</strong></span> <span class='ocrx_word' id='word_1_515' title='bbox 186 3989 272 4042; x_wconf 91' lang='lat' dir='ltr'><strong>ctiam</strong></span> <span class='ocrx_word' id='word_1_516' title='bbox 288 3986 353 4056; x_wconf 81' lang='lat' dir='ltr'><strong>ejus</strong></span> <span class='ocrx_word' id='word_1_517' title='bbox 369 3987 560 4041; x_wconf 87' lang='lat' dir='ltr'><strong>refectionem</strong></span> <span class='ocrx_word' id='word_1_518' title='bbox 571 3988 706 4058; x_wconf 87' lang='lat' dir='ltr'><strong>praebere</strong></span> <span class='ocrx_word' id='word_1_519' title='bbox 721 3991 853 4060; x_wconf 88' lang='lat' dir='ltr'><strong>cupiens,</strong></span> <span class='ocrx_word' id='word_1_520' title='bbox 871 4008 946 4061; x_wconf 88' lang='lat' dir='ltr'><strong>prae-</strong></span> 
     </span>
    </p>
   </div>
   <div class='ocr_carea' id='block_1_6' title="bbox 112 4075 947 4503">
    <p class='ocr_par' dir='ltr' id='par_1_8' title="bbox 112 4075 947 4503">
     <span class='ocr_line' id='line_1_44' title="bbox 114 4075 947 4148; baseline 0.005 -18"><span class='ocrx_word' id='word_1_521' title='bbox 114 4079 173 4131; x_wconf 89' lang='lat' dir='ltr'><strong>fato</strong></span> <span class='ocrx_word' id='word_1_522' title='bbox 189 4076 290 4144; x_wconf 54' lang='lat' dir='ltr'><strong>laconi,</strong></span> <span class='ocrx_word' id='word_1_523' title='bbox 308 4092 362 4128; x_wconf 91' lang='lat' dir='ltr'><strong>suo</strong></span> <span class='ocrx_word' id='word_1_524' title='bbox 379 4075 514 4130; x_wconf 88' lang='lat' dir='ltr'><strong>videlicet</strong></span> <span class='ocrx_word' id='word_1_525' title='bbox 525 4077 694 4146; x_wconf 77' lang='lat' dir='ltr'><strong>praeposito,</strong></span> <span class='ocrx_word' id='word_1_526' title='bbox 706 4079 947 4148; x_wconf 75' lang='lat' dir='ltr'><strong>praecepiicltari·</strong></span> 
     </span>
     <span class='ocr_line' id='line_1_45' title="bbox 114 4165 946 4237; baseline 0.005 -18"><span class='ocrx_word' id='word_1_527' title='bbox 114 4166 183 4220; x_wconf 89' lang='lat' dir='ltr'><strong>tatis</strong></span> <span class='ocrx_word' id='word_1_528' title='bbox 200 4180 289 4218; x_wconf 89' lang='lat' dir='ltr'><strong>causa</strong></span> <span class='ocrx_word' id='word_1_529' title='bbox 304 4180 437 4218; x_wconf 87' lang='lat' dir='ltr'><strong>mensam</strong></span> <span class='ocrx_word' id='word_1_530' title='bbox 450 4165 495 4218; x_wconf 87' lang='lat' dir='ltr'><strong>eis</strong></span> <span class='ocrx_word' id='word_1_531' title='bbox 507 4181 653 4235; x_wconf 88' lang='lat' dir='ltr'><strong>apponere</strong></span> <span class='ocrx_word' id='word_1_532' title='bbox 668 4170 695 4219; x_wconf 88' lang='lat' dir='ltr'><strong>et</strong></span> <span class='ocrx_word' id='word_1_533' title='bbox 706 4168 860 4236; x_wconf 88' lang='lat' dir='ltr'><strong>prandium</strong></span> <span class='ocrx_word' id='word_1_534' title='bbox 874 4185 946 4237; x_wconf 81' lang='lat' dir='ltr'><strong>pree·</strong></span> 
     </span>
     <span class='ocr_line' id='line_1_46' title="bbox 113 4253 945 4324; baseline 0.005 -17"><span class='ocrx_word' id='word_1_535' title='bbox 113 4270 227 4324; x_wconf 79' lang='lat' dir='ltr'><strong>parare.</strong></span> <span class='ocrx_word' id='word_1_536' title='bbox 246 4253 299 4316; x_wconf 81' lang='lat' dir='ltr'><strong>Qui</strong></span> <span class='ocrx_word' id='word_1_537' title='bbox 315 4253 387 4306; x_wconf 88' lang='lat' dir='ltr'><strong>nilril</strong></span> <span class='ocrx_word' id='word_1_538' title='bbox 404 4253 480 4307; x_wconf 90' lang='lat' dir='ltr'><strong>aliud</strong></span> <span class='ocrx_word' id='word_1_539' title='bbox 499 4258 607 4322; x_wconf 78' lang='lat' dir='ltr'><strong>praeter</strong></span> <span class='ocrx_word' id='word_1_540' title='bbox 627 4270 731 4323; x_wconf 90' lang='lat' dir='ltr'><strong>panem</strong></span> <span class='ocrx_word' id='word_1_541' title='bbox 747 4259 774 4309; x_wconf 90' lang='lat' dir='ltr'><strong>ct</strong></span> <span class='ocrx_word' id='word_1_542' title='bbox 789 4256 900 4324; x_wconf 77' lang='lat' dir='ltr'><strong>vinum,</strong></span> <span class='ocrx_word' id='word_1_543' title='bbox 917 4261 945 4312; x_wconf 89' lang='lat' dir='ltr'><strong>et</strong></span> 
     </span>
     <span class='ocr_line' id='line_1_47' title="bbox 113 4341 945 4413; baseline 0.005 -18"><span class='ocrx_word' id='word_1_544' title='bbox 113 4344 243 4413; x_wconf 90' lang='lat' dir='ltr'><strong>quinque</strong></span> <span class='ocrx_word' id='word_1_545' title='bbox 260 4358 314 4394; x_wconf 86' lang='lat' dir='ltr'><strong>ova</strong></span> <span class='ocrx_word' id='word_1_546' title='bbox 330 4341 502 4412; x_wconf 83' lang='lat' dir='ltr'><strong>gallinacea,</strong></span> <span class='ocrx_word' id='word_1_547' title='bbox 515 4343 593 4411; x_wconf 85' lang='lat' dir='ltr'><strong>quod</strong></span> <span class='ocrx_word' id='word_1_548' title='bbox 604 4343 648 4396; x_wconf 89' lang='lat' dir='ltr'><strong>cis</strong></span> <span class='ocrx_word' id='word_1_549' title='bbox 663 4343 945 4399; x_wconf 88' lang='lat' dir='ltr'><strong>admanducandum</strong></span> 
     </span>
     <span class='ocr_line' id='line_1_48' title="bbox 112 4429 947 4503; baseline 0.005 -20"><span class='ocrx_word' id='word_1_550' title='bbox 112 4432 247 4502; x_wconf 77' lang='lat' dir='ltr'><strong>praeliare</strong></span> <span class='ocrx_word' id='word_1_551' title='bbox 264 4433 375 4498; x_wconf 88' lang='lat' dir='ltr'><strong>posset,</strong></span> <span class='ocrx_word' id='word_1_552' title='bbox 395 4444 428 4482; x_wconf 88' lang='lat' dir='ltr'><strong>se</strong></span> <span class='ocrx_word' id='word_1_553' title='bbox 441 4429 549 4483; x_wconf 86' lang='lat' dir='ltr'><strong>lrahcre</strong></span> <span class='ocrx_word' id='word_1_554' title='bbox 565 4431 719 4498; x_wconf 81' lang='lat' dir='ltr'><strong>respondit</strong></span> <span class='ocrx_word' id='word_1_555' title='bbox 729 4449 735 4495; x_wconf 91' lang='lat'>;</span> <span class='ocrx_word' id='word_1_556' title='bbox 753 4433 807 4485; x_wconf 86' lang='lat' dir='ltr'><strong>scd</strong></span> <span class='ocrx_word' id='word_1_557' title='bbox 823 4434 947 4503; x_wconf 90' lang='lat' dir='ltr'><strong>qualiter</strong></span> 
     </span>
    </p>
   </div>
   <div class='ocr_carea' id='block_1_7' title="bbox 999 3549 1832 4502">
    <p class='ocr_par' dir='ltr' id='par_1_9' title="bbox 1000 3549 1832 3884">
     <span class='ocr_line' id='line_1_49' title="bbox 1003 3549 1832 3618; baseline 0.001 -15"><span class='ocrx_word' id='word_1_558' title='bbox 1003 3549 1171 3618; x_wconf 89' lang='lat' dir='ltr'><strong>ecclesiam,</strong></span> <span class='ocrx_word' id='word_1_559' title='bbox 1182 3549 1331 3603; x_wconf 87' lang='lat' dir='ltr'><strong>sedetiam</strong></span> <span class='ocrx_word' id='word_1_560' title='bbox 1343 3564 1429 3604; x_wconf 88' lang='lat' dir='ltr'><strong>omne</strong></span> <span class='ocrx_word' id='word_1_561' title='bbox 1447 3549 1517 3602; x_wconf 91' lang='lat' dir='ltr'><strong>illud</strong></span> <span class='ocrx_word' id='word_1_562' title='bbox 1533 3550 1747 3605; x_wconf 89' lang='lat' dir='ltr'><strong>monasterium</strong></span> <span class='ocrx_word' id='word_1_563' title='bbox 1762 3550 1832 3605; x_wconf 82' lang='lat' dir='ltr'><strong>mira</strong></span> 
     </span>
     <span class='ocr_line' id='line_1_50' title="bbox 1002 3637 1832 3708; baseline 0 -17"><span class='ocrx_word' id='word_1_564' title='bbox 1002 3639 1146 3691; x_wconf 90' lang='lat' dir='ltr'><strong>suavitate</strong></span> <span class='ocrx_word' id='word_1_565' title='bbox 1168 3637 1337 3708; x_wconf 85' lang='lat' dir='ltr'><strong>repleverit.</strong></span> <span class='ocrx_word' id='word_1_566' title='bbox 1361 3637 1406 3691; x_wconf 78' lang='lat' dir='ltr'><strong>Ex</strong></span> <span class='ocrx_word' id='word_1_567' title='bbox 1421 3653 1478 3707; x_wconf 90' lang='lat' dir='ltr'><strong>qua</strong></span> <span class='ocrx_word' id='word_1_568' title='bbox 1499 3653 1531 3692; x_wconf 90' lang='lat' dir='ltr'><strong>re</strong></span> <span class='ocrx_word' id='word_1_569' title='bbox 1546 3637 1612 3692; x_wconf 90' lang='lat' dir='ltr'><strong>sine</strong></span> <span class='ocrx_word' id='word_1_570' title='bbox 1637 3638 1728 3694; x_wconf 92' lang='lat' dir='ltr'><strong>dubio</strong></span> <span class='ocrx_word' id='word_1_571' title='bbox 1750 3639 1832 3693; x_wconf 90' lang='lat' dir='ltr'><strong>datur</strong></span> 
     </span>
     <span class='ocr_line' id='line_1_51' title="bbox 1001 3724 1832 3797; baseline 0.002 -19"><span class='ocrx_word' id='word_1_572' title='bbox 1001 3725 1126 3796; x_wconf 87' lang='lat' dir='ltr'><strong>intelligi</strong></span> <span class='ocrx_word' id='word_1_573' title='bbox 1141 3724 1219 3796; x_wconf 94' lang='lat' dir='ltr'><strong>quod</strong></span> <span class='ocrx_word' id='word_1_574' title='bbox 1233 3725 1358 3797; x_wconf 85' lang='lat' dir='ltr'><strong>angelus</strong></span> <span class='ocrx_word' id='word_1_575' title='bbox 1376 3726 1491 3780; x_wconf 90' lang='lat' dir='ltr'><strong>Domini</strong></span> <span class='ocrx_word' id='word_1_576' title='bbox 1507 3727 1594 3781; x_wconf 91' lang='lat' dir='ltr'><strong>fuerit</strong></span> <span class='ocrx_word' id='word_1_577' title='bbox 1609 3728 1660 3797; x_wconf 95' lang='lat' dir='ltr'><strong>qui</strong></span> <span class='ocrx_word' id='word_1_578' title='bbox 1675 3727 1749 3783; x_wconf 91' lang='lat' dir='ltr'><strong>illud</strong></span> <span class='ocrx_word' id='word_1_579' title='bbox 1771 3727 1832 3796; x_wconf 75' lang='lat' dir='ltr'><strong>thv-</strong></span> 
     </span>
     <span class='ocr_line' id='line_1_52' title="bbox 1000 3812 1652 3884; baseline 0.003 -18"><span class='ocrx_word' id='word_1_580' title='bbox 1000 3815 1106 3866; x_wconf 90' lang='lat' dir='ltr'><strong>miama</strong></span> <span class='ocrx_word' id='word_1_581' title='bbox 1121 3813 1191 3867; x_wconf 92' lang='lat' dir='ltr'><strong>tanti</strong></span> <span class='ocrx_word' id='word_1_582' title='bbox 1207 3812 1377 3884; x_wconf 86' lang='lat' dir='ltr'><strong>fragrantiae</strong></span> <span class='ocrx_word' id='word_1_583' title='bbox 1389 3813 1491 3868; x_wconf 91' lang='lat' dir='ltr'><strong>odoris</strong></span> <span class='ocrx_word' id='word_1_584' title='bbox 1507 3813 1652 3868; x_wconf 91' lang='lat' dir='ltr'><strong>tribuerit.</strong></span> 
     </span>
    </p>

    <p class='ocr_par' dir='ltr' id='par_1_10' title="bbox 999 3901 1832 4502">
     <span class='ocr_line' id='line_1_53' title="bbox 1037 3901 1830 3972; baseline 0.005 -18"><span class='ocrx_word' id='word_1_585' title='bbox 1037 3902 1108 3956; x_wconf 76' lang='lat' dir='ltr'><strong>llaec</strong></span> <span class='ocrx_word' id='word_1_586' title='bbox 1123 3902 1225 3955; x_wconf 88' lang='lat' dir='ltr'><strong>eadam</strong></span> <span class='ocrx_word' id='word_1_587' title='bbox 1238 3901 1468 3972; x_wconf 86' lang='lat' dir='ltr'><strong>religiosissima</strong></span> <span class='ocrx_word' id='word_1_588' title='bbox 1482 3901 1645 3972; x_wconf 89' lang='lat' dir='ltr'><strong>abbatissa,</strong></span> <span class='ocrx_word' id='word_1_589' title='bbox 1661 3903 1733 3958; x_wconf 91' lang='lat' dir='ltr'><strong>dum</strong></span> <span class='ocrx_word' id='word_1_590' title='bbox 1743 3904 1830 3958; x_wconf 89' lang='lat' dir='ltr'><strong>multa</strong></span> 
     </span>
     <span class='ocr_line' id='line_1_54' title="bbox 1001 3989 1831 4061; baseline 0.005 -17"><span class='ocrx_word' id='word_1_591' title='bbox 1001 3989 1831 4061; x_wconf 85' lang='lat' dir='ltr'><strong>pertemporasollicitovirginibuspraefuisset,verbiset</strong></span> 
     </span>
     <span class='ocr_line' id='line_1_55' title="bbox 1002 4077 1829 4148; baseline 0.002 -16"><span class='ocrx_word' id='word_1_592' title='bbox 1002 4079 1144 4148; x_wconf 86' lang='lat' dir='ltr'><strong>exemplis</strong></span> <span class='ocrx_word' id='word_1_593' title='bbox 1156 4078 1213 4132; x_wconf 90' lang='lat' dir='ltr'><strong>sibi</strong></span> <span class='ocrx_word' id='word_1_594' title='bbox 1225 4078 1400 4132; x_wconf 89' lang='lat' dir='ltr'><strong>commissas</strong></span> <span class='ocrx_word' id='word_1_595' title='bbox 1410 4078 1462 4132; x_wconf 92' lang='lat' dir='ltr'><strong>Del</strong></span> <span class='ocrx_word' id='word_1_596' title='bbox 1476 4077 1602 4133; x_wconf 89' lang='lat' dir='ltr'><strong>famulas</strong></span> <span class='ocrx_word' id='word_1_597' title='bbox 1611 4080 1764 4136; x_wconf 88' lang='lat' dir='ltr'><strong>instruere</strong></span> <span class='ocrx_word' id='word_1_598' title='bbox 1775 4098 1829 4136; x_wconf 91' lang='lat' dir='ltr'><strong>non</strong></span> 
     </span>
     <span class='ocr_line' id='line_1_56' title="bbox 1002 4166 1828 4237; baseline 0.006 -17"><span class='ocrx_word' id='word_1_599' title='bbox 1002 4183 1137 4235; x_wconf 79' lang='lat' dir='ltr'><strong>cessaria,</strong></span> <span class='ocrx_word' id='word_1_600' title='bbox 1154 4166 1296 4237; x_wconf 84' lang='lat' dir='ltr'><strong>languore</strong></span> <span class='ocrx_word' id='word_1_601' title='bbox 1310 4169 1385 4221; x_wconf 89' lang='lat' dir='ltr'><strong>tacta</strong></span> <span class='ocrx_word' id='word_1_602' title='bbox 1401 4166 1533 4236; x_wconf 89' lang='lat' dir='ltr'><strong>eorporis</strong></span> <span class='ocrx_word' id='word_1_603' title='bbox 1549 4167 1630 4222; x_wconf 91' lang='lat' dir='ltr'><strong>venit</strong></span> <span class='ocrx_word' id='word_1_604' title='bbox 1644 4169 1681 4222; x_wconf 90' lang='lat' dir='ltr'><strong>ad</strong></span> <span class='ocrx_word' id='word_1_605' title='bbox 1696 4174 1828 4225; x_wconf 88' lang='lat' dir='ltr'><strong>mortem.</strong></span> 
     </span>
     <span class='ocr_line' id='line_1_57' title="bbox 1000 4253 1832 4325; baseline 0.005 -18"><span class='ocrx_word' id='word_1_606' title='bbox 1000 4253 1131 4324; x_wconf 77' lang='lat' dir='ltr'><strong>Cumque</strong></span> <span class='ocrx_word' id='word_1_607' title='bbox 1147 4254 1176 4307; x_wconf 90' lang='lat' dir='ltr'><strong>in</strong></span> <span class='ocrx_word' id='word_1_608' title='bbox 1191 4256 1321 4308; x_wconf 87' lang='lat' dir='ltr'><strong>extremo</strong></span> <span class='ocrx_word' id='word_1_609' title='bbox 1332 4256 1427 4323; x_wconf 89' lang='lat' dir='ltr'><strong>posita</strong></span> <span class='ocrx_word' id='word_1_610' title='bbox 1438 4253 1502 4324; x_wconf 77' lang='lat' dir='ltr'><strong>,jam</strong></span> <span class='ocrx_word' id='word_1_611' title='bbox 1516 4269 1608 4325; x_wconf 90' lang='lat' dir='ltr'><strong>propa</strong></span> <span class='ocrx_word' id='word_1_612' title='bbox 1620 4260 1703 4311; x_wconf 89' lang='lat' dir='ltr'><strong>esset</strong></span> <span class='ocrx_word' id='word_1_613' title='bbox 1714 4261 1744 4312; x_wconf 93' lang='lat' dir='ltr'><strong>ut</strong></span> <span class='ocrx_word' id='word_1_614' title='bbox 1754 4258 1832 4312; x_wconf 89' lang='lat' dir='ltr'><strong>Chri·</strong></span> 
     </span>
     <span class='ocr_line' id='line_1_58' title="bbox 1001 4342 1831 4415; baseline 0.005 -20"><span class='ocrx_word' id='word_1_615' title='bbox 1001 4346 1057 4409; x_wconf 82' lang='lat' dir='ltr'><strong>ato,</strong></span> <span class='ocrx_word' id='word_1_616' title='bbox 1071 4343 1117 4396; x_wconf 93' lang='lat' dir='ltr'><strong>cui</strong></span> <span class='ocrx_word' id='word_1_617' title='bbox 1127 4342 1280 4411; x_wconf 88' lang='lat' dir='ltr'><strong>servierat,</strong></span> <span class='ocrx_word' id='word_1_618' title='bbox 1297 4343 1422 4396; x_wconf 87' lang='lat' dir='ltr'><strong>animam</strong></span> <span class='ocrx_word' id='word_1_619' title='bbox 1437 4343 1560 4398; x_wconf 89' lang='lat' dir='ltr'><strong>reddere</strong></span> <span class='ocrx_word' id='word_1_620' title='bbox 1571 4343 1704 4415; x_wconf 85' lang='lat' dir='ltr'><strong>deberet,</strong></span> <span class='ocrx_word' id='word_1_621' title='bbox 1714 4346 1831 4400; x_wconf 88' lang='lat' dir='ltr'><strong>videnti·</strong></span> 
     </span>
     <span class='ocr_line' id='line_1_59' title="bbox 999 4431 1830 4502; baseline 0.004 -18"><span class='ocrx_word' id='word_1_622' title='bbox 999 4431 1057 4484; x_wconf 90' lang='lat' dir='ltr'><strong>bus</strong></span> <span class='ocrx_word' id='word_1_623' title='bbox 1068 4432 1183 4485; x_wconf 85' lang='lat' dir='ltr'><strong>curretis</strong></span> <span class='ocrx_word' id='word_1_624' title='bbox 1194 4431 1242 4501; x_wconf 89' lang='lat' dir='ltr'><strong>qui</strong></span> <span class='ocrx_word' id='word_1_625' title='bbox 1255 4431 1400 4485; x_wconf 89' lang='lat' dir='ltr'><strong>aderantc</strong></span> <span class='ocrx_word' id='word_1_626' title='bbox 1412 4431 1517 4486; x_wconf 89' lang='lat' dir='ltr'><strong>lectulo</strong></span> <span class='ocrx_word' id='word_1_627' title='bbox 1526 4447 1560 4486; x_wconf 92' lang='lat' dir='ltr'><strong>se</strong></span> <span class='ocrx_word' id='word_1_628' title='bbox 1570 4433 1657 4502; x_wconf 91' lang='lat' dir='ltr'><strong>quasi</strong></span> <span class='ocrx_word' id='word_1_629' title='bbox 1668 4434 1705 4487; x_wconf 91' lang='lat' dir='ltr'><strong>ad</strong></span> <span class='ocrx_word' id='word_1_630' title='bbox 1718 4451 1830 4489; x_wconf 80' lang='lat' dir='ltr'><strong>mensu·</strong></span> 
     </span>
    </p>
   </div>
   <div class='ocr_carea' id='block_1_8' title="bbox 112 4516 1827 4592">
    <p class='ocr_par' dir='ltr' id='par_1_11' title="bbox 112 4516 1827 4592">
     <span class='ocr_line' id='line_1_60' title="bbox 112 4516 1827 4592; baseline 0.005 -19"><span class='ocrx_word' id='word_1_631' title='bbox 112 4521 190 4573; x_wconf 79' lang='lat' dir='ltr'><strong>inter</strong></span> <span class='ocrx_word' id='word_1_632' title='bbox 206 4535 257 4572; x_wconf 78' lang='lat' dir='ltr'><strong>aas</strong></span> <span class='ocrx_word' id='word_1_633' title='bbox 272 4519 338 4586; x_wconf 78' lang='lat' dir='ltr'><strong>ipsa</strong></span> <span class='ocrx_word' id='word_1_634' title='bbox 354 4534 409 4570; x_wconf 86' lang='lat' dir='ltr'><strong>ova</strong></span> <span class='ocrx_word' id='word_1_635' title='bbox 421 4518 511 4571; x_wconf 75' lang='lat' dir='ltr'><strong>divali</strong></span> <span class='ocrx_word' id='word_1_636' title='bbox 523 4519 673 4586; x_wconf 80' lang='lat' dir='ltr'><strong>deberent,</strong></span> <span class='ocrx_word' id='word_1_637' title='bbox 687 4520 824 4589; x_wconf 81' lang='lat' dir='ltr'><strong>ignorare</strong></span> <span class='ocrx_word' id='word_1_638' title='bbox 841 4537 847 4574; x_wconf 89' lang='lat'>:</span> <span class='ocrx_word' id='word_1_639' title='bbox 864 4525 946 4576; x_wconf 86' lang='lat' dir='ltr'><strong>erant</strong></span> <span class='ocrx_word' id='word_1_640' title='bbox 959 4516 986 4578; x_wconf 94' lang='lat' dir='ltr'><strong>D</strong></span> <span class='ocrx_word' id='word_1_641' title='bbox 999 4536 1062 4573; x_wconf 88' lang='lat' dir='ltr'><strong>ram</strong></span> <span class='ocrx_word' id='word_1_642' title='bbox 1077 4521 1163 4573; x_wconf 80' lang='lat' dir='ltr'><strong>trium</strong></span> <span class='ocrx_word' id='word_1_643' title='bbox 1179 4519 1344 4573; x_wconf 83' lang='lat' dir='ltr'><strong>cubitorum</strong></span> <span class='ocrx_word' id='word_1_644' title='bbox 1360 4520 1390 4573; x_wconf 91' lang='lat' dir='ltr'><strong>in</strong></span> <span class='ocrx_word' id='word_1_645' title='bbox 1406 4535 1475 4574; x_wconf 81' lang='lat' dir='ltr'><strong>aare</strong></span> <span class='ocrx_word' id='word_1_646' title='bbox 1490 4521 1621 4586; x_wconf 84' lang='lat' dir='ltr'><strong>elevans,</strong></span> <span class='ocrx_word' id='word_1_647' title='bbox 1642 4523 1785 4592; x_wconf 83' lang='lat' dir='ltr'><strong>expansis</strong></span> <span class='ocrx_word' id='word_1_648' title='bbox 1800 4523 1827 4577; x_wconf 89' lang='lat' dir='ltr'><strong>in</strong></span> 
     </span>
    </p>
   </div>
   <div class='ocr_carea' id='block_1_9' title="bbox 111 4606 944 4769">
    <p class='ocr_par' dir='ltr' id='par_1_12' title="bbox 111 4606 944 4769">
     <span class='ocr_line' id='line_1_61' title="bbox 111 4606 944 4679; baseline 0.004 -19"><span class='ocrx_word' id='word_1_649' title='bbox 111 4607 152 4661; x_wconf 92' lang='lat' dir='ltr'><strong>illi</strong></span> <span class='ocrx_word' id='word_1_650' title='bbox 182 4607 283 4676; x_wconf 86' lang='lat' dir='ltr'><strong>ulique</strong></span> <span class='ocrx_word' id='word_1_651' title='bbox 309 4609 432 4674; x_wconf 85' lang='lat' dir='ltr'><strong>septem.</strong></span> <span class='ocrx_word' id='word_1_652' title='bbox 462 4606 515 4660; x_wconf 82' lang='lat' dir='ltr'><strong>Cui</strong></span> <span class='ocrx_word' id='word_1_653' title='bbox 542 4607 589 4659; x_wconf 92' lang='lat' dir='ltr'><strong>ille</strong></span> <span class='ocrx_word' id='word_1_654' title='bbox 620 4622 625 4660; x_wconf 95' lang='lat'><strong>:</strong></span> <span class='ocrx_word' id='word_1_655' title='bbox 658 4606 793 4675; x_wconf 79' lang='lat' dir='ltr'><strong>Festina,</strong></span> <span class='ocrx_word' id='word_1_656' title='bbox 831 4609 944 4679; x_wconf 87' lang='lat' dir='ltr'><strong>inquit,</strong></span> 
     </span>
     <span class='ocr_line' id='line_1_62' title="bbox 112 4694 943 4769; baseline 0.006 -22"><span class='ocrx_word' id='word_1_657' title='bbox 112 4697 298 4767; x_wconf 89' lang='lat' dir='ltr'><strong>quantocius,</strong></span> <span class='ocrx_word' id='word_1_658' title='bbox 323 4699 351 4748; x_wconf 90' lang='lat' dir='ltr'><strong>et</strong></span> <span class='ocrx_word' id='word_1_659' title='bbox 370 4694 472 4748; x_wconf 89' lang='lat' dir='ltr'><strong>cadem</strong></span> <span class='ocrx_word' id='word_1_660' title='bbox 495 4712 550 4748; x_wconf 89' lang='lat' dir='ltr'><strong>ova</strong></span> <span class='ocrx_word' id='word_1_661' title='bbox 572 4696 640 4766; x_wconf 89' lang='lat' dir='ltr'><strong>igne</strong></span> <span class='ocrx_word' id='word_1_662' title='bbox 656 4696 943 4769; x_wconf 87' lang='lat' dir='ltr'><strong>adhibitopraepara,</strong></span> 
     </span>
    </p>
   </div>
   <div class='ocr_carea' id='block_1_10' title="bbox 110 4836 945 5472">
    <p class='ocr_par' dir='ltr' id='par_1_13' title="bbox 111 4836 945 5245">
     <span class='ocr_line' id='line_1_63' title="bbox 112 4836 944 4906; baseline 0.005 -15"><span class='ocrx_word' id='word_1_663' title='bbox 112 4838 255 4892; x_wconf 82' lang='lat' dir='ltr'><strong>moniaeae</strong></span> <span class='ocrx_word' id='word_1_664' title='bbox 265 4837 392 4891; x_wconf 71' lang='lat' dir='ltr'><strong>haeresis</strong></span> <span class='ocrx_word' id='word_1_665' title='bbox 403 4837 487 4906; x_wconf 88' lang='lat' dir='ltr'><strong>quasi</strong></span> <span class='ocrx_word' id='word_1_666' title='bbox 500 4852 552 4906; x_wconf 89' lang='lat' dir='ltr'><strong>pro</strong></span> <span class='ocrx_word' id='word_1_667' title='bbox 562 4836 801 4906; x_wconf 87' lang='lat' dir='ltr'><strong>nilriloreputari,</strong></span> <span class='ocrx_word' id='word_1_668' title='bbox 814 4843 866 4892; x_wconf 89' lang='lat' dir='ltr'><strong>eta</strong></span> <span class='ocrx_word' id='word_1_669' title='bbox 877 4839 944 4895; x_wconf 92' lang='lat' dir='ltr'><strong>divo</strong></span> 
     </span>
     <span class='ocr_line' id='line_1_64' title="bbox 112 4907 943 4978; baseline 0.004 -17"><span class='ocrx_word' id='word_1_670' title='bbox 112 4910 270 4962; x_wconf 78' lang='lat' dir='ltr'><strong>Ambrosio</strong></span> <span class='ocrx_word' id='word_1_671' title='bbox 286 4910 401 4978; x_wconf 90' lang='lat' dir='ltr'><strong>culpam</strong></span> <span class='ocrx_word' id='word_1_672' title='bbox 417 4907 623 4977; x_wconf 85' lang='lat' dir='ltr'><strong>inexpiabilem</strong></span> <span class='ocrx_word' id='word_1_673' title='bbox 637 4909 810 4978; x_wconf 76' lang='lat' dir='ltr'><strong>nuncupari</strong></span> <span class='ocrx_word' id='word_1_674' title='bbox 828 4909 943 4965; x_wconf 87' lang='lat' dir='ltr'><strong>Utinam</strong></span> 
     </span>
     <span class='ocr_line' id='line_1_65' title="bbox 113 4980 945 5049; baseline 0.005 -18"><span class='ocrx_word' id='word_1_675' title='bbox 113 4980 214 5032; x_wconf 76' lang='lat' dir='ltr'><strong>saculi</strong></span> <span class='ocrx_word' id='word_1_676' title='bbox 231 4981 323 5033; x_wconf 70' lang='lat' dir='ltr'><strong>nostri</strong></span> <span class='ocrx_word' id='word_1_677' title='bbox 342 4995 439 5032; x_wconf 85' lang='lat' dir='ltr'><strong>mores</strong></span> <span class='ocrx_word' id='word_1_678' title='bbox 455 4981 522 5031; x_wconf 89' lang='lat' dir='ltr'><strong>talia</strong></span> <span class='ocrx_word' id='word_1_679' title='bbox 538 4994 596 5032; x_wconf 90' lang='lat' dir='ltr'><strong>non</strong></span> <span class='ocrx_word' id='word_1_680' title='bbox 608 4984 743 5048; x_wconf 86' lang='lat' dir='ltr'><strong>parerent</strong></span> <span class='ocrx_word' id='word_1_681' title='bbox 757 4983 899 5049; x_wconf 90' lang='lat' dir='ltr'><strong>monstra,</strong></span> <span class='ocrx_word' id='word_1_682' title='bbox 916 4983 945 5036; x_wconf 89' lang='lat' dir='ltr'><strong>et</strong></span> 
     </span>
     <span class='ocr_line' id='line_1_66' title="bbox 112 5050 943 5120; baseline 0.006 -20"><span class='ocrx_word' id='word_1_683' title='bbox 112 5050 264 5104; x_wconf 86' lang='lat' dir='ltr'><strong>tolleretur</strong></span> <span class='ocrx_word' id='word_1_684' title='bbox 278 5066 293 5104; x_wconf 91' lang='lat' dir='ltr'><strong>e</strong></span> <span class='ocrx_word' id='word_1_685' title='bbox 305 5050 400 5103; x_wconf 82' lang='lat' dir='ltr'><strong>medio</strong></span> <span class='ocrx_word' id='word_1_686' title='bbox 416 5050 602 5120; x_wconf 84' lang='lat' dir='ltr'><strong>quantocius,</strong></span> <span class='ocrx_word' id='word_1_687' title='bbox 616 5051 716 5104; x_wconf 87' lang='lat' dir='ltr'><strong>verbis</strong></span> <span class='ocrx_word' id='word_1_688' title='bbox 728 5053 880 5105; x_wconf 79' lang='lat' dir='ltr'><strong>utorl&#39;ctri</strong></span> <span class='ocrx_word' id='word_1_689' title='bbox 892 5053 943 5105; x_wconf 89' lang='lat' dir='ltr'><strong>Da-</strong></span> 
     </span>
     <span class='ocr_line' id='line_1_67' title="bbox 112 5120 941 5192; baseline 0.008 -22"><span class='ocrx_word' id='word_1_690' title='bbox 112 5120 211 5184; x_wconf 91' lang='lat' dir='ltr'><strong>miani,</strong></span> <span class='ocrx_word' id='word_1_691' title='bbox 232 5125 367 5174; x_wconf 72' lang='lat' dir='ltr'><strong>tartareae</strong></span> <span class='ocrx_word' id='word_1_692' title='bbox 389 5121 592 5174; x_wconf 88' lang='lat' dir='ltr'><strong>amaritudinis</strong></span> <span class='ocrx_word' id='word_1_693' title='bbox 616 5121 773 5188; x_wconf 89' lang='lat' dir='ltr'><strong>aconitum,</strong></span> <span class='ocrx_word' id='word_1_694' title='bbox 791 5137 837 5186; x_wconf 88' lang='lat' dir='ltr'><strong>ne,</strong></span> <span class='ocrx_word' id='word_1_695' title='bbox 862 5123 941 5192; x_wconf 92' lang='lat' dir='ltr'><strong>quod</strong></span> 
     </span>
     <span class='ocr_line' id='line_1_68' title="bbox 111 5188 602 5245; baseline 0.006 -4"><span class='ocrx_word' id='word_1_696' title='bbox 111 5188 207 5242; x_wconf 86' lang='lat' dir='ltr'><strong>absit!</strong></span> <span class='ocrx_word' id='word_1_697' title='bbox 224 5190 313 5243; x_wconf 83' lang='lat' dir='ltr'><strong>ferale</strong></span> <span class='ocrx_word' id='word_1_698' title='bbox 329 5207 475 5245; x_wconf 87' lang='lat' dir='ltr'><strong>venenum</strong></span> <span class='ocrx_word' id='word_1_699' title='bbox 492 5192 602 5245; x_wconf 86' lang='lat' dir='ltr'><strong>influat.</strong></span> 
     </span>
    </p>

    <p class='ocr_par' dir='ltr' id='par_1_14' title="bbox 110 5257 941 5472">
     <span class='ocr_line' id='line_1_69' title="bbox 147 5257 941 5331; baseline 0.006 -19"><span class='ocrx_word' id='word_1_700' title='bbox 147 5257 203 5327; x_wconf 89' lang='grc'>(83)</span> <span class='ocrx_word' id='word_1_701' title='bbox 218 5263 334 5322; x_wconf 78' lang='lat' dir='ltr'><strong>Quievit</strong></span> <span class='ocrx_word' id='word_1_702' title='bbox 349 5264 377 5314; x_wconf 91' lang='lat' dir='ltr'><strong>in</strong></span> <span class='ocrx_word' id='word_1_703' title='bbox 393 5279 464 5331; x_wconf 90' lang='lat' dir='ltr'><strong>pace</strong></span> <span class='ocrx_word' id='word_1_704' title='bbox 479 5263 508 5316; x_wconf 86' lang='lat' dir='ltr'><strong>S.</strong></span> <span class='ocrx_word' id='word_1_705' title='bbox 518 5262 648 5316; x_wconf 78' lang='lat' dir='ltr'><strong>dlferius</strong></span> <span class='ocrx_word' id='word_1_706' title='bbox 664 5263 865 5317; x_wconf 80' lang='lat' dir='ltr'><strong>Salernatinus</strong></span> <span class='ocrx_word' id='word_1_707' title='bbox 880 5279 941 5317; x_wconf 93' lang='lat' dir='ltr'><strong>mo·</strong></span> 
     </span>
     <span class='ocr_line' id='line_1_70' title="bbox 111 5330 940 5401; baseline 0.008 -19"><span class='ocrx_word' id='word_1_708' title='bbox 111 5330 225 5383; x_wconf 86' lang='lat' dir='ltr'><strong>naclrus</strong></span> <span class='ocrx_word' id='word_1_709' title='bbox 236 5332 451 5400; x_wconf 64' lang='lat' dir='ltr'><strong>cluniacensis,</strong></span> <span class='ocrx_word' id='word_1_710' title='bbox 462 5334 576 5401; x_wconf 89' lang='lat' dir='ltr'><strong>primus</strong></span> <span class='ocrx_word' id='word_1_711' title='bbox 591 5333 684 5386; x_wconf 92' lang='lat' dir='ltr'><strong>abbas</strong></span> <span class='ocrx_word' id='word_1_712' title='bbox 699 5335 869 5388; x_wconf 89' lang='lat' dir='ltr'><strong>monasterii</strong></span> <span class='ocrx_word' id='word_1_713' title='bbox 883 5338 940 5389; x_wconf 81' lang='lat' dir='ltr'><strong>Ca-</strong></span> 
     </span>
     <span class='ocr_line' id='line_1_71' title="bbox 110 5400 940 5472; baseline 0.006 -19"><span class='ocrx_word' id='word_1_714' title='bbox 110 5400 224 5468; x_wconf 77' lang='lat' dir='ltr'><strong>vcnsiS,</strong></span> <span class='ocrx_word' id='word_1_715' title='bbox 242 5404 269 5454; x_wconf 88' lang='lat' dir='ltr'><strong>ct</strong></span> <span class='ocrx_word' id='word_1_716' title='bbox 284 5402 448 5470; x_wconf 88' lang='lat' dir='ltr'><strong>discipulus</strong></span> <span class='ocrx_word' id='word_1_717' title='bbox 464 5405 557 5458; x_wconf 89' lang='lat' dir='ltr'><strong>sancti</strong></span> <span class='ocrx_word' id='word_1_718' title='bbox 571 5403 713 5472; x_wconf 91' lang='lat' dir='ltr'><strong>Odilonis,</strong></span> <span class='ocrx_word' id='word_1_719' title='bbox 731 5420 807 5458; x_wconf 90' lang='lat' dir='ltr'><strong>anno</strong></span> <span class='ocrx_word' id='word_1_720' title='bbox 824 5405 940 5459; x_wconf 84' lang='lat' dir='ltr'><strong>Domini</strong></span> 
     </span>
    </p>
   </div>
   <div class='ocr_carea' id='block_1_11' title="bbox 111 5471 966 5546">
    <p class='ocr_par' dir='ltr' id='par_1_15' title="bbox 111 5471 966 5546">
     <span class='ocr_line' id='line_1_72' title="bbox 111 5471 966 5546; baseline 0.006 -21"><span class='ocrx_word' id='word_1_721' title='bbox 111 5472 189 5541; x_wconf 81' lang='grc'>1050,</span> <span class='ocrx_word' id='word_1_722' title='bbox 202 5471 297 5542; x_wconf 87' lang='lat' dir='ltr'><strong>pridie</strong></span> <span class='ocrx_word' id='word_1_723' title='bbox 313 5471 383 5525; x_wconf 91' lang='lat' dir='ltr'><strong>ldus</strong></span> <span class='ocrx_word' id='word_1_724' title='bbox 399 5474 519 5544; x_wconf 78' lang='lat' dir='ltr'><strong>Aprilis,</strong></span> <span class='ocrx_word' id='word_1_725' title='bbox 532 5475 568 5529; x_wconf 87' lang='lat' dir='ltr'><strong>do</strong></span> <span class='ocrx_word' id='word_1_726' title='bbox 581 5490 639 5545; x_wconf 89' lang='lat' dir='ltr'><strong>quo</strong></span> <span class='ocrx_word' id='word_1_727' title='bbox 653 5475 759 5530; x_wconf 88' lang='lat' dir='ltr'><strong>Daren.</strong></span> <span class='ocrx_word' id='word_1_728' title='bbox 772 5476 840 5529; x_wconf 89' lang='lat' dir='ltr'><strong>dict.</strong></span> <span class='ocrx_word' id='word_1_729' title='bbox 853 5491 941 5546; x_wconf 90' lang='lat' dir='ltr'><strong>anno,</strong></span> <span class='ocrx_word' id='word_1_730' title='bbox 964 5515 966 5518; x_wconf 27' lang='grc' dir='ltr'><em>ψ</em></span> 
     </span>
    </p>
   </div>
   <div class='ocr_carea' id='block_1_12' title="bbox 110 5541 942 5759">
    <p class='ocr_par' dir='ltr' id='par_1_16' title="bbox 110 5541 942 5759">
     <span class='ocr_line' id='line_1_73' title="bbox 110 5541 942 5695; baseline 0.007 -27"><span class='ocrx_word' id='word_1_731' title='bbox 110 5541 373 5695; x_wconf 53' lang='grc' dir='ltr'>Πυ(ῐ810)1ἓίιοοθεείῑ</span> <span class='ocrx_word' id='word_1_732' title='bbox 387 5613 416 5668; x_wconf 87' lang='lat' dir='ltr'><strong>S.</strong></span> <span class='ocrx_word' id='word_1_733' title='bbox 434 5614 546 5671; x_wconf 84' lang='lat' dir='ltr'><strong>Alfcrio</strong></span> <span class='ocrx_word' id='word_1_734' title='bbox 562 5615 622 5670; x_wconf 91' lang='lat' dir='ltr'><strong>Lao</strong></span> <span class='ocrx_word' id='word_1_735' title='bbox 638 5614 705 5687; x_wconf 87' lang='lat' dir='ltr'><strong>ejus</strong></span> <span class='ocrx_word' id='word_1_736' title='bbox 721 5616 897 5692; x_wconf 87' lang='lat' dir='ltr'><strong>discipulus,</strong></span> <span class='ocrx_word' id='word_1_737' title='bbox 913 5619 942 5676; x_wconf 84' lang='lat' dir='ltr'><strong>et</strong></span> 
     </span>
     <span class='ocr_line' id='line_1_74' title="bbox 111 5685 861 5759; baseline 0.007 -18"><span class='ocrx_word' id='word_1_738' title='bbox 111 5686 263 5742; x_wconf 76' lang='lat' dir='ltr'><strong>sanctitate</strong></span> <span class='ocrx_word' id='word_1_739' title='bbox 277 5685 443 5759; x_wconf 87' lang='lat' dir='ltr'><strong>proximus,</strong></span> <span class='ocrx_word' id='word_1_740' title='bbox 458 5686 551 5744; x_wconf 88' lang='lat' dir='ltr'><strong>refert</strong></span> <span class='ocrx_word' id='word_1_741' title='bbox 566 5686 673 5745; x_wconf 90' lang='lat' dir='ltr'><strong>Baron.</strong></span> <span class='ocrx_word' id='word_1_742' title='bbox 689 5703 766 5747; x_wconf 88' lang='lat' dir='ltr'><strong>anno</strong></span> <span class='ocrx_word' id='word_1_743' title='bbox 782 5686 861 5747; x_wconf 81' lang='lat'><strong>1050.</strong></span> 
     </span>
    </p>
   </div>
   <div class='ocr_carea' id='block_1_13' title="bbox 998 4607 1827 4786">
    <p class='ocr_par' dir='ltr' id='par_1_17' title="bbox 998 4607 1827 4786">
     <span class='ocr_line' id='line_1_75' title="bbox 999 4607 1826 4677; baseline 0.006 -16"><span class='ocrx_word' id='word_1_744' title='bbox 999 4609 1105 4661; x_wconf 83' lang='lat' dir='ltr'><strong>eoelum</strong></span> <span class='ocrx_word' id='word_1_745' title='bbox 1123 4608 1258 4662; x_wconf 87' lang='lat' dir='ltr'><strong>manibus</strong></span> <span class='ocrx_word' id='word_1_746' title='bbox 1273 4608 1362 4665; x_wconf 91' lang='lat' dir='ltr'><strong>stetit.</strong></span> <span class='ocrx_word' id='word_1_747' title='bbox 1380 4607 1416 4660; x_wconf 85' lang='lat' dir='ltr'><strong>Et</strong></span> <span class='ocrx_word' id='word_1_748' title='bbox 1430 4608 1506 4662; x_wconf 88' lang='lat' dir='ltr'><strong>facta</strong></span> <span class='ocrx_word' id='word_1_749' title='bbox 1520 4610 1663 4677; x_wconf 91' lang='lat' dir='ltr'><strong>oratione,</strong></span> <span class='ocrx_word' id='word_1_750' title='bbox 1681 4611 1826 4666; x_wconf 87' lang='lat' dir='ltr'><strong>iterumse</strong></span> 
     </span>
     <span class='ocr_line' id='line_1_76' title="bbox 998 4697 1827 4786; baseline 0.005 -36"><span class='ocrx_word' id='word_1_751' title='bbox 998 4697 1305 4786; x_wconf 84' lang='lat' dir='ltr'><strong>inlectulocollocans,</strong></span> <span class='ocrx_word' id='word_1_752' title='bbox 1317 4697 1450 4752; x_wconf 90' lang='lat' dir='ltr'><strong>ultimum</strong></span> <span class='ocrx_word' id='word_1_753' title='bbox 1466 4697 1827 4767; x_wconf 84' lang='lat' dir='ltr'><strong>spiritumexhalavit.Sed</strong></span> 
     </span>
    </p>
   </div>
   <div class='ocr_carea' id='block_1_14' title="bbox 994 4838 1829 5766">
    <p class='ocr_par' dir='ltr' id='par_1_18' title="bbox 998 4838 1826 5280">
     <span class='ocr_line' id='line_1_77' title="bbox 1035 4838 1825 4908; baseline 0.004 -16"><span class='ocrx_word' id='word_1_754' title='bbox 1035 4839 1090 4908; x_wconf 86' lang='grc'>(85)</span> <span class='ocrx_word' id='word_1_755' title='bbox 1115 4838 1264 4893; x_wconf 87' lang='lat' dir='ltr'><strong>Tlrcodata</strong></span> <span class='ocrx_word' id='word_1_756' title='bbox 1287 4853 1341 4893; x_wconf 90' lang='lat' dir='ltr'><strong>seu</strong></span> <span class='ocrx_word' id='word_1_757' title='bbox 1357 4838 1549 4894; x_wconf 88' lang='lat' dir='ltr'><strong>Theodorada</strong></span> <span class='ocrx_word' id='word_1_758' title='bbox 1561 4840 1656 4895; x_wconf 89' lang='lat' dir='ltr'><strong>ducis</strong></span> <span class='ocrx_word' id='word_1_759' title='bbox 1675 4841 1825 4897; x_wconf 85' lang='lat' dir='ltr'><strong>Homualdi</strong></span> 
     </span>
     <span class='ocr_line' id='line_1_78' title="bbox 1001 4909 1825 4980; baseline 0.005 -18"><span class='ocrx_word' id='word_1_760' title='bbox 1001 4925 1076 4963; x_wconf 86' lang='lat' dir='ltr'><strong>uxor</strong></span> <span class='ocrx_word' id='word_1_761' title='bbox 1090 4926 1157 4963; x_wconf 90' lang='lat' dir='ltr'><strong>aun.</strong></span> <span class='ocrx_word' id='word_1_762' title='bbox 1168 4910 1283 4963; x_wconf 90' lang='lat' dir='ltr'><strong>Domini</strong></span> <span class='ocrx_word' id='word_1_763' title='bbox 1294 4909 1346 4963; x_wconf 70' lang='grc'>080</span> <span class='ocrx_word' id='word_1_764' title='bbox 1356 4911 1489 4980; x_wconf 67' lang='lat' dir='ltr'><strong>adiunxit</strong></span> <span class='ocrx_word' id='word_1_765' title='bbox 1497 4911 1635 4966; x_wconf 87' lang='lat' dir='ltr'><strong>ecclesiae</strong></span> <span class='ocrx_word' id='word_1_766' title='bbox 1647 4915 1743 4967; x_wconf 87' lang='lat' dir='ltr'><strong>sancti</strong></span> <span class='ocrx_word' id='word_1_767' title='bbox 1753 4913 1825 4969; x_wconf 89' lang='lat' dir='ltr'><strong>Petri</strong></span> 
     </span>
     <span class='ocr_line' id='line_1_79' title="bbox 999 4980 1826 5054; baseline 0.005 -20"><span class='ocrx_word' id='word_1_768' title='bbox 999 4981 1209 5034; x_wconf 89' lang='lat' dir='ltr'><strong>monasterium</strong></span> <span class='ocrx_word' id='word_1_769' title='bbox 1236 4980 1405 5035; x_wconf 91' lang='lat' dir='ltr'><strong>monialium</strong></span> <span class='ocrx_word' id='word_1_770' title='bbox 1420 4997 1536 5052; x_wconf 85' lang='lat' dir='ltr'><strong>magnae</strong></span> <span class='ocrx_word' id='word_1_771' title='bbox 1550 4981 1730 5052; x_wconf 81' lang='lat' dir='ltr'><strong>devotionis,</strong></span> <span class='ocrx_word' id='word_1_772' title='bbox 1743 4984 1826 5054; x_wconf 83' lang='lat' dir='ltr'><strong>eujus</strong></span> 
     </span>
     <span class='ocr_line' id='line_1_80' title="bbox 998 5051 1825 5122; baseline 0.008 -20"><span class='ocrx_word' id='word_1_773' title='bbox 998 5052 1124 5122; x_wconf 83' lang='lat' dir='ltr'><strong>vestigia</strong></span> <span class='ocrx_word' id='word_1_774' title='bbox 1140 5051 1176 5103; x_wconf 92' lang='lat' dir='ltr'><strong>ad</strong></span> <span class='ocrx_word' id='word_1_775' title='bbox 1189 5051 1251 5105; x_wconf 84' lang='lat' dir='ltr'><strong>lraec</strong></span> <span class='ocrx_word' id='word_1_776' title='bbox 1268 5067 1362 5122; x_wconf 90' lang='lat' dir='ltr'><strong>usque</strong></span> <span class='ocrx_word' id='word_1_777' title='bbox 1373 5055 1505 5120; x_wconf 88' lang='lat' dir='ltr'><strong>tempora</strong></span> <span class='ocrx_word' id='word_1_778' title='bbox 1520 5052 1702 5108; x_wconf 85' lang='lat' dir='ltr'><strong>videaturad</strong></span> <span class='ocrx_word' id='word_1_779' title='bbox 1714 5055 1825 5109; x_wconf 86' lang='lat' dir='ltr'><strong>radices</strong></span> 
     </span>
     <span class='ocr_line' id='line_1_81' title="bbox 998 5121 1825 5197; baseline 0.006 -22"><span class='ocrx_word' id='word_1_780' title='bbox 998 5125 1106 5176; x_wconf 89' lang='lat' dir='ltr'><strong>montis</strong></span> <span class='ocrx_word' id='word_1_781' title='bbox 1121 5121 1218 5176; x_wconf 88' lang='lat' dir='ltr'><strong>Sancti</strong></span> <span class='ocrx_word' id='word_1_782' title='bbox 1234 5122 1351 5177; x_wconf 82' lang='lat' dir='ltr'><strong>Felicis.</strong></span> <span class='ocrx_word' id='word_1_783' title='bbox 1373 5123 1484 5176; x_wconf 87' lang='lat' dir='ltr'><strong>Paulus</strong></span> <span class='ocrx_word' id='word_1_784' title='bbox 1510 5123 1661 5178; x_wconf 85' lang='lat' dir='ltr'><strong>Diaronus</strong></span> <span class='ocrx_word' id='word_1_785' title='bbox 1676 5125 1719 5180; x_wconf 87' lang='lat' dir='ltr'><strong>De</strong></span> <span class='ocrx_word' id='word_1_786' title='bbox 1733 5126 1825 5197; x_wconf 87' lang='lat' dir='ltr'><strong>gestis</strong></span> 
     </span>
     <span class='ocr_line' id='line_1_82' title="bbox 999 5192 1558 5280; baseline 0.004 -34"><span class='ocrx_word' id='word_1_787' title='bbox 999 5193 1261 5280; x_wconf 78' lang='lat' dir='ltr'><strong>Langobardorum</strong></span> <span class='ocrx_word' id='word_1_788' title='bbox 1278 5193 1353 5247; x_wconf 91' lang='lat' dir='ltr'><strong>libro</strong></span> <span class='ocrx_word' id='word_1_789' title='bbox 1369 5210 1407 5262; x_wconf 86' lang='lat' dir='ltr'><strong>vr,</strong></span> <span class='ocrx_word' id='word_1_790' title='bbox 1425 5193 1518 5263; x_wconf 87' lang='lat' dir='ltr'><strong>eapite</strong></span> <span class='ocrx_word' id='word_1_791' title='bbox 1533 5192 1558 5248; x_wconf 93' lang='lat' dir='ltr'><strong>l.</strong></span> 
     </span>
    </p>

    <p class='ocr_par' dir='ltr' id='par_1_19' title="bbox 1032 5262 1713 5330">
     <span class='ocr_line' id='line_1_83' title="bbox 1032 5262 1713 5330; baseline 0.006 -13"><span class='ocrx_word' id='word_1_792' title='bbox 1032 5262 1088 5330; x_wconf 76' lang='grc'>(80)</span> <span class='ocrx_word' id='word_1_793' title='bbox 1104 5263 1182 5317; x_wconf 78' lang='lat' dir='ltr'><strong>vixit</strong></span> <span class='ocrx_word' id='word_1_794' title='bbox 1197 5262 1259 5317; x_wconf 85' lang='lat' dir='ltr'><strong>effa</strong></span> <span class='ocrx_word' id='word_1_795' title='bbox 1274 5264 1393 5318; x_wconf 89' lang='lat' dir='ltr'><strong>circiter</strong></span> <span class='ocrx_word' id='word_1_796' title='bbox 1406 5279 1513 5318; x_wconf 90' lang='lat' dir='ltr'><strong>annum</strong></span> <span class='ocrx_word' id='word_1_797' title='bbox 1528 5264 1613 5319; x_wconf 91' lang='lat' dir='ltr'><strong>Dom.</strong></span> <span class='ocrx_word' id='word_1_798' title='bbox 1632 5264 1713 5321; x_wconf 75' lang='lat' dir='ltr'><strong>litte.</strong></span> 
     </span>
    </p>

    <p class='ocr_par' dir='ltr' id='par_1_20' title="bbox 997 5333 1825 5459">
     <span class='ocr_line' id='line_1_84' title="bbox 1032 5333 1825 5405; baseline 0.005 -17"><span class='ocrx_word' id='word_1_799' title='bbox 1032 5334 1088 5403; x_wconf 82' lang='grc'>(87)</span> <span class='ocrx_word' id='word_1_800' title='bbox 1106 5333 1177 5387; x_wconf 76' lang='lat' dir='ltr'><strong>Vide</strong></span> <span class='ocrx_word' id='word_1_801' title='bbox 1201 5334 1298 5389; x_wconf 89' lang='lat' dir='ltr'><strong>Sanct.</strong></span> <span class='ocrx_word' id='word_1_802' title='bbox 1315 5334 1443 5405; x_wconf 87' lang='lat' dir='ltr'><strong>Capuan.</strong></span> <span class='ocrx_word' id='word_1_803' title='bbox 1460 5335 1548 5389; x_wconf 88' lang='lat' dir='ltr'><strong>lllicb.</strong></span> <span class='ocrx_word' id='word_1_804' title='bbox 1564 5336 1704 5391; x_wconf 90' lang='lat' dir='ltr'><strong>monachi</strong></span> <span class='ocrx_word' id='word_1_805' title='bbox 1723 5338 1754 5394; x_wconf 92' lang='lat' dir='ltr'><strong>in</strong></span> <span class='ocrx_word' id='word_1_806' title='bbox 1768 5340 1825 5394; x_wconf 91' lang='lat' dir='ltr'><strong>not.</strong></span> 
     </span>
     <span class='ocr_line' id='line_1_85' title="bbox 997 5403 1195 5459; baseline 0.005 -2"><span class='ocrx_word' id='word_1_807' title='bbox 997 5405 1032 5457; x_wconf 81' lang='lat' dir='ltr'><strong>erl</strong></span> <span class='ocrx_word' id='word_1_808' title='bbox 1047 5404 1077 5458; x_wconf 79' lang='lat' dir='ltr'><strong>S.</strong></span> <span class='ocrx_word' id='word_1_809' title='bbox 1093 5403 1195 5459; x_wconf 82' lang='lat' dir='ltr'><strong>Ollam.</strong></span> 
     </span>
    </p>

    <p class='ocr_par' dir='ltr' id='par_1_21' title="bbox 994 5475 1829 5766">
     <span class='ocr_line' id='line_1_86' title="bbox 1032 5475 1826 5547; baseline 0.009 -18"><span class='ocrx_word' id='word_1_810' title='bbox 1032 5475 1088 5546; x_wconf 93' lang='grc'>(88)</span> <span class='ocrx_word' id='word_1_811' title='bbox 1103 5475 1146 5529; x_wconf 88' lang='lat' dir='ltr'><strong>Ob</strong></span> <span class='ocrx_word' id='word_1_812' title='bbox 1162 5491 1246 5530; x_wconf 90' lang='lat' dir='ltr'><strong>suam</strong></span> <span class='ocrx_word' id='word_1_813' title='bbox 1255 5478 1364 5530; x_wconf 89' lang='lat' dir='ltr'><strong>tautum</strong></span> <span class='ocrx_word' id='word_1_814' title='bbox 1374 5475 1570 5547; x_wconf 89' lang='lat' dir='ltr'><strong>devotionem,</strong></span> <span class='ocrx_word' id='word_1_815' title='bbox 1579 5478 1644 5533; x_wconf 88' lang='lat' dir='ltr'><strong>sola</strong></span> <span class='ocrx_word' id='word_1_816' title='bbox 1659 5493 1695 5534; x_wconf 87' lang='lat' dir='ltr'><strong>ao</strong></span> <span class='ocrx_word' id='word_1_817' title='bbox 1709 5482 1826 5536; x_wconf 89' lang='lat' dir='ltr'><strong>secreto</strong></span> 
     </span>
     <span class='ocr_line' id='line_1_87' title="bbox 995 5546 1829 5622; baseline 0.01 -23"><span class='ocrx_word' id='word_1_818' title='bbox 995 5546 1085 5601; x_wconf 90' lang='lat' dir='ltr'><strong>altare</strong></span> <span class='ocrx_word' id='word_1_819' title='bbox 1101 5562 1167 5600; x_wconf 90' lang='lat' dir='ltr'><strong>cum</strong></span> <span class='ocrx_word' id='word_1_820' title='bbox 1182 5547 1324 5602; x_wconf 86' lang='lat' dir='ltr'><strong>odoribus</strong></span> <span class='ocrx_word' id='word_1_821' title='bbox 1340 5547 1523 5603; x_wconf 87' lang='lat' dir='ltr'><strong>circumibat.</strong></span> <span class='ocrx_word' id='word_1_822' title='bbox 1540 5548 1616 5604; x_wconf 82' lang='lat' dir='ltr'><strong>Rem</strong></span> <span class='ocrx_word' id='word_1_823' title='bbox 1630 5550 1720 5605; x_wconf 87' lang='lat' dir='ltr'><strong>istam</strong></span> <span class='ocrx_word' id='word_1_824' title='bbox 1732 5550 1829 5622; x_wconf 80' lang='lat' dir='ltr'><strong>paula·</strong></span> 
     </span>
     <span class='ocr_line' id='line_1_88' title="bbox 994 5617 1828 5683; baseline 0.013 -11"><span class='ocrx_word' id='word_1_825' title='bbox 994 5617 1055 5672; x_wconf 92' lang='lat' dir='ltr'><strong>lum</strong></span> <span class='ocrx_word' id='word_1_826' title='bbox 1070 5617 1219 5674; x_wconf 84' lang='lat' dir='ltr'><strong>diversae</strong></span> <span class='ocrx_word' id='word_1_827' title='bbox 1241 5618 1396 5674; x_wconf 81' lang='lat' dir='ltr'><strong>Desiderio</strong></span> <span class='ocrx_word' id='word_1_828' title='bbox 1411 5621 1511 5676; x_wconf 89' lang='lat' dir='ltr'><strong>narret</strong></span> <span class='ocrx_word' id='word_1_829' title='bbox 1532 5619 1622 5677; x_wconf 85' lang='lat' dir='ltr'><strong>etiam</strong></span> <span class='ocrx_word' id='word_1_830' title='bbox 1635 5621 1746 5680; x_wconf 76' lang='lat' dir='ltr'><strong>Patras</strong></span> <span class='ocrx_word' id='word_1_831' title='bbox 1767 5622 1828 5683; x_wconf 88' lang='lat' dir='ltr'><strong>Du·</strong></span> 
     </span>
     <span class='ocr_line' id='line_1_89' title="bbox 994 5689 1410 5766; baseline 0.01 -21"><span class='ocrx_word' id='word_1_832' title='bbox 994 5689 1082 5746; x_wconf 85' lang='lat' dir='ltr'><strong>mian.</strong></span> <span class='ocrx_word' id='word_1_833' title='bbox 1099 5689 1150 5746; x_wconf 89' lang='lat' dir='ltr'><strong>lib.</strong></span> <span class='ocrx_word' id='word_1_834' title='bbox 1168 5706 1230 5766; x_wconf 88' lang='lat' dir='ltr'><strong>vru,</strong></span> <span class='ocrx_word' id='word_1_835' title='bbox 1245 5689 1370 5764; x_wconf 86' lang='lat' dir='ltr'><strong>epistola</strong></span> <span class='ocrx_word' id='word_1_836' title='bbox 1382 5690 1410 5749; x_wconf 85' lang='lat'><strong>5.</strong></span> 
     </span>
    </p>
   </div>
   <div class='ocr_carea' id='block_1_15' title="bbox 0 0 1958 6112">
    <p class='ocr_par' dir='ltr' id='par_1_22' title="bbox 0 0 1958 6112">
     <span class='ocr_line' id='line_1_90' title="bbox 0 0 1958 6112; baseline 0 3"><span class='ocrx_word' id='word_1_837' title='bbox 0 0 1958 6112; x_wconf 95' lang='lat' dir='ltr'><strong> </strong></span> 
     </span>
    </p>
   </div>
  </div>
 </body>
</html>
