3900 6112
105 270 169 334 329
604 270 859 334 ratumenna
881 269 921 332 e.
939 267 1196 332 1111111011-
1210 267 1289 335 ΗΒ.
1308 267 1337 332 11

1769 279 1829 346 330

107 469 273 541 episcopus
297 471 459 525 adveniens
484 470 636 525 admissus
659 473 715 538 cst,
743 486 809 540 qum
832 450 1351 541 videratdschafnaburgensisbis
1361 473 1462 529 verbis
1480 491 1485 529 ;
1504 497 1514 522 ιι
1532 477 1670 534 Attonitis
1691 481 1829 538 omuibus

111 560 214 614 verbis
230 560 528 614 evidentibuscorum
536 561 671 615 elocutus
683 562 738 613 cst.
749 559 815 613 Non
825 561 871 613 est
882 557 944 624 tibi,
1000 542 1088 594 ¹⁰⁰¹oe
1103 540 1146 593 ¹²05
1175 541 1314 610 ¹²0Vl¹⁸¹⁰2
1340 557 1394 597 ¹¹⁰¹(
1421 546 1525 600 timore
1550 549 1829 609 vehementissimo

110 649 160 715 ait,
176 648 250 701 utile
280 648 454 716 sedendum,
484 648 601 702 domine
617 647 656 701 mi
684 663 748 715 rex,
769 647 837 716 quia
866 645 944 716 quod

113 736 233 790 tandem
248 751 283 790 es
298 736 441 803 fecturus,
453 737 543 791 credo
554 737 653 790 serius
663 751 749 807 quam
760 733 942 802 relissecieS,

114 823 243 880 Novaria
267 823 344 879 duos
368 824 436 878 illos
464 825 596 879 coelestis
625 822 813 894 imperatoris
838 822 946 875 milites

117 927 224 983 graves
250 917 386 982 superte
416 927 524 967 causas
545 912 621 966 inter
636 927 669 966 se
685 915 819 983 agentes,
836 912 865 964 et
879 908 946 980 quie

119 1001 203 1057 timeo
217 1000 273 1054 tibi
302 1001 460 1056 imminens
474 1000 649 1071 periculum,
667 999 855 1054 nuntiaturus
879 997 946 1051 inde

120 1089 201 1144 renio
210 1088 265 1143 tibi
280 1104 387 1143 saurim
402 1089 569 1143 consilium.
587 1088 656 1142 Sine
671 1103 764 1156 mora,
782 1087 807 1141 si
823 1101 881 1140 non
898 1085 944 1138 vis

124 1178 222 1246 perire,
239 1192 309 1248 quae
325 1176 435 1248 injuste
449 1177 542 1232 tulisti
558 1179 660 1231 saneto
675 1192 729 1231 sua
746 1176 878 1229 restitue.
889 1172 948 1227 lid·

128 1263 246 1337 jungunt
259 1281 294 1319 se
309 1265 378 1319 huic
392 1270 451 1319 tam
467 1265 600 1335 episcopi
614 1279 702 1335 quam
716 1264 809 1318 duces
822 1278 888 1316 cum
900 1277 949 1316 cu-

130 1351 279 1422 biculariis,
297 1353 374 1407 idem
395 1353 589 1423 deprecantes
609 1353 673 1406 lieri
688 1367 747 1406 non
763 1352 839 1406 [lctis
850 1351 943 1420 lacry-

135 1443 188 1496 nis.

158 1529 232 1584 Tunc
246 1544 303 1584 rex
317 1529 365 1583 his
382 1531 461 1584 velut
476 1530 635 1584 exterritus
645 1543 796 1599 eriugena
811 1528 847 1581 de
860 1526 946 1595 solio,

137 1633 342 1689 conversusque
357 1617 392 1672 ad
408 1618 589 1688 episcopum,
607 1617 673 1671 Non
688 1615 825 1686 amplius,
843 1616 947 1685 inquit,

139 1705 235 1761 dilierre
250 1722 375 1777 possum
390 1706 429 1774 id,
446 1709 478 1760 ut
492 1706 588 1774 video,
605 1720 660 1760 nec
673 1705 751 1759 enim
770 1704 800 1758 in
825 1704 881 1758 hoc
895 1704 948 1757 tibi

1001 612 1165 690 correctus,
1183 627 1229 679 ne,
1243 610 1317 665 torte
1330 613 1564 681 sicunctaretur,
1583 619 1714 676 caelestis
1726 623 1829 677 insum

1001 684 1136 748 protinus
1152 680 1223 735 ultio
1245 683 1429 752 procederet,
1447 701 1504 739 non
1520 688 1615 742 solum
1631 691 1724 745 ablate
1741 693 1830 747 resti-

1001 752 1065 817 tuit,
1082 751 1135 805 sed
1160 753 1331 807 recentibus
1346 755 1432 808 etiarn
1447 757 1533 812 donis
1560 775 1614 827 pro
1632 762 1830 818 munificentia

1001 822 1247 893 regiemaguisice
1262 825 1431 880 cumulavit.
1450 849 1461 874 e

1297 928 1426 987 CAPUT
1441 933 1536 988 XXX.

1001 1032 1124 1114 llcla'tio¹
1134 1051 1225 1105 quare
1239 1036 1425 1108 Aquisprani
1440 1042 1585 1112 quondam
1601 1043 1775 1116 deportatus
1789 1045 1834 1101 nil

1054 1104 1282 1176 semileteccrit,
1299 1109 1355 1162 sed
1363 1109 1411 1164 liic
1421 1110 1452 1165 in
1464 1127 1516 1166 sue
1525 1114 1775 1185 serleponlidcali.

1038 1191 1100 1246 lloc
1116 1193 1202 1246 etiam
1219 1193 1418 1265 adjiciendum
1432 1214 1530 1269 operae
1551 1202 1676 1271 pretium
1701 1207 1747 1259 cst
1763 1205 1831 1259 huic

1002 1281 1192 1352 opori„quod
1215 1298 1282 1336 cum
1302 1283 1422 1339 allicere
1447 1303 1506 1342 non
1525 1289 1716 1346 dissimiliter
1739 1309 1832 1363 posse

1002 1368 1058 1423 boc
1072 1368 1151 1435 alibi,
1168 1371 1214 1423 rel
1244 1371 1274 1425 in
1293 1388 1348 1426 suo
1362 1390 1421 1443 quo
1432 1378 1592 1447 requiescit
1606 1378 1682 1448 loco,
1699 1383 1750 1435 aut
1770 1396 1831 1451 quo

1000 1457 1138 1511 similiter
1151 1457 1293 1513 devectus
1321 1465 1368 1515 est
1395 1463 1578 1533 Aquisgrani
1595 1467 1713 1537 palatio,
1730 1468 1832 1524 meluit

1001 1545 1057 1599 lioc
1072 1546 1207 1600 effectum
1225 1548 1263 1602 iri
1277 1550 1307 1602 in
1327 1566 1381 1604 sua
1407 1553 1554 1622 quondam
1575 1555 1645 1611 sede
1660 1556 1829 1625 pontificali.

1001 1632 1070 1704 Egit
1085 1635 1162 1688 enim
1178 1635 1276 1690 div'ma
1292 1640 1385 1709 gratie
1400 1639 1489 1711 digna
1501 1645 1785 1714 recompensatione,
1800 1648 1833 1700 ut

1001 1722 1050 1776 ubi
1064 1738 1119 1791 pro
1149 1727 1318 1793 contemptu
1345 1728 1449 1782 saeculi
1476 1729 1683 1786 olimhonores
1698 1733 1827 1804 dignita-

134 1793 190 1862 ΡῙ118
201 1796 366 1850 musenim·
384 1794 467 1860 QUOd
483 1809 499 1847 ⁸
516 1809 562 1848 ¹¹³0
577 1809 635 1848 11⁰⁰
650 1794 726 1848 bene
746 1792 1107 1881 e0¹¹81¹¹i⁰¹¹⁰ffltesque
1122 1812 1291 1881 reliquerat,
1308 1813 1424 1885 eligens
1454 1817 1514 1872 Deo
1538 1820 1650 1873 arctius
1670 1820 1827 1889 inhaerere,

133 1884 231 1953 cepisti,
248 1883 276 1938 si
291 1884 349 1951 us,
371 1883 504 1953 restitue,
534 1883 672 1954 quoniam
692 1882 719 1936 ei
735 1881 785 1951 uui
809 1884 868 1934 am
884 1880 948 1934 eu-
1004 1899 1063 1952 irtio
1085 1900 1323 1970 magnificentius
1351 1903 1521 1959 exiberetur
1536 1907 1565 1960 ei
1578 1906 1673 1962 aanor·
1688 1910 1717 1962 et
1734 1909 1831 1980 gloria

129 1968 221 2025 denter
234 1988 250 2025 a
264 1987 313 2026 me
329 1985 417 2026 suum
441 1969 576 2042 requirit,
592 1970 667 2024 retis
678 1970 766 2039 nobe,
783 1969 950 2023 meum'crit

130 2060 256 2114 reddere.
274 2060 311 2113 At
329 2058 388 2129 illo,
414 2058 535 2123 Quando
556 2059 683 2128 quidam,
706 2058 810 2128 inquit,
828 2057 873 2110 sic
887 2057 948 2111 Deo

121 2145 222 2216 placet,
253 2163 308 2203 nec
334 2148 420 2202 aliter
441 2150 539 2217 potest
565 2146 629 2206 fieri
659 2145 797 2216 (porrigit
810 2144 949 2200 haculum

113 2242 203 2301 quem
219 2236 363 2306 tenebat);
380 2252 427 2305 en,
454 2236 558 2307 inquit,
579 2235 707 2305 domine,
723 2235 833 2289 bonum
849 2233 948 2302 recipe

112 2324 195 2388 quot
209 2325 329 2380 dedisti.

406 2429 532 2485 CAPUT
546 2428 657 2483 XXIX.

114 2552 189 2614 Rex
216 2563 246 2616 ri
266 2577 384 2616 suornm
406 2562 577 2632 irrumpens
600 2561 632 2613 in
651 2559 807 2614 ecelesiam
829 2564 949 2630 eccepto

161 2632 258 2687 baculo
271 2633 369 2687 saneti
379 2632 485 2686 bonum
499 2631 611 2698 reddit,
619 2629 824 2685 satisfactione
836 2628 950 2684 bumili-

160 2709 204 2756 ter
227 2702 317 2773 iacta,
333 2710 364 2757 et
378 2708 548 2757 contrectes
566 2702 682 2774 quidem
702 2701 832 2772 eripitur
847 2699 948 2754 cadem
1046 2737 1048 2742 -

156 2773 236 2827 liora.

155 2861 323 2916 Procedens
332 2861 430 2932 itaque
445 2875 500 2915 rex
510 2860 547 2915 de
561 2859 668 2930 palatio
680 2860 760 2912 stetit
774 2873 867 2928 super
881 2873 947 2930 gre·

113 2943 178 3003 dns
193 2950 241 3020 qni
256 2949 488 3020 praeeminebant
499 2949 529 3003 in
539 2948 662 3019 templo,
678 2946 861 3018 persultabat
876 2962 947 3018 crgo

108 3038 247 3093 ecclesia
256 3038 381 3093 vocibus
393 3037 583 3110 gaudendum
596 3036 747 3106 Deumque
757 3034 946 3089 laudantium.

109 3116 297 3196 lpseeutem
324 3126 484 3194 admirans,
515 3125 619 3194 Turde,
636 3124 686 3195 ait,
711 3127 742 3178 ut
769 3137 849 3193 reor,
878 3123 948 3179 illuc

107 3215 298 3285 perveniam,
315 3219 356 3284 ut,
374 3215 450 3269 sicut
466 3216 568 3268 sancto
582 3215 687 3284 placet,
710 3212 737 3266 ei
753 3211 946 3266 satisfaciam.

110 3297 173 3357 Vix
186 3303 289 3376 igitur,
306 3302 537 3372 irrumpentibus
548 3301 692 3355 ministris
707 3300 772 3369 iter,
790 3315 841 3369 per
856 3316 947 3370 popu·

111 3386 139 3444 li
154 3392 283 3447 medium
307 3391 440 3461 pervenit
460 3389 673 3461 inpraesentia,
695 3389 742 3444 ubi
759 3387 847 3443 itabat
872 3404 947 3458 opus

109 3478 277 3535 divinitatis
293 3479 531 3534 celeberrimum.

154 3572 281 3639 accepto
298 3570 396 3639 itaque
408 3569 506 3622 statim
520 3566 670 3622 ecustode
685 3565 826 3635 pastorali
841 3564 947 3619 baculo

115 3658 223 3727 sancti,

119 3743 219 3814 Stans,
237 3743 280 3799 all
289 3764 299 3799 :
312 3744 361 3799 Ea
368 3745 468 3816 recipe
477 3742 552 3816 quod
560 3743 654 3798 reddo
664 3747 741 3796 tuem
751 3742 817 3813 tibi,
833 3747 948 3812 sancte,

122 3833 302 3905 Ipnoscendo
316 3833 392 3887 milri
404 3834 518 3888 reniam
529 3832 656 3887 concede
671 3832 799 3904 roperti.

156 3924 201 3977 Sic
212 3937 276 3992 rex,
289 3916 420 3993 reposito
431 3920 536 3977 baculo
548 3936 639 3991 super
648 3936 757 3992 corpus
769 3918 947 3986 venerabile,

125 4013 263 4067 confitens
283 4013 436 4083 peccatum
452 4009 602 4065 humiliato
617 4010 721 4080 capite,
734 4022 895 4081 regressus
904 4011 950 4062 est

130 4099 287 4169 celerrime,
305 4100 417 4170 eadem,
431 4104 461 4154 ut
476 4098 685 4170 comperimus,
702 4098 784 4169 hora,
801 4113 857 4169 qua
873 4097 949 4151 lecta

132 4191 280 4245 estsencto
295 4190 331 4243 ab
348 4204 419 4261 rege
430 4188 562 4260 justitia3

136 4273 426 4340 Quidamcontractus
439 4293 549 4350 pressu
562 4281 622 4331 stet
638 4275 750 4348 sospite
765 4290 864 4329 sanus.

163 4366 295 4423 Protinus
305 4381 377 4439 ergo
397 4365 504 4420 dantur
518 4365 579 4420 Deo
590 4364 734 4419 altissimo
748 4365 784 4418 ab
800 4361 950 4419 universis

1002 1987 1055 2041 llei
1065 1988 1325 2044 administratione.

1039 2075 1142 2146 Neque
1165 2093 1237 2133 vero
1252 2078 1436 2134 reticendum
1458 2085 1504 2136 est
1527 2083 1583 2137 hoc
1598 2082 1666 2153 ejus
1680 2084 1830 2154 patientiae

1003 2164 1179 2235 pietatisque
1194 2167 1362 2238 exemplum
1376 2169 1454 2238 quod
1469 2185 1532 2237 eos,
1550 2172 1599 2240 qui
1615 2171 1767 2227 adversari
1775 2172 1834 2227 sibi
1927 2240 1935 2247 ρ

1005 2253 1189 2321 videbantur,
1206 2253 1237 2308 in
1251 2254 1377 2324 hoojom
1392 2257 1549 2325 plurimum
1567 2259 1662 2330 magis
1677 2259 1833 2315 beneficiis

1005 2342 1157 2395 attraxerit
1170 2357 1259 2413 quam
1275 2342 1403 2412 qualibet
1418 2344 1505 2416 plaga
1521 2346 1566 2400 vel
1582 2347 1693 2402 ultione
1708 2348 1830 2404 meritos

1005 2430 1172 2484 caercuerit.

1292 2518 1419 2575 CAPUT
1435 2521 1542 2576 XXXl.

1005 2628 1049 2682 De
1059 2633 1194 2682 matrona
1206 2626 1328 2706 qrradanr
1340 2627 1435 2706 ipsius
1446 2627 1531 2682 urbis
1552 2629 1666 2698 orbate,
1684 2635 1713 2684 et
1730 2629 1835 2684 lumini

1259 2703 1581 2767 pristinoresteureta.

1040 2786 1172 2840 Matrona
1191 2783 1330 2854 quaedam
1349 2783 1385 2840 de
1414 2787 1480 2855 ipsa
1495 2786 1612 2842 civitate
1635 2803 1689 2857 per
1711 2789 1834 2844 multum

1005 2876 1122 2944 tempus
1143 2874 1257 2943 private
1283 2872 1379 2927 iuerat
1395 2873 1549 2929 oculorum
1564 2876 1683 2944 lamine,
1713 2892 1780 2947 quae
1803 2880 1835 2931 ut

1005 2963 1833 3034 ex·votopr0serogaturapervenitadcorpusrenerahi·

1005 3051 1032 3106 le
1040 3051 1137 3105 stalim
1146 3048 1298 3104 exdirinae
1310 3049 1706 3120 clarificationispiraesentia,
1715 3052 1833 3107 detersa

1005 3135 1832 3211 tenebrarumcaliginc,lnxorbibusrefulsitgretissima,

1004 3227 1069 3299 ipsa
1081 3242 1135 3298 pro
1144 3225 1315 3296 hujusmodi
1333 3240 1453 3280 munere
1464 3227 1605 3283 divinitus
1617 3228 1720 3298 adepto
1732 3229 1807 3285 duos
1818 3244 1833 3282 e

1005 3315 1113 3371 familia
1129 3330 1183 3369 sua
1201 3313 1319 3369 tradidit
1333 3318 1444 3368 sancto.

1287 3436 1413 3492 CAPUT
1428 3437 1550 3493 XXXII.

1148 3546 1191 3600 De
1207 3559 1283 3599 caece
1300 3550 1367 3598 neta
1380 3549 1409 3599 et
1427 3545 1503 3599 risui
1517 3544 1689 3602 condonata.

1042 3636 1181 3702 Quadam
1192 3634 1260 3688 item
1276 3632 1425 3688 mulicrad
1441 3633 1497 3688 boc
1513 3634 1644 3690 solemne
1660 3634 1835 3690 miraculum

1006 3726 1130 3782 deducta
1140 3723 1244 3791 luerat,
1254 3721 1405 3774 cuilumcn
1418 3721 1570 3775 oculorum
1582 3737 1618 3776 ex
1627 3723 1831 3790 matrisutero,

1006 3819 1038 3870 ut
1053 3812 1117 3884 ipsa
1128 3811 1282 3877 fatebatur,
1296 3813 1398 3862 natura
1414 3814 1588 3880 negaverat;
1599 3810 1662 3864 haec
1679 3812 1790 3866 orando
1803 3812 1832 3866 fi-

1007 3903 1112 3956 deliter
1127 3916 1192 3953 cum
1211 3898 1340 3965 materie,
1360 3912 1418 3951 non
1434 3914 1522 3963 casso
1538 3899 1769 3968 promebatlalia
1798 3900 1834 3954 ab

1008 3990 1118 4046 intimis
1139 3988 1256 4042 cordis:
1273 3986 1379 4040 Sancte
1394 3986 1456 4056 Dei,
1473 3987 1519 4055 pic
1535 3990 1563 4040 et
1578 3988 1765 4057 exaudibilis,
1783 3990 1833 4060 qui

1007 4083 1084 4135 tanta
1102 4082 1218 4144 temque
1229 4074 1470 4127 miradeificelric
1486 4077 1635 4144 opereris3

1010 4168 1065 4234 Qui
1074 4171 1203 4236 praestes
1213 4163 1282 4216 aliis
1296 4162 1385 4217 cilius
1393 4178 1568 4233 quaecunque
1579 4179 1713 4234 roper1s3

1009 4256 1099 4322 Quem
1111 4268 1167 4306 non
1177 4248 1348 4304 noscodiem
1364 4248 1547 4317 decernere,
1558 4249 1695 4321 pelleque
1708 4258 1832 4314 noctem,

1010 4345 1079 4409 Qua
1098 4357 1144 4395 me
1161 4347 1238 4394 tetra
1250 4337 1301 4391 cliu
1310 4338 1450 4391 nriserern
1459 4337 1594 4408 possedit
1606 4338 1642 4392 eb
1654 4346 1729 4395 ortu.

139 4449 225 4510 laudes
239 4459 267 4510 et
283 4455 398 4529 gratis,
416 4454 604 4525 concinitque
617 4452 728 4524 pariter
742 4453 841 4506 clerus
853 4451 952 4506 civita·
1043 4431 1145 4486 Statim
1161 4431 1191 4482 ¹st
1205 4429 1292 4497 caput
1312 4425 1405 4480 ⁰¹21st
1416 4441 1482 4479 ⁰⁰¹¹¹
1498 4426 1745 4498 01'05011823901'5
1767 4430 1837 4482 ⁸⁰⁰²

140 4539 169 4593 tis
182 4543 218 4600 Te
227 4544 312 4599 deum
323 4542 476 4597 laudamus
490 4541 712 4596 officiosissime

166 4628 227 4693 Quae
241 4631 288 4686 vel
304 4634 413 4702 quanta
427 4631 568 4685 miracula
578 4633 646 4700 post
660 4629 724 4684 haeo
740 4627 816 4683 iacta
832 4628 952 4682 sintim-

145 4720 264 4782 laesibile
279 4725 326 4775 est
340 4719 477 4790 cuiquem
501 4716 659 4772 scribendo
674 4717 887 4787 perstringere,
914 4730 952 4770 ex

147 4807 234 4871 tubus
254 4807 374 4864 nonulla
396 4810 515 4877 propter
539 4820 717 4861 concursum
733 4805 947 4874 strepitumque

146 4892 328 4951 tumultuantis
342 4894 454 4967 populi,
466 4895 503 4950 ad
518 4894 614 4949 nostri
629 4893 761 4948 notitiam
775 4909 833 4948 non
849 4894 952 4962 potue-

147 4986 195 5037 runt
206 4986 375 5056 pervenire;
388 4987 530 5041 satamon
545 4997 612 5053 quse
626 4982 765 5051 vidimus,
781 4982 828 5037 vel
843 4979 952 5035 ubaliis

147 5070 192 5126 tica
206 5073 282 5130 adali
297 5074 444 5131 relatione
472 5072 642 5142 didicimus,
657 5070 776 5125 silentio
800 5067 953 5139 praeterire

148 5159 211 5218 netas
223 5165 402 5236 putavimus.

423 5298 656 5344 nasammonas.

170 5381 332 5443 Procedens
347 5387 512 5458 itaqeerex
520 5384 558 5439 de
566 5379 678 5453 palatio
684 5379 769 5434 stetit
781 5393 870 5449 super
876 5393 951 5502 qra-

324 5456 496 5514 eminebant
509 5455 542 5509 ie
558 5449 673 5524 templo.
703 5447 862 5504 Coniirniat
896 5464 950 5504 ano

144 5450 249 5585 iam
271 5543 360 5586 onem
374 5516 403 5583 e'l
415 5524 649 5583 humiliationem
663 5522 747 5596 regis
776 5518 954 5575 Lambertus

298 5671 430 5730 Pernen.
445 5666 577 5726 CXLIX.

970 4513 1118 4592 Dparitcr
1134 4516 1219 4572 ocelli
1234 4531 1301 4570 oum
1316 4514 1474 4585 sanguinis
1489 4515 1678 4584 prolusione;

1007 4610 1084 4667 Nam
1096 4609 1192 4663 virtus
1207 4602 1467 4674 tetrissplendens
1483 4603 1577 4675 juber
1601 4605 1702 4659 intulit
1723 4603 1838 4659 umbris

1008 4700 1081 4755 Mox
1096 4697 1224 4752 etamice
1240 4693 1307 4747 dies
1326 4708 1429 4747 vacuos
1443 4692 1589 4747 illuminet
1604 4694 1704 4748 orbes.

1044 4787 1094 4840 llla
1111 4800 1182 4839 vero
1197 4782 1303 4836 ridens
1314 4782 1413 4836 lumen
1428 4781 1588 4849 insolitum,
1601 4786 1632 4836 ut
1640 4781 1718 4852 jure,
1735 4781 1837 4835 lauda·

1008 4876 1050 4931 rit
1061 4873 1217 4929 laetissima
1232 4871 1389 4939 medicum,
1404 4884 1438 4923 ac
1448 4885 1500 4938 pro
1512 4874 1585 4923 teste
1596 4870 1687 4939 hujus
1703 4870 1839 4924 miraculi

1009 4963 1169 5019 stillantem
1180 4960 1217 5015 ob
1233 4957 1329 5013 oculis
1354 4972 1490 5012 cruorem
1504 4958 1625 5023 protulit
1640 4958 1838 5028 inaspectum

1010 5052 1120 5124 populi.

1282 5132 1408 5190 CAPUT
1426 5132 1564 5188 XXXlll.

1011 5249 1055 5304 De
1071 5247 1181 5302 misero
1194 5248 1336 5299 strumam
1354 5238 1484 5294 debente
1509 5241 1540 5294 in
1559 5240 1659 5311 capite
1674 5245 1704 5297 et
1723 5245 1837 5296 saneto.

1045 5336 1166 5391 Cuidem
1181 5332 1291 5387 misere
1314 5333 1427 5384 struma
1450 5330 1584 5382 creverat
1605 5329 1635 5381 in
1650 5329 1755 5400 capite,
1770 5344 1838 5400 quae

1009 5429 1213 5482 intumescens
1238 5433 1338 5472 aurem
1359 5421 1555 5487 occupaverat
1576 5431 1643 5471 cum
1662 5416 1747 5488 secie,
1773 5430 1856 5488 qnae-

1008 5514 1106 5590 pestis
1134 5525 1192 5568 non
1212 5509 1311 5564 minus
1325 5506 1435 5562 misero
1459 5504 1615 5562 ridebatur
1638 5505 1838 5579 incommoda,

1595 5647 1626 5704 ll
