3900 6112
105 244 168 306 sae
592 243 828 309 coruscam
851 247 1079 312 cenoman.
1099 251 1231 314 -am
1251 254 1338 315 xm.
1768 261 1830 324 asa
1913 236 1915 241 ’

139 442 186 497 69.
204 442 244 500 Ut
257 442 390 501 hreretiei
405 444 477 500 nihil
492 445 620 502 habeant
635 462 703 502 eum
717 446 836 503 oaeteris
854 462 935 502 oom-
957 429 983 485 Α
1037 449 1081 503 70.
1105 449 1143 503 Ut
1167 449 1265 505 nullus
1289 451 1438 508 haereticis
1475 456 1705 514 ministeriorum
1734 459 1830 529 pateat

104 546 207 588 muno.
1002 537 1096 593 loeus.

463 709 696 790 GAPITU
697 709 783 789 LA
808 710 986 791 LIBRI
1012 711 1232 791 DEGIMI
1261 712 1470 792 TERTII

624 886 680 954 Qui
694 892 740 944 ost
754 887 792 943 de
809 887 941 943 vindicta
956 892 986 944 et
999 889 1312 961 persecutionejusta.

142 1084 168 1138 i.
183 1086 266 1151 Quod
282 1086 403 1159 Moyses
416 1085 490 1141 nihil
506 1085 627 1142 crudele
642 1085 712 1141 iecit
727 1084 846 1156 quando
862 1099 942 1154 prae-
1032 1082 1075 1138 19.
1092 1082 1212 1150 Quando
1223 1085 1291 1139 mali
1305 1084 1364 1140 siut
1378 1085 1532 1153 tolerandi,
1553 1084 1601 1139 vel
1611 1085 1729 1156 quando
1745 1084 1828 1140 dese-

106 1178 192 1244 cepto
208 1175 325 1231 Domini
339 1175 485 1247 quosdam
495 1173 667 1230 trucidavit.
995 1172 1093 1227 rendi.

142 1260 170 1317 Ξ.
185 1264 229 1320 De
244 1265 373 1319 vindicta
388 1280 447 1319 nou
461 1264 528 1319 odio
539 1263 593 1319 sed
608 1277 708 1317 amore
728 1261 872 1316 iacienda.
1031 1259 1075 1314 ⁶20.
1086 1259 1648 1332 Quodhominimisericor·dia,peooatis
1659 1261 1829 1332 persecutio

149 1351 178 1407 8.
193 1353 276 1418 Quod
286 1353 366 1409 bella
383 1369 455 1409 eum
479 1351 688 1408 benevolentia
696 1354 766 1406 sunt
781 1351 907 1423 agenda.
996 1348 1147 1404 debeatur.

144 1438 171 1495 i.
186 1440 267 1507 Quod
288 1442 449 1497 militantes
476 1440 565 1496 etiam
580 1438 699 1511 possint
713 1454 783 1494 esse
795 1438 882 1510 iusti;
913 1441 942 1493 et
1032 1438 1076 1492 al.
1090 1437 1173 1502 Quod
1190 1454 1248 1492 non
1263 1440 1422 1508 imputetur
1437 1439 1539 1508 fallax,
1557 1440 1605 1511 qui
1623 1439 1701 1510 quod
1716 1438 1828 1508 promi-

114 1529 187 1596 qood
212 1530 328 1586 hostem
346 1530 511 1602 deprimere
534 1529 701 1584 necessitas
718 1542 777 1583 nou
799 1528 936 1582 voluntas
996 1526 1046 1595 sit,
1063 1541 1191 1596 superna
1203 1527 1397 1598 dispositione
1407 1530 1576 1598 praeventus
1585 1527 1745 1597 adimplere
1754 1542 1830 1596 prae·

122 1615 209 1672 debet.
997 1615 1133 1670 termisit.

156 1703 180 1759 5.
192 1705 269 1772 Quod
284 1711 452 1779 pugnaturo
468 1706 613 1762 orandum
628 1707 685 1761 est.
1031 1702 1076 1758 ia.
1091 1703 1173 1769 Quod
1189 1705 1292 1758 saeeuli
1306 1707 1468 1774 potestates
1483 1720 1499 1758 a
1515 1705 1615 1776 pravis
1632 1704 1748 1758 actibus
1765 1718 1829 1758 ma-

160 1793 184 1849 h.
197 1796 233 1852 De
248 1796 454 1868 persequendo
469 1796 584 1852 bostes.
999 1792 1046 1846 los
1061 1807 1203 1847 revocare
1212 1793 1360 1848 studeant.

69 1870 75 1899 ''
165 1882 188 1938 l.
201 1884 235 1939 ile
248 1886 351 1940 eadem
365 1899 409 1940 re.
1032 1880 1077 1935 23.
1096 1880 1136 1934 De
1150 1896 1185 1935 eo
1200 1881 1280 1952 quod
1307 1882 1526 1952 scriptumest:
1545 1882 1579 1936 Si
1611 1897 1661 1937 vos
1675 1880 1830 1952 persecuti

166 1969 188 2024 8.
200 1971 233 2026 lle
248 1972 405 2042 predando
421 1971 524 2028 hostes
540 1971 684 2027 Ecclesiae
696 1969 763 2042 (Π).
996 1969 1110 2025 luerint
1121 1971 1152 2023 in
1169 1985 1224 2023 una
1234 1970 1369 2039 civitate,
1381 1969 1477 2042 fugite
1493 1971 1523 2024 iu
1538 1970 1640 2024 aliam.

168 2056 378 2116 illlehabends
407 2060 574 2116 obedientia
602 2060 645 2116 rei
675 2058 801 2131 publicae
832 2057 942 2113 utilita·
1030 2055 1168 2121 thuod
1180 2057 1324 2113 Ecclesiae
1335 2059 1828 2114 inimicisomuivivacitatemoutis

143 2144 211 2202 tibus.
994 2149 1023 2203 et
1033 2145 1168 2217 eorporis
1180 2147 1219 2201 sit
1233 2147 1423 2203 obviandum.

172 2234 204 2289 to.
215 2236 245 2292 Ut
256 2238 434 2308 temperetur
448 2235 586 2291 vindicta.
1028 2233 1072 2290 ih.
1091 2236 1133 2289 De
1144 2235 1268 2291 victoria
1284 2236 1467 2291 orationibus
1478 2236 1696 2305 praevenienda,
1709 2239 1737 2289 et
1748 2234 1827 2289 bello

173 2322 205 2375 li.
217 2325 248 2380 lle
263 2325 437 2381 sacerdotali
453 2325 669 2380 intercessione
684 2339 739 2394 pro
754 2323 830 2378 reis.
992 2339 1050 2378 non
1065 2323 1228 2395 appetendo
1243 2323 1390 2379 desiderio
1407 2324 1548 2378 fundendi
1559 2323 1726 2395 sauguinis,

176 2408 206 2464 ll.
217 2412 246 2466 Ut
261 2414 328 2468 mali
343 2429 402 2468 non
418 2413 600 2485 occidantur,
617 2413 671 2467 sed
686 2411 885 2482 corrigantur.
1027 2413 1072 2467 ⁶26.
1089 2411 1172 2476 Quod
1188 2412 1352 2466 secundum
1367 2412 1495 2466 divinam
1509 2414 1537 2466 et
1551 2411 1707 2466 humanam
1718 2411 1826 2481 legem,

176 2494 205 2552 ii.
216 2499 286 2565 Quod
307 2501 514 2557 inobedientes
529 2501 667 2556 seueriua
683 2499 742 2555 sidt
757 2498 938 2570 corrigendi.
992 2500 1829 2572 sinepersonarumaooeptione,rectorumsentcntiapro·

177 2582 205 2641 ll.
216 2587 288 2653 Quod
302 2589 438 2646 Ecclesia
455 2590 692 2661 persecutionem
721 2588 818 2658 possit
841 2587 939 2642 iacere
993 2588 1114 2645 teratur.

142 2662 196 2738 0⁸2·
954 2699 980 2761 13
1028 2677 1072 2732 tl.
1089 2676 1173 2742 Quod
1187 2678 1293 2750 magis
1309 2677 1509 2733 obediendum
1524 2681 1570 2733 est
1587 2677 1711 2748 spiritus
1740 2690 1828 2747 quam

172 2754 249 2821 ltlte
262 2767 364 2822 eadem
380 2782 424 2823 re.
993 2767 1269 2836 corporisalomino.

172 2845 205 2906 ¹6.
216 2854 250 2910 lle
264 2855 365 2910 eadem
381 2872 424 2910 re.
755 2846 758 2850 ’
1028 2855 1072 2909 28.
1089 2855 1173 2920 Quod
1186 2856 1262 2911 bene
1278 2855 1354 2910 vello
1365 2871 1423 2910 non
1436 2855 1556 2925 suitlcit,
1568 2869 1622 2909 nec
1633 2855 1738 2909 iterum
1747 2854 1824 2908 bene

163 2931 200 2994 Π.
208 2942 238 2998 Ut
247 2960 304 2999 non
312 2943 399 3000 nobis
408 2944 587 3014 imputentur
594 2943 622 2999 si
632 2942 702 3016 quid
712 2942 779 2996 mali
787 2941 939 2997 acciderit.
993 2941 1102 3008 iacere,
1120 2943 1178 2997 nisi
1195 2959 1232 2997 ex
1247 2945 1325 2999 bono
1341 2943 1421 2999 tonte
1436 2959 1543 3014 preces
1558 2944 1627 3012 siut,
1641 2944 1669 2997 et
1684 2943 1720 2997 de
1735 2941 1825 2996 liber·

157 3018 199 3085 ¹8.
208 3031 282 3097 Quod
294 3034 346 3104 qui
364 3037 463 3105 potest
474 3032 648 3103 perturbare
664 3046 825 3102 perversos
837 3033 866 3085 et
880 3046 939 3085 non
992 3035 1050 3085 tate
1072 3031 1216 3102 probabili
1233 3031 1302 3102 (19).
1863 3028 1866 3032 ’

560 3284 961 3415 nestorius
1003 3285 1096 3410 ut
1146 3285 1357 3413 LlBRl

160 3491 230 3571 Qui
249 3492 286 3561 in
306 3492 470 3563 Ansslmi
485 3493 636 3564 Decreto
650 3492 801 3583 ejusque
819 3488 1000 3561 interdum
1015 3488 1269 3560 additamentis
1288 3489 1491 3577 laudantur,
1514 3488 1551 3556 hi
1567 3489 1639 3558 iere
1658 3493 1742 3557 sunt
1764 3509 1770 3558 :

124 3616 315 3681 Adrianusl
334 3624 397 3680 PP.
955 3608 981 3670 0
1031 3621 1207 3695 Cyprianus

123 3689 295 3768 Agapetus
309 3696 370 3752 ΡΡ.
1030 3693 1158 3765 Cyrillus
1172 3695 1257 3750 Alex.

122 3758 334 3823 Ambrosius.
1030 3764 1177 3821 Damasus
1192 3765 1249 3820 ΡΡ.

125 3833 292 3894 Anastasii
306 3836 525 3894 Bibliotheoarii
542 3835 674 3892 Historia
685 3836 761 3891 eccl.
1029 3835 1200 3892 Decretates
1216 3839 1281 3892 ante
1292 3836 1430 3892 Sirioium
1443 3851 1509 3890 eam
1524 3835 1714 3890 diversorum
1724 3833 1822 3903 ponti-

126 3902 342 3964 Anastasiusl
355 3908 414 3964 ΡΡ.
993 3904 1082 3961 ileum
1097 3908 1277 3962 nominibus.

129 3975 334 4036 Athanasius.
1028 3976 1192 4033 Ennodius.

130 4048 341 4123 Augustinus.
1028 4047 1181 4119 Eugenius
1197 4047 1223 4101 ll
1238 4048 1300 4103 ΡΡ.
1376 4044 1382 4053 ’

129 4110 272 4177 Basilius
282 4120 421 4194 linguas.
1028 4118 1150 4173 Eusebii
1164 4118 1276 4174 Caesar.
1295 4116 1427 4172 Historia
1443 4115 1516 4171 ecel.

128 4180 323 4249 Benedictus
340 4191 479 4263 (beatus).
1026 4189 1165 4244 Gelasius
1181 4189 1192 4243 l
1207 4189 1265 4243 ΡΡ.

131 4253 237 4318 laium
251 4278 351 4319 sacra.
1026 4260 1190 4332 Gregorius
1206 4259 1287 4313 lPP.

132 4324 313 4389 &attactus
327 4334 386 4390 PP.
402 4331 480 4389 illibi
496 4332 612 4387 tertius.
1027 4330 1190 4403 Gregorius
1202 4329 1304 4400 junior
1319 4328 1378 4382 ΡΡ.
1772 4394 1777 4405 ¹

145 4400 345 4460 Barchardus.
1027 4400 1190 4473 Gregorius
1208 4400 1257 4454 Vll
1270 4401 1325 4455 ΡΡ.
1349 4400 1379 4453 in
1394 4399 1541 4469 epistolis,
1557 4403 1585 4454 et
1602 4412 1669 4452 oum
1693 4395 1820 4451 coneilio

140 4474 282 4531 Callistus
298 4476 323 4530 ll
337 4476 396 4531 ΡΡ.
414 4489 481 4529 cum
497 4473 612 4545 synodo
627 4472 831 4528 [lateranensi.
993 4490 1030 4528 ax
1045 4474 1263 4543 episcoporum.

141 4543 280 4602 (lenones
293 4547 508 4618 apostolorum.
1028 4544 1154 4598 Hermes
1170 4544 1199 4597 in
1214 4544 1291 4598 libro
1307 4541 1451 4596 Pastoris.

143 4613 279 4672 fanones
295 4618 415 4673 Petrum
429 4614 631 4673 Orientalium.
1029 4614 1239 4687 Hieronymus.

148 4683 459 4781 Quonamp'udicium.
1029 4685 1149 4740 Hilarus
1167 4685 1223 4739 ΡΡ.

153 4753 275 4829 Capitula
289 4758 398 4828 (aaroli,
415 4756 558 4813 Ludovioi
572 4758 601 4812 et
615 4755 745 4812 Lotharii
761 4756 851 4827 impp.
1029 4756 1180 4811 Honorius
1193 4755 1295 4827 junior
1310 4754 1367 4809 ΡΡ.

153 4824 267 4885 tamtus
283 4829 423 4902 Magnus.
951 4825 979 4886 D
1030 4826 1278 4882 HormisdasPP.

156 4894 280 4957 Glemona
289 4898 348 4956 ΡΡ.
1028 4897 1224 4968 Imperatores
1232 4896 1386 4962 Arcadius,
1399 4891 1823 4961 Constantinus‚Gonstantius,

159 4964 424 5026 (adoxiustiniani.
992 4968 1160 5039 Gratianus,
1176 4969 1337 5034 Honorius,
1359 4967 1546 5034 lustitianus,
1562 4964 1709 5031 lustinus,
1726 4964 1786 5018 Leo
1801 4962 1823 5032 l,

161 5034 311 5099 Gutmtuus
328 5042 384 5097 ΡΡ.
991 5039 1171 5107 Marcianus,
1187 5039 1273 5108 Otho,
1290 5038 1488 5108 Theodosius,
1505 5037 1627 5104 Valens,
1644 5034 1824 5090 Valentinia-

162 5106 338 5170 t'onmeanus
351 5111 590 5168 archimandrita.
992 5126 1059 5179 nus,
1068 5126 1135 5164 cum
1151 5109 1421 5165 constitutionibus.

163 5175 376 5240 comitatiores
388 5181 533 5239 Ludovioi
546 5181 602 5253 Pii,
618 5180 743 5237 Othonis
752 5181 774 5250 1,
788 5180 909 5237 Henrici
918 5180 939 5233 l.
1028 5181 1218 5236 innocentius
1233 5181 1244 5235 1
1259 5180 1316 5234 ΡΡ.

71 5390 75 5397 ,
164 5335 204 5412 (li)
214 5344 344 5401 huselmi
354 5342 410 5398 hae
421 5343 459 5399 de
473 5344 626 5410 retextus,
642 5341 693 5413 qui
707 5343 800 5397 estex
815 5341 939 5467 {gistola
992 5341 1116 5396 recitati.

854 5454 861 5479 ,
874 5429 903 5484 q.
911 5413 937 5480 8,
1027 5412 1084 5482 (19)
1095 5412 1410 5466 Postremomonemus
1419 5408 1613 5479 capitulorum
1624 5408 1715 5480 hujus
1724 5409 1824 5479 operis

992 5499 1146 5537 numerum
1157 5483 1187 5536 in
1198 5481 1351 5535 codicibus
1369 5481 1493 5549 variare,
1502 5481 1567 5535 sive
1576 5481 1614 5534 ob
1626 5481 1761 5550 quaedam
1770 5480 1823 5533 ad-

69 5516 84 5559 ζ’
152 5515 202 5625 ’(18)
216 5556 294 5612 Nihil
313 5555 397 5612 aliud
415 5559 461 5611 est
486 5556 612 5611 intexta
632 5553 689 5609 nisi
718 5554 748 5610 S.
778 5554 939 5627 Augustini
992 5555 1242 5624 ditameuta,quae
1264 5553 1334 5606 alibi
1360 5552 1577 5623 desiderantur,
1608 5551 1727 5607 siveoh
1750 5549 1824 5604 alias

138 5627 242 5683 tumulti
261 5628 330 5700 loei,
346 5629 376 5683 et
398 5627 518 5699 quidem
536 5626 614 5699 apud
633 5625 805 5682 Gratianum
820 5640 939 5697 quoque
994 5624 1142 5697 quaslibet
1156 5638 1275 5679 causas.

69 5410 85 5485 ἶ,
141 5396 303 5536 ῗῄνεοήίἰ
321 5415 393 5485 ΡΡ.,
404 5416 503 5469 exstat
510 5412 586 5485 apud
595 5413 766 5469 Gratianum
774 5428 800 5468 c.
