3900 6112
817 278 1014 344 VICTORIS
1039 279 1085 344 111
1105 278 1231 341 PAPAE
1820 274 1878 340 988

127 283 229 379 ,aar

167 483 234 556 ejus
251 484 359 539 exitum
372 484 592 552 exspectabunt.
609 482 729 545 Quidam
748 498 819 536 vero
836 480 926 535 irater
946 480 1002 549 (33)
1018 464 1041 523 Ᾱ
1060 479 1191 533 loannes
1203 478 1364 532 Veneticae
1381 477 1488 542 dictus,
1505 478 1561 545 est,
1574 478 1658 531 mirre
1670 475 1891 548 patientiae,obe-

169 573 219 644 qui
245 572 341 626 adhue
371 575 518 642 superest,
550 572 748 626 etnobisrum
772 573 799 624 in
820 570 1002 624 rnoirastcrio
1061 568 1178 622 dicutiru
1194 584 1227 621 ac
1242 567 1416 621 humilitatis
1432 566 1668 637 monaehuS,qui
1685 565 1787 636 quanti
1803 566 1888 619 meriti

169 665 373 729 conversatur,
393 665 462 714 tune
474 660 605 731 juvenis,
620 677 696 714 nune.
708 664 804 713 antem
822 662 905 712 aetate
917 659 1002 712 mori·
1061 655 1137 725 apud
1154 657 1259 710 lesum
1274 655 1424 710 Christum
1441 655 1595 709 Dominum
1612 654 1711 719 luerit,
1728 669 1818 707 snum
1831 658 1888 722 post

170 749 286 819 busque
316 749 504 819 grandaevus,
535 749 563 801 in
593 749 764 802 dormitorio
794 763 860 801 cum
886 746 1002 801 cacteris

169 836 312 890 iratribus
326 837 513 906 quiescebat:
529 853 593 890 cum
604 853 672 890 cccc
690 837 787 889 subito
798 839 882 889 nerle
898 836 1003 889 intem-

171 927 254 993 pesta
267 926 441 994 respiciens,
456 925 525 978 vidit
542 941 593 994 pcr
607 926 752 978 visionem
769 925 801 977 B.
831 923 1003 977 biicliaelem

169 1013 393 1082 archangelum,
412 1012 499 1083 crrjus
515 1014 636 1078 vultum,
658 1014 770 1083 pictura
789 1028 855 1066 eum
880 1013 1004 1066 docente

171 1105 360 1171 cognoverat,
387 1117 440 1170 per
468 1102 670 1155 dormitorium
702 1102 893 1155 venientem:
917 1100 1004 1170 cujus

172 1189 246 1243 alter
275 1190 400 1260 angelus
424 1191 550 1261 vestigia
567 1191 757 1260 subsequens
783 1191 870 1260 paulo
886 1190 1005 1260 longius

1063 744 1173 798 obitum
1191 744 1434 798 inanifestissime
1446 743 1561 797 claruit.
1573 741 1644 797 Cum
1662 743 1783 813 quidam
1795 740 1887 810 irater,

1063 833 1151 903 cnjus
1166 849 1273 886 nomen
1299 849 1314 885 a
1331 833 1472 887 memoria
1491 831 1599 886 excidit
1621 828 1689 899 (36),
1708 846 1783 884 casn
1802 831 1831 884 in
1852 830 1889 884 in·

1063 921 1151 993 guine
1174 923 1349 991 crepuisset,
1365 922 1404 974 ita
1425 923 1457 974 ut
1472 919 1611 974 interiora
1625 919 1705 990 ejus,
1728 919 1890 976 membrano

1064 1012 1208 1078 disrupto,
1237 1010 1314 1063 inter
1342 1023 1460 1063 earnem
1489 1011 1517 1062 et
1544 1007 1657 1061 corium
1685 1007 1889 1079 dilaberentur,

1064 1097 1460 1169 sepulcrumipsinsailiit,ac
1469 1110 1501 1150 ee
1509 1095 1677 1165 superillud
1689 1098 1888 1165 prosternens,

1063 1187 1202 1258 lacrymis
1215 1186 1450 1258 gemitibusque,
1468 1188 1499 1238 nt
1513 1200 1565 1255 pro
1575 1199 1608 1237 se
1624 1184 1886 1255 Dominumpreea·

170 1275 374 1347 gradiebatur;
389 1292 474 1348 quem
491 1279 607 1332 intuens
624 1279 709 1332 dixit:
734 1279 855 1333 Domine
866 1292 963 1332 nonne
978 1279 1008 1330 tu
1064 1280 1156 1346 retur,
1172 1290 1208 1329 ex
1222 1275 1323 1328 intimo
1349 1274 1448 1327 cordis
1464 1273 1630 1343 postulabat
1647 1270 1757 1325 affeetu
1773 1288 1780 1325 ι
1797 1273 1889 1342 procul

172 1365 205 1418 B.
223 1365 348 1419 llielrael
365 1366 564 1437 archangelus
575 1370 587 1420 ἰ)
600 1367 633 1420 tu
650 1369 715 1421 ille:
733 1367 796 1436 Ego
814 1383 880 1420 sum
894 1367 1004 1437 utique.
1067 1366 1155 1420 dubio
1172 1364 1299 1419 credens
1311 1362 1377 1433 ejus
1392 1362 1506 1417 meritis
1518 1377 1550 1416 se
1558 1375 1650 1432 posse
1661 1360 1889 1415 sanitatemreei·

171 1454 209 1507 At
224 1453 288 1519 ille;
325 1453 387 1519 Quo
408 1454 513 1522 tendis,
537 1456 640 1538 inqpit,
663 1456 801 1509 domine?
817 1455 860 1508 Ad
877 1455 1004 1522 domum,
1066 1471 1146 1525 pere,
1164 1453 1258 1524 quiin
1277 1452 1331 1505 trac
1347 1453 1405 1507 vita
1426 1451 1541 1520 positus
1564 1449 1760 1520 omnipotenti
1778 1449 1887 1504 Domino

171 1542 276 1613 inquit,
307 1543 503 1613 infirmorum,
533 1547 563 1597 ut
591 1544 711 1598 tratrem
736 1545 880 1598 Ausonum
892 1558 1006 1598 mecum
1064 1538 1641 1598 lotisviribusstuduitdeservire.Cum
1659 1538 1885 1610 igituraliqueo·

171 1646 334 1700 assumam,
354 1632 421 1702 quia
435 1631 496 1702 jam
514 1636 630 1702 tempus
646 1636 701 1701 cst,
720 1649 824 1703 pergo.
840 1632 875 1686 Et
890 1632 937 1686 bis
949 1632 1008 1685 die-
1065 1631 1156 1686 tulum
1176 1646 1267 1700 supi-r
1281 1628 1450 1699 sepulerum
1467 1626 1533 1698 ejas
1549 1642 1639 1682 orans
1651 1626 1883 1694 incubuissetiti

173 1719 223 1788 tis,
250 1719 326 1774 visio
348 1736 434 1790 quam
450 1720 568 1774 videbat
588 1722 744 1791 disparuit.
762 1721 815 1785 Qui
832 1723 930 1775 stetim
946 1720 1009 1775 evi·
1064 1719 1218 1773 restitutus
1247 1720 1293 1772 est
1320 1716 1449 1786 sanitati,
1468 1719 1498 1770 ut
1522 1715 1677 1787 languoris
1698 1713 1815 1784 pristini
1839 1728 1881 1770 neo

173 1807 271 1879 gilans
287 1810 428 1876 surrexit,
448 1814 475 1863 et
492 1808 667 1864 festinanter
691 1811 725 1863 ad
742 1810 860 1864 ‹lonrnm
875 1810 1009 1864 infirmo·
1026 1809 1155 1896 Bullum
1180 1808 1208 1861 in
1237 1822 1271 1861 eo
1289 1806 1408 1878 quidem
1430 1805 1571 1860 indicium
1581 1804 1771 1860 remansisse
1784 1803 1879 1859 ridere·
1906 1848 1908 1857 .

176 1912 241 1949 rum
256 1896 396 1965 perrexit,
414 1896 593 1968 fratremque
619 1900 762 1952 ezzonem
780 1914 795 1952 e
812 1913 935 1967 corpore
947 1898 1010 1951 ani-

178 2000 255 2039 mam
268 1984 329 2054 jem
340 1985 498 2040 exhalasse
514 1987 635 2040 invenit.
653 1987 714 2051 Qun
723 1989 756 2041 ite
767 2003 798 2041 re
815 1991 913 2056 aperte
926 1987 1011 2040 datur

178 2071 304 2144 intelligi
318 2073 396 2144 quod
413 2073 488 2127 idem
505 2074 537 2128 lt.
555 2075 680 2128 blichacl
696 2092 762 2129 eum
778 2090 880 2130 secum
896 2074 1009 2129 detule-

180 2161 225 2228 rit,
257 2161 307 2232 qui
333 2162 369 2215 ad
393 2163 604 2217 assumendum
621 2180 687 2217 eum
704 2180 738 2218 se
753 2164 873 2218 uenisse
886 2166 1009 2218 testatus

179 2252 234 2303 est.

214 2337 315 2392 Frater
332 2339 449 2410 quidem
466 2342 495 2394 in
524 2347 625 2394 nostro
641 2343 820 2395 monasterio
838 2340 1008 2411 Stephanus

178 2426 337 2481 veneticus
361 2426 416 2498 (dt)
435 2429 597 2494 dicebatur,
615 2431 663 2500 qni
680 2446 716 2484 ex
728 2430 858 2484 Venetiae
875 2430 1008 2499 partibus

179 2514 350 2583 calveniens,
368 2516 397 2570 in
408 2521 519 2571 sanctae
534 2519 772 2573 conversationis
784 2519 884 2572 habitu
894 2518 1010 2573 studio·

180 2603 300 2658 sissimo
320 2604 400 2672 r'ixit,
428 2606 514 2676 cujus
529 2605 711 2673 humilitatis,
730 2607 875 2676 patientioe
889 2623 923 2661 ec
938 2608 1009 2663 obe-

179 2691 296 2745 dientiae
313 2693 422 2747 bonum
439 2696 587 2762 omnibuS,
609 2696 659 2766 qui
676 2700 744 2749 tune
755 2697 784 2748 iu
800 2696 1008 2765 omnipotentis

179 2779 232 2835 Dei
247 2783 368 2836 servitio
389 2782 496 2837 ibidem
512 2782 685 2855 congregati
704 2788 795 2853 erant,
813 2785 1009 2855 liquidissime

179 2869 280 2937 patuit.
302 2871 433 2942 Cumque
459 2871 521 2942 jam
549 2877 664 2942 tempus
690 2876 771 2927 esset
796 2876 825 2927 ut
841 2873 1009 2944 ejusdigna

1064 1902 1121 1952 tur.

1101 1986 1283 2058 Smaragdos
1298 1984 1472 2054 monachus,
1488 1984 1538 2056 qui
1553 1983 1652 2038 adhuc
1667 1985 1811 2052 superest,
1821 1981 1874 2038 elin

1065 2078 1167 2131 nostro
1183 2073 1362 2129 monasterio
1386 2061 1593 2142 commoratur,
1610 2070 1712 2125 retulit
1730 2070 1798 2124 milii
1815 2069 1873 2141 quod

1065 2181 1163 2220 narro,
1178 2163 1261 2229 Quod
1276 2180 1291 2217 a
1307 2163 1406 2217 Leone
1426 2160 1586 2215 venerabili
1602 2158 1794 2231 presbytero,
1808 2174 1873 2212 aruo

1067 2252 1133 2307 culo
1149 2253 1264 2306 scilicet
1279 2267 1345 2320 sue,
1363 2267 1395 2305 se
1418 2250 1538 2304 audisse
1554 2249 1707 2304 referebat
1722 2248 1758 2303 de
1771 2247 1871 2302 Antonio

1068 2342 1211 2397 monacho
1237 2345 1323 2412 atque
1342 2340 1528 2411 presbytero.
1557 2337 1613 2403 Qui
1638 2336 1827 2392 saecularibus
1848 2351 1872 2390 ιι

1071 2430 1179 2484 divinis
1196 2429 1300 2484 litteris
1315 2429 1393 2483 haud
1409 2427 1595 2482 mediocriter
1611 2427 1762 2487 eruditus,
1777 2426 1809 2480 ab
1822 2423 1870 2478 ade

1067 2521 1208 2575 lescentia
1234 2518 1381 2590 usquead
1405 2517 1472 2571 vitoe
1487 2518 1598 2571 exitum
1617 2517 1646 2569 in
1664 2515 1818 2585 saepedicto
1828 2527 1869 2566 mo

1067 2610 1197 2664 nastcrio
1220 2607 1343 2679 degens,
1365 2607 1503 2662 omnibus
1518 2620 1591 2676 pene
1616 2604 1646 2659 in
1671 2604 1727 2658 hac
1750 2602 1870 2674 provincis

1068 2701 1155 2753 notus
1183 2697 1305 2752 exstitit.
1335 2695 1390 2761 Qui
1418 2696 1487 2751 dum
1506 2695 1634 2766 quodam
1653 2697 1793 2764 tempore,
1819 2704 1870 2745 caso

1067 2789 1233 2858 accidente,
1250 2788 1328 2842 sic-ut
1345 2785 1508 2857 praedictus
1527 2782 1685 2854 presbyter
1700 2798 1738 2836 ex
1753 2797 1799 2834 ore
1813 2780 1870 2833 illias

1067 2880 1188 2950 aceepit,
1209 2879 1274 2933 loco
1291 2877 1320 2930 in
1337 2874 1492 2929 secretiori
1507 2871 1690 2942 crepuisset,
1713 2876 1742 2925 et
1755 2870 1870 2940 languore

179 2959 1010 3030 conversatioajustissimollominoremuneraridebuis·
1066 2971 1222 3024 crescente
1241 2965 1370 3036 quotidie
1386 2963 1577 3018 vehementer
1597 2959 1780 3031 latigaretur,
1803 2955 1870 3011 meli·

180 3051 234 3114 set,
258 3049 392 3102 molestia
422 3055 562 3121 gravatus
583 3051 726 3120 corporiS,
751 3052 893 3105 iratribus
909 3068 1009 3105 coram
1067 3072 1172 3127 cum,a
1187 3072 1245 3126 quo
1260 3054 1357 3109 serari
1372 3054 1417 3107 rel
1440 3051 1524 3106 exuri
1538 3050 1672 3117 deberet,
1689 3048 1717 3102 si
1735 3063 1790 3118 quo
1807 3043 1869 3098 molt

179 3137 295 3205 positis,
313 3138 388 3191 aliem
406 3138 511 3192 clausit
527 3140 1009 3210 extremum.Tuncquoedamrcli-
1066 3147 1168 3216 posset
1184 3145 1337 3200 sanitatem
1349 3143 1491 3212 recipere,
1509 3139 1677 3194 conducere
1692 3135 1867 3191 meditabatur.

179 3224 351 3295 giosissima
367 3243 452 3296 auris,
471 3229 606 3298 agundia
622 3228 748 3297 nominc,
769 3230 851 3300 virgo
867 3234 962 3283 ruente
980 3232 1007 3284 et
1065 3235 1198 3289 Timebat
1212 3236 1308 3287 lernen
1325 3233 1351 3285 si
1367 3226 1685 3295 secareturamedico,
1703 3228 1735 3279 ut
1749 3221 1869 3278 uuiltotiet

179 3328 312 3384 0⁰”P0issi
330 3331 396 3386 (1¹1ae
421 3317 450 3371 in
479 3318 692 3371 sanctimoniali
705 3318 804 3371 iitbiiil
816 3317 901 3387 tuxia
914 3320 1006 3373 ecole-
1065 3324 1186 3379 evenire
1202 3323 1288 3387 solet,
1305 3335 1341 3374 ae
1358 3319 1433 3373 sorte
1446 3319 1622 3383 moreretur,
1635 3318 1664 3368 et
1679 3329 1784 3368 rursus
1799 3312 1822 3364 si
1830 3321 1869 3363 nor

179 3403 252 3456 sium
262 3404 359 3457 Beatos
376 3405 475 3459 Mariae
485 3421 602 3475 semper
616 3407 747 3477 Virginis
759 3407 843 3460 sitam
853 3407 881 3459 in
892 3408 1008 3462 civitate

178 3507 244 3560 quae
261 3493 338 3547 circa
350 3494 480 3548 radicem
488 3494 588 3547 Casini
599 3495 704 3547 montis
716 3499 761 3547 est
771 3494 896 3563 condita,
906 3511 1007 3551 manc-

178 3580 227 3634 bat
243 3598 322 3635 more
336 3582 434 3650 solito,
449 3586 604 3653 antequam
620 3583 719 3636 clerici
732 3582 867 3654 ejusdem
879 3585 1006 3640 civitatis

178 3669 214 3722 ad
231 3669 396 3724 reddendas
413 3674 573 3724 nocturnas
599 3672 656 3725 llee
673 3670 775 3725 lauilcs
792 3672 1006 3742 surrexissent,

179 3763 244 3812 ante
261 3759 429 3828 praedictam
441 3759 599 3814 ecelesiam
617 3760 666 3812 llei
677 3760 830 3831 genitricis
845 3765 939 3829 stans,
953 3776 1007 3833 ge-

179 3847 259 3915 mitu,
277 3847 454 3918 lacrymisae
471 3848 845 3919 suspiriisemnipotentem
854 3850 1007 3904 Domiimm

178 3938 362 4008 precabatur,
390 3953 455 3991 cum
485 3954 554 3991 ecce
584 3939 681 3992 subito
710 3938 884 4007 intempesta
911 3940 1007 3994 noetis

177 4026 250 4080 hora
265 4026 439 4096 respiciens,
457 4026 528 4080 vidit
545 4027 709 4080 columnam
724 4027 841 4097 igneam
856 4027 962 4090 eeella,
979 4029 1009 4083 in

180 4131 237 4186 qna
247 4114 467 4169 inllrmilratres
486 4116 553 4185 quie
563 4121 738 4170 scereeraut
750 4116 838 4181 soliti,
849 4120 1007 4170 exeuntem

166 4207 343 4282 ,caelumque
354 4205 532 4260 tendentem.
548 4207 619 4269 Qum
630 4221 696 4258 mox
708 4206 840 4259 nuntium
856 4208 1007 4260 monaste-

176 4295 252 4349 rium
275 4294 376 4350 subire
392 4294 532 4363 praecepit
557 4294 606 4363 qui
636 4294 768 4347 studiose
798 4295 960 4364 inquireret
983 4295 1008 4348 si

176 4383 284 4454 aliquis
300 4401 335 4438 ex
352 4385 477 4438 infirmis
490 4383 629 4438 tratribus
642 4382 669 4435 in
684 4382 755 4436 cella
772 4384 819 4436 illa
831 4383 1008 4455 degentibus

176 4489 214 4527 ex
227 4473 285 4526 hoe
298 4473 404 4526 mundo
416 4472 586 4542 migrasset.
597 4471 669 4524 Tum
681 4471 717 4538 is,
732 4471 783 4542 qui
795 4471 1007 4526 iuerutmissus

1065 3415 1233 3480 secaretur,
1250 3410 1387 3464 sedulum
1413 3406 1574 3461 sustineret
1590 3404 1738 3472 dolorem,
1754 3399 1825 3473 quod
1841 3396 1870 3452 eet

1066 3501 1130 3573 ipso
1149 3503 1242 3556 morte
1257 3499 1409 3565 deterius,
1432 3494 1633 3566 periculosius
1647 3492 1708 3546 sibi
1730 3490 1867 3545 videbatur.

1068 3595 1161 3666 lgitur
1180 3604 1246 3644 cum
1262 3589 1336 3642 intra
1349 3602 1382 3640 se
1397 3585 1462 3639 hoee
1476 3582 1586 3636 diutius
1596 3580 1731 3652 agitaret,
1745 3570 1869 3633 nnumsili

1065 3686 1131 3738 lore
1160 3677 1320 3735 remedium
1350 3674 1496 3742 credidit,
1518 3674 1549 3726 ut
1567 3671 1605 3724 ad
1626 3669 1794 3739 sepulerum
1816 3660 1868 3720 uel

1065 3769 1214 3826 Benedicti
1222 3781 1352 3839 pergens
1362 3759 1703 3834 ipsiusmisericordiam
1715 3752 1866 3828 implorent

1066 3876 1190 3933 sperans
1207 3875 1240 3914 se
1257 3858 1324 3929 ejus
1332 3833 1498 3928 patrocinio
1508 3865 1600 3921 posse
1610 3847 1731 3912 salvari,
1742 3845 1796 3899 sub
1805 3841 1867 3912 caque

1065 3949 1235 4022 magisterio
1252 3962 1285 4001 se
1300 3945 1444 4000 recedens
1459 3940 1598 3994 assecuto
1615 3935 1806 3991 devotissime
1819 3944 1867 3984 coa·

1065 4040 1179 4095 tulerat.
1210 4036 1313 4090 Statim
1333 4034 1423 4105 igitur
1445 4029 1602 4084 ecelesiam
1631 4025 1775 4091 intravit,
1799 4029 1867 4075 aest
1902 4074 1905 4079 ,

1065 4144 1163 4184 coram
1181 4126 1263 4179 altari
1281 4123 1428 4177 humiliter
1442 4112 1773 4189 prosternens,diutius
1790 4106 1867 4171 orarit,

1066 4223 1096 4273 ut
1110 4217 1295 4285 omnipotens
1315 4213 1394 4265 Deus
1422 4207 1534 4262 meritis
1554 4204 1627 4258 tanti
1647 4202 1746 4256 Patris
1771 4199 1867 4254 satureo

1065 4307 1123 4361 sibi
1147 4304 1283 4359 conterre
1299 4301 1481 4371 dignaretur.
1499 4293 1622 4364 Expleta
1634 4307 1706 4347 vero
1722 4289 1868 4351 orationqt

1065 4396 1247 4467 pavimento,
1266 4394 1295 4444 in
1323 4405 1380 4460 quo
1401 4388 1567 4457 prostratus
1586 4383 1731 4452 jacuerat,
1755 4371 1867 4436 surrexit,

1063 4488 1149 4554 utque
1179 4498 1216 4535 ex
1234 4478 1384 4548 crepidine
1401 4474 1502 4527 altaris
1531 4471 1686 4541 pulverem
1709 4465 1829 4537 collegit,
1850 4458 1869 4511 el

120 4622 125 4629 ,
176 4563 307 4627 nuntiae,
324 4560 483 4631 perniciter
498 4563 624 4614 montem
635 4560 778 4627 ascendit,
796 4563 1007 4615 monasterium
1066 4573 1162 4643 ligans
1179 4570 1208 4623 in
1223 4583 1328 4638 panno,
1345 4567 1410 4619 1000
1422 4564 1451 4617 in
1462 4578 1520 4634 quo
1531 4559 1698 4630 patiebatur
1713 4555 1868 4626 superimpl·

105 5293 109 5300 i
176 5344 241 5397 cup.
258 5328 301 5381 Sl.

107 5714 125 5743 k

177 4650 297 4705 intravit
313 4690 319 4715 i
335 4649 454 4702 d⁰f¹¹¹¹¹¹¹
469 4647 652 4701 infilfflffl‘llm
669 4648 749 4716 adisti
772 4652 859 4718 atque
884 4650 1004 4719 Steplm-
1066 4661 1126 4715 suit
1140 4675 1146 4714 :
1159 4663 1245 4729 atque
1257 4657 1303 4709 die
1319 4654 1411 4709 altero
1426 4653 1465 4706 ita
1476 4665 1568 4705 sanus
1579 4651 1718 4718 repertus
1735 4647 1788 4711 est,
1798 4644 1868 4695 utra

177 4757 246 4795 num
269 4739 445 4810 religiosum
478 4737 654 4790 monachum
684 4736 853 4791 defunctum
870 4739 1005 4808 reperiit:
1064 4724 1868 4820 signumquidempraeteritaeinfirmitatisineoomni-

176 4833 205 4884 et
215 4828 381 4883 studiosius
393 4827 557 4897 inquirens,
572 4824 683 4879 invenit
694 4841 760 4879 eum
769 4825 881 4880 cuhara
891 4827 1007 4880 emisis-

176 4934 209 4973 se
225 4919 361 4987 animam,
378 4932 435 4988 qua
450 4915 585 4970 columna
601 4915 688 4985 ignea
705 4914 741 4967 ab
757 4914 862 4967 ancilla
878 4914 929 4968 Dei
943 4915 1008 4970 risa

101 5006 107 5013 ’
175 5011 222 5063 est
236 5008 316 5062 celse
334 5009 488 5076 penetrare
503 5005 648 5073 pelorum.

212 5096 293 5152 Alter
306 5096 423 5168 quidam
435 5095 464 5148 in
477 5093 627 5164 jamdicto
643 5094 744 5147 nostro
761 5093 940 5147 monasterio
951 5092 1007 5161 (35)

211 5257 267 5326 (33)
283 5257 335 5311 Cui
351 5272 456 5310 nomen
474 5260 536 5311 erat
549 5257 665 5321 Petrae,
675 5253 765 5307 relect
776 5252 905 5306 Ostiens
918 5252 968 5305 lib.
978 5269 1007 5320 u,

212 5398 267 5467 (34)
285 5397 435 5452 Recitator
445 5399 529 5453 etiam
541 5400 598 5453 hoc
612 5397 785 5450 miraculum
797 5410 812 5447 a
829 5395 917 5447 l’etro
928 5392 1008 5447 Diae.

176 5471 227 5525 tib.
249 5485 305 5523 ms.
327 5469 367 5520 lle
394 5470 448 5523 ort.
463 5468 537 5540 just.
554 5470 664 5536 Casio,
688 5483 751 5535 cap.
768 5465 812 5530 te,
830 5470 857 5520 et
873 5483 888 5518 a
911 5465 1009 5518 leone

176 5541 238 5595 Ost.
255 5541 284 5593 in
299 5538 436 5593 (thronic.
454 5540 504 5594 lib.
531 5559 571 5605 ιιι,
596 5557 660 5609 cap.
681 5538 725 5593 43.
743 5537 821 5591 Vixit
839 5535 1008 5604 Stephanus

177 5612 338 5666 veneticus
353 5609 409 5663 sub
425 5627 501 5665 anno
514 5611 592 5665 1080.

212 5682 268 5758 (35)
279 5680 544 5739 Meminitloanuis
554 5682 686 5738 Venetici
698 5681 775 5736 Petr.
799 5680 880 5737 Diae.
897 5679 947 5737 lib.
968 5680 1008 5734 lte

1067 4837 1152 4892 mode
1167 4835 1341 4890 remaneret.

1107 4926 1147 4979 De
1162 4925 1254 4978 Paulo
1275 4920 1331 4991 (37)
1354 4922 1464 4974 sanetee
1493 4914 1731 4971 conversationis
1752 4904 1870 4966 monacho

1068 5018 1145 5091 quod
1168 5032 1184 5068 a
1204 5012 1363 5075 tratribuS‚
1379 5009 1429 5079 qui
1454 5005 1589 5060 adhucin
1605 5004 1660 5057 trac
1677 4999 1809 5072 praesenti
1830 4994 1869 5090 riti

1066 5107 1178 5173 vivunt,
1195 5106 1303 5157 etcum
1320 5098 1427 5168 optime
1441 5092 1690 5161 norunt,audisse
1706 5106 1751 5145 me
1766 5085 1870 5142 memini.

1064 5274 1119 5324 ort.
1134 5266 1220 5334 just,
1238 5280 1301 5334 cap.
1317 5263 1361 5330 tl,
1379 5264 1407 5315 ct
1422 5259 1481 5312 Leo
1496 5255 1559 5309 Ost.
1578 5254 1628 5308 lib.
1646 5270 1689 5322 m,
1701 5267 1763 5320 cap.
1781 5247 1820 5302 li.

1101 5337 1158 5406 (33)
1177 5335 1310 5389 llamicis
1329 5331 1496 5389 nominatur
1520 5342 1535 5378 a
1556 5324 1635 5380 Petr.
1649 5329 1679 5379 et
1696 5341 1712 5378 a
1736 5321 1823 5376 Leon.
1836 5313 1875 5369 Ost

1101 5408 1158 5467 lull
1174 5407 1282 5460 Eadem
1296 5407 1331 5460 cle
1347 5402 1438 5458 Paulo
1455 5395 1601 5453 monacho
1617 5385 1875 5452 reserunmralibst

1065 5482 1127 5535 lib..
1141 5467 1171 5547 u,
1188 5495 1251 5548 cap.
1268 5476 1312 5545 55,
1326 5481 1353 5532 et
1365 5494 1381 5529 a
1395 5475 1481 5528 Petro
1494 5470 1625 5524 Diaeouo
1636 5468 1689 5523 lib.
1702 5483 1758 5548 ms.
1774 5465 1813 5551 lte
1827 5462 1877 5516 ortt

1063 5555 1164 5620 justor
1191 5566 1255 5618 cap.
1268 5548 1313 5602 lu.
1330 5547 1442 5602 Floruit
1457 5543 1493 5597 ad
1509 5558 1578 5598 ann.
1605 5539 1686 5594 1035.
1704 5538 1777 5621 Vide
1796 5532 1877 5617 sanct

1065 5628 1194 5694 Capuan.
1212 5621 1300 5675 blielr.
1318 5617 1453 5673 monachi
1470 5614 1505 5669 de
1520 5615 1573 5670 SS.
1592 5613 1708 5668 leenae
1730 5615 1879 5681 primicerio

1064 5701 1093 5753 et
1106 5695 1197 5751 Paulo
1212 5693 1384 5764 preposito.
