3900 6112
109 233 151 296 95
562 228 699 292 GESTA
720 225 985 290 PONTIFICUM
1008 223 1379 292 CAMERAGENSIUM
1648 238 1651 245 '
1788 224 1832 289 96

110 415 250 472 officium.
267 412 455 470 Ordinationa
470 412 568 487 itaque
579 414 707 483 peraeta,
723 409 770 465 vir
784 411 837 465 Dei
852 425 939 466 veno·
955 407 984 470 A
999 409 1113 464 viribus
1129 410 1232 465 urbem
1248 413 1418 466 constanter
1432 412 1590 468 adversum
1601 413 1741 484 impetum
1751 412 1832 466 iltius

108 504 222 572 rabitis,
235 503 408 575 compositis
419 501 600 556 necessariis
617 503 718 570 rebus,
730 516 802 555 sane
818 516 942 573 gregem
1000 498 1164 569 tyrannidis
1188 499 1366 568 defensaret,
1393 500 1549 572 ipsumque
1571 502 1718 572 frequenti
1737 516 1831 571 expu-

110 593 304 649 commissum
329 592 501 646 visitaturus
522 590 558 644 ad
574 591 676 645 sedem
692 589 750 644 sibi
769 604 945 643 concessam
1001 587 1138 658 guntione
1154 587 1334 643 devinceret.
1358 589 1455 654 Quare
1476 589 1553 645 lotus
1574 592 1733 661 episcopus
1749 589 1829 644 illum

110 681 238 737 devenit.
256 679 315 735 Sed
338 679 389 733 vix
413 694 549 733 sermone
564 680 670 748 poterit
695 678 846 748 explicari,
876 669 949 747 quo¹
1002 677 1123 746 recepit,
1141 676 1196 732 sed
1211 679 1240 732 et
1255 678 1332 749 quod
1347 679 1471 750 rogabat
1486 679 1599 751 absque
1619 678 1789 734 difficultate
1805 678 1832 733 ei

111 772 216 841 postea
239 768 376 839 injurias,
394 773 464 838 quot
479 767 682 838 contumelias
699 773 770 838 quot
790 767 876 822 etiam
893 767 946 820 ad·
1002 765 1185 819 contradidit.
1202 765 1257 831 Qui
1272 771 1368 821 tamen
1384 770 1486 835 postea
1495 768 1595 822 verbis
1604 767 1744 838 predictos
1759 783 1830 838 pro-

116 858 273 913 versitates
288 874 304 911 a
319 857 383 911 suis
399 871 563 927 perpessus
579 854 644 910 esti
886 840 892 848 ¹
1001 853 1154 908 missionis
1175 855 1262 910 tidem
1277 855 1437 928 derogans,
1454 872 1512 910 non
1528 859 1640 911 tantum
1655 857 1830 928 episcopum

148 943 192 1000 93.
211 942 279 1014 (92.)
294 945 338 999 De
353 945 483 1017 irp'uriis,
511 960 581 1017 qnos
596 945 750 1016 episcopus
765 960 780 997 a
795 943 944 997 militibus
1000 958 1058 996 non
1070 942 1183 1013 juravit
1196 941 1245 1013 166,
1261 944 1315 998 sed
1330 945 1416 998 etiam
1436 945 1534 1013 priore
1548 945 1711 1012 molestior,
1728 945 1831 1015 plures

114 1035 179 1089 suis
189 1035 341 1089 sustinuit.
357 1033 417 1088 Sub
428 1034 532 1089 eodem
546 1048 671 1104 namque
687 1038 817 1102 tempore
827 1034 889 1088 eret
899 1031 946 1086 vir
999 1034 1027 1086 et
1042 1031 1177 1087 diversas
1200 1033 1325 1103 injurias
1347 1033 1505 1087 adversum
1520 1033 1690 1103 pontificem
1704 1037 1733 1088 et
1757 1048 1829 1087 suc-

109 1123 232 1194 quidam
248 1122 400 1178 iohannes
416 1123 542 1190 nomine,
559 1125 665 1192 potens
678 1126 735 1175 tam
750 1120 943 1177 Cameracen-

110 1212 188 1266 sium
203 1227 291 1282 quam
307 1211 572 1266 Vermandensium
588 1225 708 1282 genere,
730 1212 780 1282 qui
796 1212 943 1283 majordo·

109 1302 189 1354 matu
202 1300 310 1354 ceteris
320 1300 472 1369 prestabat
482 1301 511 1353 in
522 1300 595 1354 urbe
607 1300 664 1354 suh
672 1301 832 1371 pontificali
843 1303 942 1357 auoto-

999 1121 1213 1192 eessoresejus
1222 1122 1363 1176 exercuit.
1373 1122 1526 1176 iohannes
1537 1122 1829 1191 veroposscssiones

998 1225 1070 1264 suas
1084 1209 1180 1264 alieno
1191 1210 1299 1265 herede
1308 1225 1451 1281 pervasas
1463 1211 1676 1282 ingemiscens,
1693 1210 1832 1281 asperior

997 1299 1094 1353 factus
1109 1315 1168 1355 non
1184 1304 1249 1354 anto
1266 1301 1458 1370 compescuit,
1475 1300 1569 1354 donee
1585 1301 1745 1370 episcopus
1760 1314 1829 1354 cre·

997 1387 1049 1442 bra
1074 1389 1261 1443 infestatione
1285 1391 1416 1457 eoactuS,
1433 1389 1613 1444 tantumdem
1628 1403 1711 1459 paene
1735 1388 1829 1443 benc·

998 1477 1056 1531 ficii
1071 1477 1098 1532 ei
1113 1477 1250 1532 restituit.

110 1387 206 1441 ritate.
223 1387 281 1442 Sed
296 1403 354 1459 quo
368 1387 581 1458 maJorceteris
592 1393 679 1458 atque
694 1391 849 1460 potentior,
862 1394 941 1446 tanto

109 1475 194 1547 pejor
208 1476 341 1545 pontifici
356 1482 442 1547 atque
454 1477 590 1531 ferocior.
605 1478 707 1546 Porro,
724 1481 755 1532 ut
769 1480 805 1534 de
817 1479 941 1551 reliquis

110 1565 232 1632 teocam,
249 1565 295 1619 vir
318 1565 372 1619 Dei
392 1565 493 1631 presul
515 1566 706 1634 venerahilis,
726 1567 856 1637 lapidum
872 1584 941 1623 con·
1032 1565 1654 1637 9t.(93.tnaos1·tnoeronismperatorrset
1665 1566 1831 1621 desucees·

108 1652 264 1723 gestiones
279 1655 307 1707 et
323 1654 444 1721 calcem,
463 1669 577 1708 omnem
593 1670 711 1727 quoqne
728 1661 879 1713 materiam
894 1675 941 1729 pa·
998 1658 1081 1710 sione
1093 1653 1148 1709 flii
1163 1656 1210 1709 sui
1227 1655 1353 1710 ottonis.
1366 1655 1477 1710 Eodem
1493 1659 1622 1726 tempore
1631 1655 1695 1709 Otto
1707 1655 1831 1724 impera-

111 1744 237 1808 raverat,
249 1741 325 1795 unde
335 1741 601 1797 aecclesiambeatae
613 1744 665 1797 Dei
677 1745 939 1816 genitricisbtariae
998 1749 1044 1799 tor
1058 1745 1278 1812 sanctissimus,
1294 1748 1373 1799 tutor
1385 1744 1559 1812 fidissimus,
1574 1758 1676 1798 norma
1687 1743 1827 1815 justitiae,

111 1828 560 1899 amplificaredisposuerat.Sed
568 1833 794 1905 interagendem
803 1837 940 1907 exigente
957 1796 983 1859 Β
998 1835 1094 1887 cultor
1108 1834 1232 1888 devotus
1248 1832 1403 1900 Ecclesiae,
1425 1848 1496 1903 spes
1519 1832 1612 1902 pacis,
1630 1834 1742 1887 amator
1757 1831 1829 1887 reli-

112 1917 154 1970 rei
169 1917 347 1972 necessitato
363 1918 399 1972 ad
414 1919 620 1988 imperatorem
640 1923 791 1990 profectus
811 1928 866 1978 ost.
883 1925 939 1979 Ubi
997 1923 1106 1995 gionis,
1123 1926 1376 1991 provectusaetate
1392 1922 1557 1992 plenusque
1573 1921 1686 1976 dierum
1704 1921 1830 1976 feliciter

111 2019 192 2072 vero,
205 2005 273 2059 dum
288 2011 463 2075 moraretur,
473 2009 748 2080 interimpredictus
760 2013 940 2068 castellanus
997 2012 1136 2084 migravit
1151 2012 1186 2065 ad
1206 2010 1356 2066 Christum
1371 2011 1428 2079 (au.
1447 2010 1508 2079 973,
1534 2010 1606 2064 llai.
1633 2009 1670 2079 ¹1).
1687 2011 1761 2064 Post
1775 2025 1828 2064 cu-

111 2092 193 2162 ipsas
209 2095 374 2150 materiales
399 2097 534 2151 cumulos
550 2098 608 2152 sihi
624 2101 749 2154 convehi
765 2100 842 2170 fecit,
862 2107 889 2157 et
904 2117 942 2157 ex
993 2100 1046 2171 ,jus
1061 2116 1220 2154 excessum
1233 2101 1298 2155 Otto
1312 2099 1391 2154 filius
1408 2114 1481 2154 suns
1497 2099 1748 2170 gloriosissimus,
1760 2098 1830 2153 licet

112 2180 159 2234 his
176 2181 294 2236 domum
310 2199 377 2238 cum
400 2200 515 2239 summo
532 2186 655 2241 aedificio
679 2189 708 2242 iu
724 2190 825 2243 codem
843 2193 941 2245 castro
995 2190 1137 2259 primaevo
1163 2190 1235 2243 tiore
1259 2189 1443 2259 tyrunculus,
1462 2193 1557 2243 tamon
1577 2188 1701 2243 consilio
1717 2187 1828 2257 honus,

114 2269 239 2324 fundari.
253 2270 316 2326 Hoc
327 2271 378 2326 ubi
390 2273 497 2328 factum
507 2290 628 2329 reverso
640 2277 770 2346 pontiflci
782 2278 940 2348 nuntiatur,
995 2278 1072 2334 bello
1088 2282 1239 2346 strenuus,
1250 2282 1288 2346 et,
1307 2281 1338 2331 ut
1352 2278 1455 2346 paucis
1471 2278 1655 2345 concludam,
1667 2277 1759 2347 patris
1770 2280 1829 2330 tam

110 2359 198 2413 altius
226 2359 379 2431 ingemuit,
404 2362 590 2434 divinamque
620 2364 803 2420 clementiam
831 2368 943 2422 diutina
995 2367 1170 2423 etmoribus
1195 2383 1283 2438 quam
1300 2367 1417 2421 nomine
1432 2367 1561 2421 imitator
1575 2365 1756 2436 simillimus,
1774 2366 1829 2420 ha-

111 2446 314 2503 lamentatione
330 2449 365 2502 ad
382 2450 582 2506 ulciscendam
599 2456 686 2508 tantm
702 2456 873 2510 temeritatis
888 2473 941 2513 au·
994 2456 1087 2511 benas
1097 2457 1212 2525 imperii
1222 2455 1417 2511 moderandas
1427 2451 1570 2525 suscepit.
1583 2455 1640 2516 Sed
1652 2454 1830 2526 quiajunior

109 2535 223 2588 daciam
251 2538 399 2592 excitavit.
427 2539 489 2593 Noc
512 2541 603 2595 multo
626 2546 694 2611 post
710 2547 811 2599 coacto
827 2547 941 2615 copiosi
994 2549 1067 2612 erat,
1084 2545 1307 2600 Henricusdux
1322 2543 1828 2614 Bujoariorumcumtotissedpre·

110 2623 260 2678 exercitus
275 2626 395 2694 auxilio,
415 2630 619 2684 exterminavit
635 2647 701 2684 cum
717 2632 753 2685 ab
769 2633 853 2687 urhis
869 2651 940 2688 con-
995 2635 1120 2704 sumptis
1137 2633 1287 2688 renisibus
1303 2636 1403 2687 contra
1419 2649 1452 2687 se
1464 2633 1611 2688 cervicem
1628 2632 1732 2700 erexit,
1746 2632 1828 2686 dedi-

110 2710 189 2765 linio.
217 2711 271 2776 Qui
300 2712 420 2785 fugiens
449 2716 478 2770 in
500 2734 608 2787 pagum
632 2719 894 2789 Vermandensem,
911 2725 941 2777 in
994 2722 1230 2793 gnatusscilioet
1247 2720 1313 2791 ejus
1338 2721 1461 2793 imperio
1477 2720 1644 2793 subjugari.
1663 2721 1748 2775 Unde
1771 2720 1828 2774 ali·

110 2803 240 2853 castrum
264 2801 401 2857 videlicet
425 2806 518 2859 sancti
537 2806 677 2877 Quintini,
695 2811 798 2865 amieis
823 2813 941 2882 quidem
994 2813 1102 2882 quanto
1132 2811 1272 2880 temporis
1298 2811 1451 2864 intervallo
1475 2811 1552 2864 inter
1572 2825 1605 2864 se
1624 2807 1661 2851 161
1678 2810 1827 2864 contentio

109 2890 137 2943 et
152 2888 287 2959 cognatis
303 2889 548 2963 suifragantibus,
566 2894 622 2949 sub
638 2895 758 2952 biberto
773 2901 879 2955 comite
889 2901 941 2955 ali·
993 2914 1088 2970 usqne
1105 2899 1139 2952 ad
1156 2899 1264 2953 bellum
1279 2900 1441 2969 processit3
1457 2899 1511 2954 sed
1524 2914 1580 2953 nec
1595 2900 1683 2970 longo
1699 2900 1777 2967 post,
1796 2901 1828 2952 ut

109 2976 238 3046 quandiu
253 2982 440 3049 receptatur;
464 2981 562 3053 ibique
582 2989 686 3056 rogato
701 2988 818 3056 auxilio,
832 2993 940 3045 tantam
993 2989 1143 3059 posterius
1165 2987 1270 3057 dicam,
1289 2989 1337 3042 itlo
1359 2989 1394 3042 ad
1410 2989 1569 3043 deditionis
1581 2987 1688 3060 jugum
1702 2988 1825 3056 reflexo,

108 3065 270 3120 satellitum
286 3068 400 3137 copiam
416 3069 474 3123 sihi
497 3071 659 3142 conjunxit,
676 3075 872 3147 utaliquando
888 3096 941 3134 oe·
997 3078 1072 3132 fucta
1088 3092 1160 3148 pace
1176 3077 1335 3132 eoncordia
1350 3076 1527 3131 intercessit.

108 3153 196 3209 cultis
211 3154 329 3210 insidiis
345 3157 425 3212 hunc
441 3159 477 3212 de
487 3159 651 3231 improviso
667 3178 837 3236 erumpens,
854 3168 941 3223 vittas
957 3169 982 3231 C
1030 3167 1075 3221 95.
1091 3165 1160 3237 rbi.)
1171 3166 1213 3222 De
1223 3167 1309 3221 rabie
1321 3166 1446 3221 llaineri
1461 3172 1490 3220 et
1505 3165 1772 3220 Lantbertieontra
1785 3166 1828 3219 im

107 3241 198 3315 hujds
214 3244 331 3300 viciniae
358 3247 469 3301 misera
498 3250 684 3319 populatione
700 3258 838 3310 vastaret.
857 3257 940 3312 Unde
992 3262 1173 3328 paraturam.
1186 3255 1292 3309 Audita
1303 3253 1487 3326 igitur-longe
1504 3253 1619 3324 lateque
1636 3254 1829 3322 morteimpo·

107 3332 239 3400 pontifex
248 3333 420 3405 plerumque
431 3338 603 3406 exterritae,
618 3356 745 3410 quonam
757 3344 940 3401 modotantae
995 3344 1112 3409 ratoris,
1136 3345 1282 3398 Rainerus
1307 3348 1393 3414 atque
1416 3343 1604 3411 Lantbertus,
1621 3342 1674 3396 filii
1689 3342 1829 3397 videlicet

108 3419 286 3475 inmanitatis
294 3420 438 3478 latronem
449 3426 609 3494 reprimere
619 3431 726 3499 possit,
737 3431 867 3488 diversae
879 3449 939 3489 mo-

107 3506 188 3561 tibus
197 3508 393 3566 meditationis
409 3513 562 3569 excitatur.
577 3515 735 3573 Haecillum
749 3521 937 3594 cogitantem,

108 3592 260 3651 Walterus
271 3597 389 3667 quidam
399 3600 545 3658 benensis
557 3605 647 3659 castri
657 3607 731 3678 (191)
740 3611 939 3682 vasalluslju·

108 3685 155 3737 xta
169 3683 355 3740 eminentiam
371 3691 516 3744 secularis
528 3695 664 3761 potentiae
681 3695 789 3766 clarus,
803 3700 857 3754 sed
872 3715 937 3755 ver-

107 3771 182 3826 sutia
199 3770 239 3814 166
252 3778 280 3828 et
295 3774 450 3833 calliditate
463 3779 573 3851 ingenii
587 3783 704 3852 plenae,
718 3784 877 3842 lactionum
889 3790 938 3844 sti·

106 3861 222 3928 pamine
231 3862 432 3935 circumvenit,
443 3867 590 3937 pollicitus
598 3888 679 3940 sane,
690 3876 768 3945 quod
777 3876 804 3932 si
811 3877 869 3932 filio
881 3895 936 3934 suo

106 3950 260 4019 aequivoco
269 3952 409 4024 quicquid
417 3955 568 4013 iohannes
578 3962 934 4037 tenebatbeneficiaverit,

107 4029 232 4110 erflnque
255 4041 320 4097 vice
344 4042 489 4101 iohannis
517 4048 687 4106 adsciscere
710 4054 844 4122 voluerit,
865 4059 936 4112 totis

995 3433 1115 3488 Raineri
1142 3432 1225 3502 (198),
1256 3448 1343 3504 quem
1371 3433 1488 3487 vivente
1523 3430 1620 3486 adhuc
1649 3431 1827 3500 imperatore

993 3523 1238 3592 archiepiscopus
1254 3522 1363 3589 Bruno,
1379 3521 1430 3591 qui
1444 3520 1501 3575 suh
1517 3520 1606 3575 fratre
1623 3520 1827 3575 monarchiam

993 3612 1125 3679 tenebat,
1136 3627 1190 3681 pro
1216 3611 1393 3680 insolentiis,
1410 3625 1464 3680 pro
1479 3609 1601 3679 rapinis,
1617 3624 1672 3679 pro
1686 3608 1825 3664 ecclesiae

993 3701 1228 3769 incussionibus
1243 3716 1298 3770 pro
1323 3700 1422 3753 multis
1440 3699 1527 3752 etiam
1551 3698 1718 3753 sceleribus
1743 3713 1826 3769 soepe

993 3789 1145 3862 arguendo
1152 3789 1328 3860 corrigebat,
1339 3804 1420 3858 saepe
1428 3788 1583 3843 beneflciis
1594 3787 1826 3858 ojnsjservitiam

992 3879 1135 3951 placando
1160 3877 1303 3945 leniebat,
1320 3877 1374 3931 sed
1401 3893 1468 3931 cum
1481 3881 1579 3931 tamen
1594 3876 1662 3948 ejus
1678 3876 1825 3931 feritatem

993 3968 1123 4025 siriatico
1145 3973 1267 4041 turgore
1283 3968 1410 4021 inflatam
1425 3966 1505 4021 nullo
1521 3966 1606 4021 modo
1622 3981 1757 4035 premere
1771 3984 1825 4036 po·

992 4059 1090 4129 tuerit,
1107 4061 1137 4114 in
1152 4057 1240 4113 exilio
1256 4056 1373 4112 tandem
1383 4058 1524 4126 perpetuo
1539 4055 1727 4125 dampnatum
1739 4055 1826 4110 fratri

762 4228 908 4292 VARIAE
931 4231 1164 4296 LECTIONES

139 4427 179 4473 ¹⁵⁹
192 4431 314 4482 versuta
329 4427 355 4481 1.
394 4425 560 4498 ¹⁶⁰juvavit
577 4448 655 4488 corr.
670 4434 747 4507 juvit
764 4437 789 4492 t.
829 4438 866 4481 161
882 4454 955 4495 ense
970 4438 996 4494 1.
1015 4437 1041 4495 3.

900 4563 1028 4673 norm

104 4812 287 4879 pulsabatur.
304 4811 472 4883 Episcopus
492 4812 588 4868 factus
604 4830 669 4869 cum
686 4816 790 4888 prima,
806 4816 870 4872 vioe
886 4833 934 4873 ec·
949 4819 977 4880 D
992 4819 1059 4875 abb.
1077 4818 1162 4888 Loh.,
1188 4836 1214 4874 c.
1239 4816 1283 4874 26.
1308 4817 1408 4874 Codici
1433 4817 1663 4890 Evangeliorum
1683 4818 1823 4875 ecclcsiae

105 4881 226 4937 clesiam
248 4883 382 4949 intrabat,
400 4884 465 4954 ipse
481 4900 545 4939 eum
566 4887 711 4956 pulsabat,
735 4887 933 4961 jurejurando

105 4953 285 5008 confirmans
300 4971 334 5009 se
353 4955 433 5009 illam
448 4957 652 5012 restituturum
668 4974 735 5012 cum
751 4959 826 5014 forte
841 4958 932 5015 fracta

105 5022 189 5077 forat.
205 5022 289 5088 Quod
312 5026 421 5080 factum
441 5030 487 5082 est
501 5043 528 5082 a.
553 5027 623 5083 1396
636 5032 665 5084 et
680 5028 767 5094 1116;
783 5045 841 5101 quo
856 5046 933 5086 anno

104 5092 207 5148 refusa
222 5093 297 5148 hanc
313 5098 426 5167 accepit
441 5098 665 5170 inscriptionem
683 5116 688 5155 :

140 5199 217 5256 Sera
231 5215 311 5269 sono,
327 5202 394 5256 dum
407 5204 520 5284 praesul
531 5205 625 5268 adest,
645 5207 766 5332 apesque
773 5208 899 5279 periclis

140 5271 277 5336 Pontiam
289 5277 357 5326 tuno
372 5273 442 5328 aliis
474 5292 510 5331 ro
524 5277 623 5332 causis
638 5293 655 5332 o
676 5278 737 5348 ligo
752 5285 866 5333 ooeturn.

139 5342 203 5398 Per
208 5343 297 5414 prius
306 5342 444 5414 Aldequn
467 5346 494 5401 is
502 5354 577 5415 eret,
586 5354 674 5419 prout
681 5352 727 5403 est
736 5349 811 5403 milri
820 5365 932 5404 nomen.

139 5412 210 5468 Sum
225 5412 312 5467 refici
320 5415 417 5484 ¹jussu,
429 5414 575 5473 Plonelret
590 5419 737 5474 fabricam
747 5419 933 5490 moderante,

138 5485 173 5538 M
185 5483 281 5540 semel
292 5489 321 5538 ct
338 5483 476 5556 Cquater
491 5493 555 5544 octo
571 5505 628 5561 per
638 5494 703 5546 octo
716 5489 864 5545 redactis.

671 5579 714 5632 Le
729 5578 819 5634 Gnar.

138 5669 214 5812 11191111
229 5671 328 5799 1lealllii
349 5758 403 5798 seu
428 5741 605 5816 Longicolli‚
626 5747 742 5803 comitis
758 5748 932 5805 Hannoniae.

130 5810 933 5893 odamlococonquerentemlegerolcuinumincestis

989 4890 1212 4945 Cameracensis
1228 4907 1265 4959 n.¹
1278 4890 1340 4957 309,
1358 4905 1429 4944 saec.
1446 4906 1475 4956 x,
1493 4898 1598 4943 manus
1609 4889 1744 4960 quaedam
1760 4906 1787 4945 s.
1803 4909 1823 4945 x

989 4976 1036 5029 ex,
1053 4961 1099 5015 vel
1116 4979 1144 5015 xr
1161 4962 1218 5015 ine.
1241 4962 1272 5015 in
1288 4961 1345 5015 fine
1367 4961 1432 5015 hoeo
1454 4960 1630 5030 inscripsit:
1656 4959 1739 5042 Hane
1752 4967 1824 5016 sunt

989 5043 1105 5095 nornine
1122 5040 1354 5104 malefactorum,
1373 5041 1421 5112 qui
1436 5039 1580 5094 ecclesias
1592 5056 1638 5093 ms
1641 5081 1695 5094 .....
1707 5057 1743 5095 re
1759 5057 1822 5096 oum

988 5110 1820 5178 cornitoliainerosuccenrlerunt:Albertuseomes,Pai·

989 5183 1114 5247 nuwalo,
1142 5181 1315 5237 liutbertus·
1338 5182 1500 5246 Setwinus,
1524 5181 1694 5250 Belrlricus,
1718 5182 1822 5238 Hilde-

988 5253 1131 5322 brandus,
1148 5252 1282 5317 Retholo,
1300 5253 1478 5323 Fastradus,
1495 5252 1667 5316 l'uleuinus,
1687 5252 1824 5325 Burgar-

988 5325 1053 5390 dus,
1062 5322 1820 5394 Tetnrarus,Sarawaratusllotlandus,Lietselmns‚

988 5393 1144 5465 Arnulfus,
1162 5395 1321 5460 lohannes,
1336 5395 1405 5449 item
1424 5395 1583 5458 lohannes,
1603 5392 1750 5458 Otmnrus,
1770 5395 1826 5450 llo·

989 5465 1135 5532 tmundns,
1157 5465 1342 5535 Tietselmns,
1355 5464 1538 5535 Lochardus,
1561 5464 1740 5532 Wiamarns,
1754 5464 1825 5521 Ste-

984 5537 1111 5608 plranus,
1127 5536 1323 5605 Euremarus,
1340 5536 1518 5606 Amolricus,
1538 5535 1703 5605 Gerurdus,
1716 5536 1827 5593 Gonte·

988 5623 1049 5671 rus,
1073 5607 1252 5676 Amolricus,
1270 5607 1448 5676 Fuleradus,
1473 5606 1636 5674 HubalduS,
1660 5607 1823 5675 Ar.nulqu‚

987 5677 1181 5747 Fredericus,
1211 5679 1384 5747 liutbertus,
1415 5678 1591 5745 Leuctricus,
1625 5678 1823 5752 Otselmus,...

989 5747 1130 5820 Olruldus,
1151 5749 1336 5819 Tietselmus,
1356 5749 1559 5815 Goismondus‚
1579 5749 1679 5805 Gunro
1694 5751 1824 5808 attilius

987 5820 1062 5894 ejus,
1077 5820 1259 5892 Harduinus,
1281 5821 1468 5892 Gontmarns,
1483 5819 1612 5878 Gotselo.
