3900 6112
103 266 163 332 ιιι
780 265 1165 333 uerasncmmus.
1767 233 1833 342 ‘rae

106 466 246 539 ejusdem
257 464 347 521 urbis'
355 467 499 537 episcopi,
512 469 643 523 secundo
653 468 683 522 in
693 467 822 523 loconon
840 468 942 522 incon·
956 449 986 510 Α
1000 468 1270 541 Sedpostquam,ut
1281 472 1415 543 inprime
1429 473 1505 529 ssbro
1516 473 1646 532 breviter
1668 478 1831 549 tetigimus,

105 557 263 611 venienter
274 556 453 610 subnectere
463 556 670 611 estimavimus
687 552 728 597 ²¹5
739 598 746 625 ,
757 555 878 611 Multum
888 559 945 610 ete·
1001 557 1057 613 suh
1067 560 1424 631 persecutionibusprimo
1434 578 1627 634 paganorum,
1636 566 1742 621 deinde
1755 567 1833 621 Hun-

106 647 165 699 nim
177 645 265 700 decet
276 649 304 699 et
315 645 390 699 bene
402 660 568 717 congruum
577 649 669 716 estut,
683 644 771 718 cujus
782 645 944 715 patrocinio
1001 663 1141 719 garorum
1153 664 1218 703 cum
1240 651 1347 704 ceteris
1363 667 1480 722 quoque
1496 651 1656 707 Galliarum
1671 656 1830 726 aecclesiis,

107 733 337 804 subprelatione
349 733 451 788 llatris
464 734 624 790 Dominicee
634 736 739 810 civitas
752 735 945 790 Kamerncen·
1000 737 1166 791 mortalium
1181 737 1276 808 culpis
1295 739 1497 810 exigentibus,
1507 757 1573 795 cum
1594 742 1672 796 omni
1690 742 1832 800 thesauro

107 825 151 878 cis
167 824 365 892 sustentatur,
388 825 475 896 cujus
497 824 624 879 nominis
640 825 780 894 preconio
799 825 946 880 illustrata
1000 827 1211 882 miserabiliter
1236 827 1371 897 populata
1388 829 1593 884 subvertitur:
1611 847 1669 885 non
1685 831 1781 886 solum
1797 833 1831 887 ad

108 910 296 981 sublimatur,
309 909 376 983 ejus
394 929 512 984 quoque
532 914 650 968 domum
671 915 701 969 in
722 915 777 970 boc
801 916 945 985 opusculo
1000 916 1244 986 gratiamprioris
1255 920 1350 971 status
1365 917 1520 973 reformari
1535 935 1593 973 non
1607 920 1710 988 potuit,
1727 936 1830 975 verum

106 1001 187 1074 juxta
198 999 599 1072 domumejusdemdomiuae
610 1002 742 1075 Virginis
754 1007 945 1077 consequen·
1000 1004 1116 1075 etquod
1133 1004 1290 1058 dolendum
1306 1010 1361 1077 est,
1374 1007 1470 1078 magis
1486 1009 1642 1079 magisque
1663 1007 1778 1078 dejecta
1802 1010 1833 1063 iu

106 1095 148 1144 ter
157 1105 318 1160 ponamus.
331 1089 474 1160 Tempore
483 1107 609 1162 namque
625 1091 716 1164 hujus
736 1093 896 1164 pontificis,
914 1099 946 1148 ut
999 1093 1193 1164 praecipitium
1205 1095 1272 1148 ruit.
1282 1093 1355 1158 Quia
1377 1095 1454 1149 enim
1470 1099 1619 1151 rectorum
1648 1097 1834 1153 imbecillitas

105 1179 201 1249 ipsius
214 1176 389 1248 vitamttbtl)
399 1180 570 1251 legentibus
581 1181 681 1252 liquet,
695 1182 724 1235 in
735 1182 844 1236 vertice
861 1200 944 1238 mon·
999 1185 1057 1235 tum
1067 1181 1265 1236 variasettam
1277 1183 1307 1236 in
1323 1182 1453 1238 diversis
1469 1185 1602 1252 partibus
1618 1187 1832 1255 possessiones

108 1267 581 1338 tisubinuncmonasteriumcst,
594 1269 879 1326 habebaturveteris
890 1272 943 1326 de·
999 1270 1088 1342 longe
1104 1271 1266 1342 diremptas
1282 1275 1310 1326 ct
1332 1288 1423 1342 prope
1447 1273 1561 1342 positas
1581 1290 1635 1328 sua
1650 1275 1834 1344 providentia

108 1357 226 1411 mentioe
244 1357 343 1424 lucus,
362 1357 470 1412 ritibus
487 1357 624 1413 videlicet
637 1359 801 1414 demonicis
834 1360 944 1430 priscis
1000 1359 1087 1413 simul
1100 1359 1239 1414 cohibere
1251 1376 1309 1415 non
1322 1361 1451 1430 poterat:
1470 1362 1560 1415 vicini
1575 1366 1711 1432 raptores
1724 1364 1836 1433 impro-

108 1445 745 1516 temporibusadsubversionemanimarum
756 1448 792 1502 ub
812 1448 945 1504 idolatris
999 1446 1232 1520 bissimiquique
1246 1449 1834 1521 vitiatojamquidemsaeculo,quodhoni

109 1533 275 1590 dedicatus.
286 1534 944 1607 Undevirllominigaudentcrmomoraudus,
1000 1551 1053 1605 pro
1065 1536 1159 1591 salute
1170 1540 1198 1591 et
1214 1537 1356 1592 remediis
1371 1538 1534 1592 animarum
1550 1540 1744 1610 contulerant,
1755 1543 1786 1594 ut
1802 1555 1836 1594 se

110 1621 207 1677 divino
219 1622 484 1694 consilioafflatus,
496 1625 594 1678 lucum
613 1625 767 1680 succidere
786 1628 944 1696 estimavit,
1001 1625 1089 1679 hahet
1100 1641 1184 1680 umor
1198 1625 1335 1680 humanae
1350 1627 1530 1696 ambitionis,
1547 1626 1741 1682 abstulerant.
1752 1628 1836 1693 Quod

110 1711 294 1782 alqueidolis
309 1712 445 1784 stirpitus
464 1713 592 1781 eversis,
609 1713 764 1768 basilicam
783 1715 813 1769 in
834 1715 945 1771 honore
1001 1716 1088 1767 etiam
1112 1714 1200 1785 peius
1225 1718 1280 1782 est,
1297 1731 1334 1769 ne
1349 1715 1407 1785 ipsi
1422 1715 1541 1786 quidem
1557 1719 1688 1770 rectores
1704 1716 1834 1788 quidam,

108 1800 183 1855 beati
192 1800 322 1855 Melardi
333 1802 496 1856 construxit
509 1803 600 1871 (eirca
613 1819 660 1857 an.
682 1801 756 1863 600).
774 1803 882 1876 Sicque
901 1807 945 1860 lo·
962 1781 985 1841 Β
1001 1803 1071 1873 quin
1082 1805 1227 1873 raperent,
1237 1803 1385 1873 cleperent
1402 1803 1486 1874 (554),
1504 1804 1703 1874 detraherent,
1721 1805 1838 1860 fraudu·

111 1905 173 1944 cum
185 1890 346 1960 spurcitiis
362 1889 492 1945 deditum
510 1891 580 1945 lecit
597 1891 740 1946 orationis
761 1897 788 1947 et
806 1893 945 1948 sacrificii
1002 1892 1099 1946 tentiae
1112 1896 1225 1946 tecnam
1242 1891 1471 1947 declinaverant.
1488 1892 1523 1947 Et
1539 1893 1609 1963 quid
1629 1892 1749 1947 dicam?
1768 1894 1837 1948 olim

112 1978 241 2045 domum,
254 1994 328 2033 sane
340 1978 568 2049 sibiprevideus
587 1979 659 2034 inibi
676 1996 740 2034 suae
758 1982 946 2038 dormitionis
1003 1979 1488 2051 frequentiornumerus,fratrum
1504 1981 1837 2054 nuncadquinquage-
1945 2018 1948 2023 -

111 2066 840 2139 mausoleumetguataemansionisliabitaculum²¹⁶
858 2071 947 2126 ‚Cum
1002 2085 1057 2123 uos
1072 2086 1134 2139 prae
1151 2070 1249 2140 inopia
1264 2069 1425 2136 derivatur,
1439 2071 1488 2140 qui
1504 2069 1612 2125 domno
1627 2070 1758 2127 Gererdo
1774 2071 1838 2141 epi-

110 2156 460 2228 enimposttrigesimum
480 2173 590 2212 nonum
608 2159 655 2211 sui
677 2159 822 2229 episcopii
838 2176 947 2215 annum
1002 2174 1093 2228 scopo
1111 2162 1286 2229 statagente,
1303 2158 1481 2212 cotidianum
1497 2159 1608 2212 victum
1627 2159 1656 2212 in
1681 2159 1838 2215 refectorio

111 2245 948 2319 cunctipotensllex,sedetdispunctorlargissimussuum
1004 2247 1337 2301 eommunitersumunt.
1352 2247 1382 2299 ln
1398 2244 1489 2316 hujus
1503 2251 1600 2301 autem
1623 2248 1716 2316 patris
1740 2249 1836 2302 nostri
1933 2306 1939 2317 ,

111 2332 233 2386 militem
242 2331 610 2389 fortissimumsudoribus
621 2336 686 2391 suis
698 2352 901 2407 responsurus
912 2340 948 2393 ad
1002 2335 1144 2390 memoria
1156 2334 1379 2389 etvaneratioue
1395 2334 1584 2404 monasteria,
1595 2335 1650 2389 sed
1659 2338 1688 2391 et
1697 2335 1834 2408 trequen-

112 2422 947 2495 remunerationemvocasset:ineadembasilica,utante
1001 2424 1092 2478 tiores
1108 2424 1241 2478 basilicae
1256 2425 1383 2477 nontam
1408 2423 1436 2476 in
1458 2438 1550 2492 prope
1575 2439 1662 2495 quam
1686 2425 1717 2478 in
1745 2424 1834 2496 longe

113 2509 324 2580 destinaverat,
344 2510 505 2566 honorifice
524 2512 683 2567 tumulatus
699 2517 947 2571 ressurrectionis
1001 2513 1107 2583 positis
1123 2512 1299 2585 regionibus
1317 2515 1497 2567 constructae
1514 2517 1599 2576 sunt,
1617 2513 1667 2567 ubi
1690 2513 1835 2567 beneficia

112 2598 188 2652 diem
199 2603 350 2668 expectat.
361 2600 430 2654 Mox
441 2600 531 2672 igitur
542 2617 632 2673 reges
643 2605 671 2657 et
680 2604 830 2673 principes
843 2620 877 2658 ac
892 2621 948 2676 po·
1002 2602 1171 2670 petentibus
1188 2601 1287 2655 divina
1303 2604 1484 2671 praestantur
1498 2605 1525 2655 ct
1540 2600 1577 2654 ad
1598 2601 1712 2655 laudem
1728 2605 1756 2656 ct
1770 2601 1835 2673 glo·

112 2687 275 2742 tentissimi
290 2689 409 2759 quique,
431 2691 528 2761 signis
546 2693 574 2745 et
591 2691 737 2763 prodigiis
756 2693 866 2763 quibus
882 2699 948 2749 ante
1002 2691 1075 2745 rium
1090 2689 1275 2745 contessoris
1291 2690 1474 2744 sanctissimi
1484 2689 1574 2744 multa
1589 2692 1618 2745 et
1633 2690 1840 2745 inenarrabilia

113 2776 224 2831 obitum
243 2777 403 2832 multifarie
427 2782 637 2834 coruscaverat
660 2780 787 2848 excitati,
808 2798 843 2836 ac
859 2784 948 2838 multo
1003 2781 1142 2834 virtutum
1157 2779 1291 2850 prodigia
1307 2777 1565 2833 divinaclementiu
1578 2779 1839 2851 operaridignatur

114 2865 327 2936 amplioribus,
339 2882 406 2938 quoe
417 2882 470 2936 per
480 2867 547 2939 ejus
556 2868 658 2923 merita
668 2869 841 2925 misericors
852 2874 880 2925 et
897 2873 948 2926 mi·
1005 2870 1046 2924 Ea
1057 2887 1128 2925 vcro
1138 2886 1205 2940 quae
1216 2869 1357 2924 bucauta
1373 2868 1464 2923 certis
1479 2868 1657 2923 relatoribus
1674 2868 1839 2940 contigisse

115 2957 230 3009 serator
241 2955 388 3010 Dominus
399 2960 466 3025 post
484 2956 595 3011 ebitum
613 2957 815 3013 indesinenter
834 2961 950 3030 operari
1006 2960 1183 3028 accepimus
1203 2962 1252 3012 aut
1266 2975 1321 3013 nos
1337 2959 1511 3029 contingere
1532 2972 1651 3026 semper
1674 2956 1839 3025 cernimus,

114 3043 319 3116 dignatusest,
329 3045 451 3113 attoniti,
462 3045 496 3099 ad
505 3045 687 3100 sanctissimi
696 3047 752 3100 viri
760 3047 951 3117 sepulchrum
967 3082 992 3144 c
1006 3047 1125 3101 modum
1142 3063 1195 3117 pre
1209 3046 1375 3117 pluralitate
1391 3045 1547 3112 excedunt,
1565 3059 1619 3098 nec
1645 3045 1703 3098 ullo
1726 3046 1840 3098 numeri

114 3132 246 3188 diversis
254 3149 294 3187 ex
304 3133 439 3202 partibus
450 3135 665 3204 confluxerunt,
682 3135 812 3206 tantique
830 3137 884 3190 viri
903 3154 951 3207 pa·
1007 3136 1132 3190 termino
1148 3135 1244 3189 claudi
1259 3139 1395 3205 possunt.
1413 3134 1455 3187 De
1470 3133 1579 3205 quibus
1601 3132 1757 3186 maximam
1771 3149 1840 3203 par-

114 3221 240 3276 trocinio
252 3220 431 3293 sasejuvari
443 3223 644 3293 implorantes,
657 3224 881 3293 opulentissima
893 3242 953 3280 mu·
1007 3229 1065 3280 tem
1079 3223 1188 3278 invidie
1205 3239 1285 3277 aurae
1301 3238 1333 3276 se
1349 3222 1486 3292 rapuisse
1501 3221 1637 3276 laetantur
1657 3221 1741 3290 (255),
1767 3237 1841 3291 pau-

114 3309 952 3382 neraobtulerunt.Statimqueexallluentiarerumcnm
1006 3314 1225 3380 cissimavcro,
1251 3327 1317 3382 quae
1342 3326 1400 3365 non
1428 3314 1548 3380 potuere
1569 3310 1657 3364 celari
1681 3309 1711 3363 in
1747 3310 1842 3380 primo
1915 3385 1919 3388 ᾖ

116 3398 362 3454 omnisedulitute
371 3400 583 3455 monasterium
594 3401 760 3472 ampliatur,
769 3402 952 3474 fratrumque
1005 3402 1105 3457 libello
1121 3402 1273 3456 succincte
1297 3399 1543 3471 perstrinximus3
1560 3397 1733 3468 plenissime
1744 3401 1843 3453 tamon

116 3503 280 3544 numerosa
291 3488 401 3543 cohors
413 3488 449 3542 ad
458 3488 817 3546 serviendumDeoetsuo
826 3493 953 3546 sanctis·
1007 3490 1102 3547 inille
1118 3490 1277 3559 volumine,
1304 3489 1383 3559 quod
1407 3489 1443 3543 de
1464 3488 1524 3543 vitu
1547 3488 1644 3558 ipsius
1668 3486 1842 3542 inscribitur

117 3576 192 3631 simo
203 3575 769 3650 confessoriimperpetuumdelegatur.
779 3579 953 3635 Haacautcm
1008 3580 1093 3652 (256),
1106 3581 1133 3636 si
1149 3579 1196 3635 cui
1211 3579 1291 3649 libet,
1309 3579 1415 3649 poterit
1429 3577 1574 3633 invenire.

118 3664 235 3734 domus,
247 3664 279 3719 in
290 3665 398 3720 montis
416 3665 575 3736 supercilio
592 3657 662 3735 sita,
684 3672 785 3737 aperte
800 3668 954 3724 insinuare
1043 3673 1069 3725 5.
1082 3670 1126 3725 De
1136 3669 1443 3741 inerpumiuesnnato.
1452 3666 1511 3722 Sed
1522 3670 1553 3720 ut
1564 3666 1628 3720 haec
1652 3664 1759 3737 pagina
1777 3680 1843 3719 sau·

118 3753 827 3828 videturipsumvidelicetmansoremegregium
837 3773 956 3828 semper
1010 3763 1125 3815 ctumet
1141 3759 1318 3832 gaudiosum
1334 3773 1440 3812 nomen
1457 3771 1490 3811 so
1504 3754 1614 3810 habere
1630 3756 1747 3810 lzrtetur
1761 3757 1789 3808 et
1805 3754 1845 3808 ri-

119 3843 238 3897 terrena
251 3842 396 3910 calcasse,
410 3843 581 3898 caelestibus
594 3848 651 3899 toto
660 3843 809 3911 desiderio
820 3845 955 3902 inhiasse
1011 3851 1087 3920 deut,
1099 3864 1192 3918 pauca
1203 3864 1240 3903 ex
1250 3847 1297 3901 bis
1307 3846 1428 3918 quaevel
1437 3847 1502 3916 ipse
1511 3843 1692 3916 juvenculus
1703 3843 1846 3898 moderno

121 3928 195 3986 Exin
205 3946 282 3985 vero
292 3931 378 3986 loeus
388 3933 540 3986 exdiversi
551 3933 670 4004 generis
680 3950 734 4005 ope
752 3933 872 4002 ditatur,
886 3936 957 3990 mul·
1011 3944 1142 4009 tempore
1158 3938 1394 4008 vidi,annectere
1412 3939 1508 3989 ratum
1523 3934 1604 3988 duxi.
1621 3932 1725 3988 Prater
1744 3948 1846 4003 quam·

121 4020 218 4091 lisque
233 4019 530 4075 beneficiisvirorurn
541 4022 686 4077 bonorum
701 4022 774 4078 adeo
785 4027 956 4096 augmenta·
1012 4030 1156 4100 plurimas
1167 4040 1293 4096 namque
1303 4025 1458 4095 utriusque
1474 4037 1566 4076 sexus
1583 4021 1753 4092 freneticos,
1770 4037 1847 4092 quos

121 4112 218 4175 tnr,ut
227 4124 287 4163 non
294 4108 380 4164 mode'
389 4110 499 4164 circum
507 4113 536 4165 ct
546 4111 625 4165 circa
636 4112 774 4166 viciniam
786 4115 955 4168 crassiores
1012 4119 1082 4172 illuc
1093 4117 1225 4171 videram
1236 4114 1409 4185 sospitatos,
1422 4127 1512 4166 unum
1527 4126 1664 4164 seorsum
1680 4110 1785 4178 dicam,
1799 4110 1846 4165 cui

123 4197 337 4269 uberioresque
347 4199 482 4253 villarum
494 4199 636 4271 colonias,
649 4216 752 4255 verum
764 4202 793 4255 in
803 4203 892 4274 longe
911 4220 956 4259 re·
1013 4208 1126 4262 nullum
1136 4222 1198 4276 prae
1209 4204 1357 4258 nimietate
1369 4201 1480 4255 luroris
1492 4199 1596 4253 estimo
1606 4199 1845 4266 comparandum.

125 4288 211 4342 motis
221 4288 406 4360 regionibus,
417 4293 448 4343 ut
458 4289 569 4358 scripta
580 4305 646 4360 quae
663 4289 692 4344 in
709 4290 829 4345 archivo
850 4292 956 4347 aeccle·
1014 4301 1073 4353 lstc
1089 4309 1214 4365 namque
1230 4308 1280 4347 ore
1297 4305 1450 4361 spumans,
1465 4287 1604 4342 dentibus
1616 4286 1768 4354 trendens,
1779 4286 1849 4341 licet

127 4377 177 4431 siae
188 4377 582 4447 suntattestantur,diversa
598 4383 626 4434 et
646 4381 678 4434 ut
696 4379 735 4433 ita
752 4380 847 4434 dicam
866 4381 956 4436 totius
970 4369 999 4433 D
1015 4402 1120 4444 manus
1131 4386 1198 4456 post
1208 4386 1291 4454 terga
1300 4380 1452 4435 revinctus
1461 4379 1516 4432 eta
1531 4376 1596 4431 suis
1613 4376 1720 4430 misere
1737 4390 1847 4446 caesus,

129 4467 247 4537 80⁰0?ss
259 4465 618 4522 0m⁰¹um⁰nt⁸d⁰¹1⁸¹¹⁰ss²·
636 4468 691 4532 Qui
709 4468 792 4522 ¹⁰⁰118
811 4470 880 4523 Olim
898 4475 956 4524 lam
1014 4480 1171 4533 vixtamen
1183 4473 1276 4528 teneri
1288 4472 1410 4542 poterat,
1423 4469 1493 4540 quin
1505 4467 1620 4521 extalis
1636 4465 1752 4520 viribus
1771 4464 1849 4519 omni

129 4554 264 4627 ²¹58⁸¹¹¹5³
274 4569 362 4625 quam
374 4559 432 4610 ‘⁰2⁸
441 4556 656 4625 θΡΡῡΡῑΰῦῙῑθῑθ
665 4559 869 4628 preeminens,
882 4559 958 4612 11⁰1·
1014 4567 1167 4623 bachaniae
1185 4561 1393 4632 imparteritus,
1409 4557 1525 4612 diabolo
1542 4555 1708 4611 violentiam
1734 4568 1849 4624 sugge-

130 4658 224 4698 versae
236 4645 398 4714 provinciae
409 4646 533 4716 gratiam
544 4645 734 4715 multiplicem
754 4650 782 4701 et
799 4647 957 4703 maximum
1014 4659 1107 4727 rents,
1132 4654 1260 4708 vacaret.
1290 4649 1414 4719 Semper
1439 4648 1517 4701 enim
1536 4645 1637 4700 illicita
1660 4643 1848 4715 loquebatur,

133 4732 272 4788 honorem
280 4734 441 4804 prestabat,
458 4735 620 4806 urbemque
632 4735 806 4791 excellentia
821 4752 884 4791 suaa
896 4737 958 4809 dig·
1016 4746 1173 4815 derepente
1189 4742 1335 4808 insiliens,
1353 4738 1488 4793 homines
1518 4735 1652 4788 incautos
1676 4731 1850 4802 plerumque

134 4822 225 4876 Πῆθῑῑῦ
235 4821 485 4894 quamplurimum
500 4823 672 4896 insignibat·
689 4824 760 4879 Erat
779 4825 856 4879 essim
872 4842 961 4881 vesse·
1016 4835 1178 4891 mordebat.
1195 4831 1239 4885 Ad
1255 4827 1546 4896 monasteriumvero
1554 4821 1718 4878 beatissimi
1734 4819 1853 4876 confes

134 4911 218 4965 tanda
229 4916 317 4983 atque
333 4911 445 4984 regalis
459 4911 594 4982 abbatie,
618 4928 655 4968 ex
677 4913 755 4967 omni
783 4913 961 4969 sufficientia
1017 4925 1217 4994 sorismagna
1232 4918 1405 4975 difficultate
1418 4913 1592 4985 perductus,
1608 4924 1667 4965 non
1681 4911 1780 4993 miuus¹
1796 4926 1851 4980 per

136 5000 830 5075 townspujusmultiplicigratianihitssconferrc
841 5006 961 5076 putaras
1017 4998 1127 5068 aliquot
1135 4993 1200 5048 dies
1212 4992 1312 5047 sevire
1322 4988 1486 5056 videbatur,
1499 4983 1537 5039 ita
1547 4986 1578 5038 ut
1588 4997 1673 5039 nemo
1689 4997 1723 5037 se
1739 4983 1781 5037 llll
1796 4981 1851 5038 ob·

787 5119 935 5182 VARIAE
956 5117 1192 5184 LECTIONES

165 5221 204 5268 ²¹⁵
219 5227 395 5282 estimamus
410 5225 437 5283 6.
450 5223 493 5273 2¹⁶
515 5227 668 5300 sequentia
681 5227 821 5299 usquead
835 5243 859 5282 e.
876 5227 903 5282 9.
915 5229 1033 5287 desunt.
1050 5229 1075 5284 6.

931 5326 1071 5390 NOTAE.

164 5432 238 5502 (258)
253 5432 469 5516 Antiquiorem
485 5432 516 5488 in
526 5433 609 5488 Actis
623 5432 675 5489 SS.
700 5433 829 5505 augusti
853 5433 893 5498 ll,·
909 5435 965 5491 ltc-
1017 5437 1065 5491 ius
1080 5449 1171 5507 :rapa
1190 5432 1281 5502 clepa
1299 5432 1375 5490 tene,
1392 5422 1533 5494 herrm·
1550 5414 1622 5474 ΕΜ
1637 5431 1762 5473 mm·

134 5503 168 5558 tis
181 5502 234 5560 SS.
251 5502 347 5575 Belgri
364 5503 399 5574 ll,
415 5502 478 5559 eto.
494 5502 539 5558 Ex
553 5519 587 5558 ea
601 5504 633 5558 in
662 5505 774 5560 vertice
792 5536 828 5544 -
848 5506 966 5561 sacrid·
1055 5501 1287 5577 (emutire.
1415 5567 1421 5578 1
1522 5564 1528 5575 ,
1775 5554 1781 5568 ,

133 5574 361 5632 ciisdomumnd
375 5575 498 5630 verbum
512 5575 661 5647 descripta
674 5578 752 5629 sunt.
1052 5576 1127 5647 (256)
1144 5577 1272 5631 Auctore
1287 5571 1390 5625 nostro
1414 5583 1443 5622 in
1464 5566 1547 5622 Actis
1576 5560 1629 5619 SS.
1654 5559 1782 5632 Augusti
1811 5549 1851 5627 11;

164 5647 238 5721 (tit)
252 5646 276 5704 l.
291 5662 320 5704 e.
336 5645 522 5704 furarentur.
537 5646 642 5706 Graece
657 5652 747 5711 χλὲπω.
760 5645 863 5722 Etiam
877 5649 964 5707 Plau·
1020 5649 1104 5708 Actis
1120 5647 1173 5704 SS.
1189 5643 1286 5718 Belgii
1298 5640 1334 5714 ll,
1350 5609 1413 5698 ard.
