3908 6112
48 306 109 387 tte
558 310 791 388 contactio
815 302 1031 386 canonica
1060 357 1095 371 -
1118 304 1199 386 trs.
1222 324 1261 386 n.
1709 324 1770 391 aso

82 520 127 576 66.
144 521 229 587 Quod
245 522 376 579 Romana
390 522 525 579 Ecclesia
540 523 576 579 ab
592 524 658 594 ipso
675 522 798 579 Domino
817 523 880 594 pri·
896 515 923 574 Α
940 527 1008 578 natu
1024 523 1190 595 populoque
1208 523 1338 578 ltomano
1354 522 1491 578 Carolum
1507 524 1536 578 in
1555 541 1657 598 regem
1680 526 1770 600 elegit

50 614 158 665 matum
174 609 309 684 obtinuit,
326 616 355 668 et
368 614 447 684 quod
461 614 570 676 Petrus
586 617 614 668 et
629 613 740 667 Paulus
762 630 819 668 una
834 613 880 668 die
939 616 967 666 el
982 612 1175 667 confirmavit.

50 716 103 754 sua
119 716 185 755 eam
200 704 294 756 morte
306 704 613 769 consecraverunt5et
623 701 702 774 quod
712 703 776 773 ipsa
788 701 882 772 prima
973 701 1017 755 79.
1035 702 1077 755 llo
1095 701 1199 756 Carolo
1225 717 1296 772 rege
1322 702 1350 756 in
1378 702 1541 757 Romanum
1562 703 1770 773 imperatorem

50 784 138 844 sedes
149 793 206 856 cst,
224 790 356 845 secunda
366 791 576 858 Alexandrina,
589 791 674 846 tertia
686 791 881 846 Antiocheno.
937 790 1041 845 electo.

84 877 128 931 til.
145 877 231 943 Quod
246 878 419 950 evangelica
435 879 608 935 auctoritate
633 880 728 950 prima
752 881 883 934 omnium
972 879 1016 935 80.
1033 879 1126 947 Quod,
1151 882 1274 951 rogante
1301 880 1430 934 Adriano
1455 896 1544 950 papa,
1570 879 1693 937 Carolus
1718 897 1772 937 rex

52 969 94 1020 est
111 967 245 1022 Romana
261 967 406 1039 Ecclesia,
417 969 648 1040 etquodPetrus
660 974 687 1023 et
703 969 813 1023 Paulas
825 985 882 1023 una
939 968 1128 1023 Desiderium
1144 985 1245 1040 rogem
1263 969 1526 1041 Langobardorum
1541 971 1628 1041 cepit,
1640 975 1668 1025 ct
1678 968 1772 1027 hono·

53 1053 96 1109 die
111 1056 220 1111 mortui
234 1059 313 1111 strat.
937 1056 993 1112 fiee
1015 1056 1091 1111 idem
1109 1058 1209 1133 Romae
1227 1063 1387 1127 susceptus
1403 1062 1461 1112 est.

83 1140 128 1198 68.
153 1142 239 1208 Quod
268 1145 400 1201 Romana
430 1145 564 1201 Ecclesia
589 1162 647 1201 non
677 1145 800 1216 synodis
830 1147 883 1201 sed
972 1145 1117 1210 81.and
1132 1145 1256 1199 Carolus
1273 1160 1326 1200 rex
1348 1149 1376 1199 et
1390 1147 1531 1214 patricius
1548 1149 1719 1217 provincias
1744 1153 1771 1204 et

54 1232 236 1304 evangelicis
252 1234 395 1290 institutis
411 1235 568 1306 primatum
585 1228 719 1290 obtinuit.
939 1234 1075 1288 civitates
1093 1238 1120 1287 et
1136 1238 1234 1288 castra
1254 1235 1370 1304 aliaque
1393 1236 1483 1288 multa
1507 1234 1651 1291 Ecclesiae
1673 1236 1774 1293 Sancti

82 1318 494 1386 69.Quodl³etrusetl’autus
506 1323 643 1378 doctores
654 1325 722 1378 suat
740 1325 881 1395 gentium,
938 1320 1020 1375 Petri
1036 1321 1115 1376 dedit
1131 1337 1164 1376 ac
1181 1323 1319 1376 restituit.

52 1412 189 1466 auctores
204 1417 377 1482 martyrum,
394 1413 546 1485 principes
561 1413 761 1467 sacerdotum.
974 1410 1018 1464 ΒΞ.
1035 1410 1117 1474 Quod
1138 1426 1205 1464 cum
1222 1427 1329 1483 magna
1344 1411 1567 1466 honoriticentia
1583 1413 1673 1485 legati
1689 1413 1772 1470 sedis

81 1497 126 1552 70.
142 1498 227 1564 Quod
245 1498 331 1555 neruo
350 1504 448 1571 potest
475 1501 617 1556 accedere
640 1500 676 1554 ad
700 1501 777 1555 beati
800 1500 882 1555 Pauli
939 1499 1110 1568 apostolicae
1126 1499 1273 1570 dirigendi
1288 1505 1357 1555 suat
1373 1500 1409 1553 ad
1424 1516 1536 1573 regem.

51 1601 167 1657 corpus,
185 1588 234 1643 ael
249 1589 401 1644 sudarium
416 1589 494 1661 ejus,
511 1590 547 1644 de
564 1589 651 1660 cujus
671 1594 773 1645 catena
790 1591 880 1644 inter·
973 1586 1017 1641 83.
1035 1587 1118 1652 Quod
1133 1588 1284 1641 Adrianus
1298 1604 1373 1658 papa
1387 1587 1504 1660 legatos
1520 1589 1612 1645 noluit
1626 1589 1773 1646 Constan-

52 1677 114 1732 dum
129 1676 228 1732 limari
245 1681 354 1748 pelosi,
372 1678 518 1733 interdum
535 1670 664 1733 minime.
937 1674 1090 1747 tinopolim
1110 1677 1226 1730 mittere
1252 1676 1310 1730 nisi
1336 1677 1496 1746 imperator
1520 1681 1548 1732 et
1569 1681 1704 1751 Augusta
1729 1680 1773 1734 eis

79 1767 125 1820 ll.
142 1766 227 1832 Quod
244 1767 416 1822 auctoritate
432 1768 602 1840 pontificum
626 1773 653 1822 et
674 1770 818 1838 potestate
835 1784 883 1823 re·
900 1769 925 1831 B
940 1767 1129 1820 securitatem
1145 1765 1293 1834 tacerent3
1310 1767 1338 1819 et
1355 1781 1421 1836 quae
1436 1763 1502 1820 sino
1516 1766 1581 1837 ipso
1599 1766 1673 1821 iacta
1693 1772 1772 1837 sunt,

52 1860 116 1927 'gum
142 1855 273 1911 muudus
297 1856 422 1927 regitur,
445 1860 473 1911 et
496 1858 608 1928 regalis
632 1859 729 1911 tamea
750 1861 883 1927 potestas
939 1856 1022 1924 prius
1038 1854 1335 1921 anathematizarent,
1352 1858 1380 1908 et
1396 1869 1433 1909 ne
1457 1855 1638 1910 universalis
1660 1855 1776 1911 dicatur

53 1944 183 2015 subjecta
199 1945 390 2016 pontificibus
406 1959 476 1999 esse
492 1945 588 2000 debet.
939 1942 1281 2012 Constantinopolitanae
1298 1943 1469 2014 episcopus,

82 2032 127 2088 Ἠ.
143 2032 228 2099 Quod
245 2034 452 2089 sacerdotibus
469 2034 664 2104 imperatores
689 2034 810 2089 obedire
832 2036 886 2090 de·
974 2030 1018 2087 84.
1037 2032 1074 2085 aa
1089 2031 1209 2085 monitis
1224 2031 1398 2101 apostolicis
1419 2033 1583 2088 obedientia
1606 2035 1774 2104 praebeatur

57 2122 130 2192 beat,
146 2122 332 2194 nonjubere,
940 2119 976 2173 ab
992 2120 1148 2191 Augustis.

84 2210 129 2265 73.
146 2210 189 2267 De
205 2210 372 2266 constantia
387 2226 470 2281 papae
487 2211 604 2283 Agapiti
620 2214 721 2267 contra
741 2211 886 2266 lustinia-
942 2212 947 2221 ’
974 2206 1018 2263 85.
1036 2208 1078 2261 Ile
1095 2213 1280 2263 sacramento
1296 2208 1377 2280 regis
1402 2209 1527 2264 Othonis
1554 2208 1631 2264 tacto
1655 2211 1773 2267 domino

60 2314 119 2354 anm
133 2304 305 2372 augustum,
319 2315 407 2371 quem
417 2300 535 2354 taudem
546 2301 582 2355 ad
593 2300 686 2371 pedes
702 2315 775 2354 suos
791 2299 887 2354 humi·
939 2312 1022 2366 papan
1039 2297 1154 2351 loanni.

61 2389 141 2444 licvit.
975 2383 1019 2440 86.
1038 2384 1170 2454 Epistola
1185 2385 1308 2440 loannie
1324 2402 1406 2456 papae
1428 2387 1463 2440 ad
1480 2388 1687 2457 imperatorem
1702 2389 1774 2443 lus·

86 2479 128 2534 tt,
145 2480 187 2534 De
203 2479 372 2534 obedientia
389 2483 417 2534 et
433 2479 545 2534 honore
564 2494 651 2549 quem
675 2480 814 2535 Tiberius
830 2481 886 2535 im.
940 2474 1093 2542 linianum,
1105 2477 1133 2527 et
1145 2475 1331 2543 imperatoris
1343 2474 1378 2528 ad
1389 2476 1536 2545 papamde
1547 2475 1773 2532 conllnmatione

64 2570 170 2637 perator
185 2566 319 2623 exhibuit
336 2583 428 2638 papas.
940 2563 1094 2618 catholicae
1118 2563 1185 2617 fidei
1214 2566 1314 2617 contra
1343 2564 1496 2619 ludaicam
1523 2568 1552 2619 et
1580 2566 1775 2634 apostaticam

88 2657 129 2711 75.
145 2655 228 2721 Quod
245 2657 474 2728 imperatoribus
492 2656 538 2713 tas
553 2673 611 2713 non
637 2663 682 2713 est
708 2653 826 2714 ¹curiose
850 2658 887 2715 de
940 2653 1106 2722 perfidiam·

66 2744 257 2816 spiritualibus
272 2745 401 2818 negotiis
419 2762 518 2819 agere.
975 2739 1010 2796 8l
1026 2742 1068 2796 De
1083 2741 1274 2812 professione
1299 2742 1467 2812 lastiniani,
1494 2743 1573 2813 quod
1597 2743 1724 2812 primum
1747 2746 1775 2797 et

91 2833 132 2888 itt.
145 2832 229 2898 Quod
253 2833 423 2904 Stephanus
447 2852 521 2906 papa
546 2836 702 2907 l‘ippinum
731 2837 760 2891 iu
785 2852 887 2908 regem
941 2832 1098 2885 maximum
1116 2831 1225 2885 bonum
1243 2835 1289 2884 est
1304 2830 1480 2886 Christianae
1507 2832 1576 2886 adei
1599 2836 1679 2886 recta
1702 2845 1774 2885 con-

55 2923 197 2992 ,provexit
943 2919 1047 2975 lessio.

96 3011 594 3068 'libeobedientiaetlrnmilitate
612 3028 699 3084 qnam
716 3031 768 3068 rex
788 3013 925 3084 lippi-0
976 3010 1020 3062 88.
1049 3009 1132 3073 Quod
1160 3008 1358 3062 sacerdotium
1382 3011 1409 3062 et
1431 3008 1587 3079 imperium
1616 3008 1774 3063 humanam

74 3114 118 3154 nna
131 3098 275 3169 Stephano
290 3115 374 3171 papae
391 3100 533 3155 exhibuit.
941 3099 1066 3152 inaximo
1082 3097 1172 3150 vitam
1188 3100 1340 3164 exornant,
1359 3096 1437 3151 etde
1453 3097 1598 3168 eligendis
1615 3097 1774 3151 ornandis-

98 3189 135 3243 78.
150 3188 232 3254 Quod
248 3206 321 3261 papa
336 3191 468 3245 loannes
485 3190 547 3244 Vlll
561 3207 626 3245 cum
636 3191 788 3262 episcopis
799 3193 828 3244 ct
839 3206 885 3244 sc·
942 3187 1169 3258 quoepiscopis,
1181 3189 1208 3239 et
1224 3185 1259 3239 de
1270 3185 1454 3238 damnatione
1464 3185 1639 3241 Simonianae
1651 3200 1774 3256 perver-

942 3277 1049 3330 sitatis.

572 3452 818 3535 aletreta
853 3452 986 3534 eluat
1021 3450 1247 3544 secedet,

388 3629 445 3694 Qui
460 3638 506 3685 est
522 3630 560 3685 de
571 3634 703 3701 prtmatu
714 3629 851 3684 Romanae
868 3626 1003 3681 Ecclesia
1019 3631 1049 3678 et
1063 3624 1208 3679 libertate
1224 3621 1439 3694 appellationis.

101 3764 122 3820 l.
136 3768 169 3823 L't
178 3769 345 3824 difficiliora
353 3767 466 3841 judicia
477 3766 512 3822 ad
523 3769 694 3822 sacerdotes
703 3766 885 3821 deierantur.
976 3760 1018 3817 to.
1037 3762 1075 3816 L't
1089 3759 1295 3831 appellationis
1313 3759 1444 3814 remedio
1462 3760 1561 3813 villata
1582 3775 1672 3814 causa
1697 3759 1777 3815 rele-

99 3853 122 3910 9.
136 3855 169 3912 Ut
184 3874 287 3914 omnes
302 3873 366 3913 eam
383 3862 546 3928 sequautur
560 3857 732 3928 religionem
749 3871 836 3926 quam
848 3856 888 3909 di-
940 3855 1034 3919 velur,
1052 3855 1080 3903 et
1096 3851 1124 3902 iu
1141 3849 1287 3918 supplicio
1311 3849 1396 3901 etiam
1421 3847 1567 3903 destinato
1593 3864 1652 3902 vox
1675 3847 1777 3920 appol-

73 3946 231 4002 rusl'ctrus
246 3945 400 4018 apostolus
416 3947 543 4001 edocuit.
939 3939 1017 3993 laudi
1035 3954 1093 3993 non
1109 3941 1244 4008 negetur.

97 4033 121 4088 8.
137 4034 173 4090 et
186 4035 382 4091 frustratoriae
397 4035 547 4090 dilationis
563 4050 653 4091 causa
675 4034 887 4105 appellationes
976 4027 1019 4080 lt·
1036 4027 1073 4081 Ut
1089 4028 1118 4079 in
1135 4026 1329 4097 gravioribus
1345 4024 1477 4095 episcopi
1494 4025 1601 4095 pulsati
1617 4026 1654 4080 ad
1676 4026 1778 4081 sedem

69 4135 117 4176 uon
133 4123 211 4177 liant.
806 4139 811 4150 ¹
939 4116 1143 4185 apostolicam,
1162 4113 1343 4185 confugiant,
1357 4129 1422 4183 ‹111ae
1435 4128 1487 4182 per
1498 4129 1531 4168 se
1547 4119 1598 4167 aut
1613 4129 1688 4169 suos
1703 4115 1779 4168 vica·

97 4211 121 4265 l.
136 4211 173 4266 Ut
186 4212 374 4268 difficiliores
398 4229 498 4268 causae
520 4216 548 4268 et
573 4211 686 4283 majora
711 4212 829 4285 negotia
852 4211 886 4266 ad
941 4205 1003 4260 rios
1019 4204 1169 4274 negotium
1186 4219 1287 4258 corum
1304 4206 1462 4256 retractare
1480 4205 1627 4270 procuret.

67 4301 695 4373 apostoticamsedem,siappellatumfuerit,
705 4302 885 4357 deserantur,
976 4293 1020 4347 la.
1034 4294 1072 4347 Ut
1083 4294 1223 4363 primates
1240 4295 1410 4345 accusatum
1420 4291 1594 4360 episcopum
1606 4290 1774 4359 discutiant,
1867 4358 1872 4367 ι

94 4389 118 4444 5.
135 4390 174 4445 lle
188 4392 290 4446 eadem
304 4407 347 4447 re.
941 4382 1116 4437 sententiam
1133 4397 1205 4436 vero
1216 4381 1413 4435 damnationis
1425 4379 1491 4434 sino
1502 4379 1663 4449 apostolica
1678 4383 1779 4435 aucto·

94 4476 118 4532 6.
133 4478 213 4544 Quod
229 4480 265 4536 ad
283 4481 444 4535 Romanam
461 4480 627 4536 Ecclesiam
637 4481 674 4535 ab
685 4480 823 4534 omnibus
834 4495 884 4550 op·
940 4471 1027 4526 ritate
1043 4487 1101 4525 non
1116 4471 1276 4540 proterant.

66 4568 169 4634 pressis
190 4569 397 4640 appellandum
421 4572 477 4636 031,
501 4587 517 4624 a
539 4586 596 4642 qua
621 4585 724 4624 omnes
754 4548 926 4639 majopegD
977 4558 1020 4614 13.
1039 4559 1121 4625 Quod
1138 4559 1234 4614 dubiae
1250 4576 1284 4612 ac
1301 4558 1431 4628 majores
1448 4574 1548 4612 causae
1563 4558 1599 4611 ab
1616 4556 1776 4626 apostolica

67 4650 198 4712 Ecclesiae
213 4672 315 4712 causae
329 4658 522 4712 terminandae
539 4662 617 4713 sunt.
941 4649 1013 4703 sede
1029 4650 1138 4703 debent
1154 4649 1315 4702 terlllinall.

96 4740 120 4796 l.
131 4743 212 4808 Quod
227 4760 331 4800 omnes
346 4747 456 4818 quibus
470 4762 597 4801 neeesse
613 4746 702 4801 tuerit
716 4746 753 4800 ad
775 4747 886 4801 Roma·
978 4737 1021 4791 14.
1039 4739 1080 4791 lle
1097 4738 1198 4792 eadem
1214 4753 1256 4790 re.

68 4842 125 4885 nam
140 4831 303 4888 Ecclesiam
318 4832 469 4907 suffugere
486 4851 609 4906 eamque
620 4834 768 4904 appellare
780 4836 887 4889 debent
977 4825 1019 4879 15·
1036 4825 1119 4890 QUOd
1135 4826 1230 4880 flliess⁰
1246 4824 1689 4894 011·01“(·11111(111111ῑ118,1111118110
1705 4836 1777 4893 91¹⁰·

69 4916 169 4990 absqns
183 4921 402 4993 impedimento,
413 4924 552 4978 etnullus
564 4925 724 4994 episcopus
737 4923 889 4994 judicetur
939 4917 1037 4983 posito
1063 4915 1217 4982 recedens,
1243 4915 1289 4968 vel
1313 4915 1485 4984 apostolicae
1508 4912 1572 4967 sedi
1591 4911 1779 4979 inobediens,

68 5007 107 5060 vel
120 5008 262 5078 audiatur,
280 5011 339 5066 nisi
353 5011 384 5064 in
400 5013 514 5082 synodo
530 5012 693 5082 apostolica
715 5011 887 5066 auctoritate
941 5019 1000 5058 1¹011
1017 5008 1062 5058 081
1077 5004 1299 5073 Sus-ssipfftndus·

69 5103 228 5154 couaoeata.
977 5092 1020 5147 td.
1031 5092 1115 5171 Quod
1131 5094 1263 5148 Rornana
1279 5091 1469 5147 Eeclraiatas
1484 5089 1781 5161 lrabetjudicsndide

97 5183 120 5240 8.
138 5186 172 5242 Ut
185 5188 321 5258 pulsatus
336 5190 497 5259 episcopus
513 5189 638 5245 licenter
654 5191 754 5244 sedem
772 5193 888 5258 aposto·
942 5182 1090 5250 erunibus,
1103 5181 1139 5235 de
1149 5181 1199 5234 illa
1209 5197 1280 5234 rere
1290 5179 1405 5246 nullus;
1420 5183 1447 5232 et
1459 5182 1634 5248 potestatem
1647 5177 1782 5233 solvendi

71 5270 143 5328 licam
165 5277 301 5348 appellet,
324 5280 449 5331 aeratus
473 5278 580 5348 veniat,
597 5296 651 5334 noe
676 5279 733 5333 nisi
756 5278 888 5333 serenatis
942 5271 1050 5340 injur-tc
1062 5271 1225 5336 alacritates,
1237 5286 1269 5322 ac
1280 5267 1437 5322 danmandi
1449 5283 1524 5337 quos
1537 5269 1700 5338 oportuerit
1711 5268 1782 5321 abs·

71 5359 218 5421 instructus
233 5368 409 5423 revertatur.
941 5376 998 5430 que
1013 5359 1136 5428 synodo.

98 5432 122 5488 a.
138 5433 216 5500 Quod
232 5437 347 5508 absque
358 5437 704 5509 auctoritateapostolica
721 5439 792 5493 nulli
803 5439 890 5492 liceat
978 5446 1024 5509 17„
1040 5448 1076 5501 tlt
1091 5447 1163 5500 nihil
1179 5447 1215 5501 ‹le
1232 5445 1364 5517 fugiente
1381 5445 1416 5498 ad
1439 5446 1600 5501 {romanam
1618 5446 1784 5502 Ecclesiam

70 5522 263 5609 cpiscoporum
283 5540 391 5580 causas
410 5526 544 5596 definire,
562 5529 697 5601 queraris
714 5527 841 5583 serutari
856 5527 888 5582 li·
942 5535 1006 5589 sine
1023 5535 1090 5606 cius
1105 5539 1253 5605 praecepto
1268 5533 1434 5604 judicatum
1458 5536 1484 5589 si
1508 5552 1580 5591 vero
1608 5536 1677 5607 qujs
1693 5550 1784 5589 secus

67 5613 123 5665 reat
136 5608 435 5684 comprovincialibus
451 5614 612 5688 episcopis,
944 5625 1180 5697 praesumpserit,
1200 5625 1236 5680 ab
1254 5623 1356 5680 cilicio
1372 5623 1594 5681 submoveatur.

136 5737 281 5805 Person.
305 5739 449 5805 CXLIX.
1092 5801 1095 5804 ,
1470 5747 1520 5813 16.
