3900 6112
44 242 88 308 sa
761 227 1072 304 menarsiana
1742 250 1783 315 5,

48 440 133 507 duxi,
149 442 181 493 ut
195 436 367 509 aliquandiu
380 449 428 491 me
443 451 459 490 a
474 434 627 491 scribendi
640 434 804 490 temeritate
816 449 887 489 sus·
902 419 937 482 ff
947 435 1114 506 monachis,
1131 437 1200 507 quia
1223 437 1414 496 dubitabatur
1428 445 1456 497 et
1470 443 1615 500 incertum
1630 449 1701 518 erat,
1722 464 1782 520 quo

47 529 212 598 penderem
223 544 230 597 3
244 527 313 597 quia
325 526 401 579 sicut
410 523 551 594 perpendi
560 523 683 594 iniuncti
697 525 797 593 operis
810 523 886 578 dilli-

49 618 201 684 cultatcm,
218 616 257 670 ita
273 613 472 685 etinjugcntis
487 612 654 666 auctoritati
667 626 721 666 noo
736 611 816 667 volui
827 628 882 666 uec

49 701 524 774 debuiusquequaqueresidter03
534 703 644 769 certus,
657 700 887 771 quiuimbccilli-

49 797 141 848 tatem
150 808 246 847 meam
264 792 354 846 multo
369 790 495 860 amplius
511 793 611 843 vestra
626 788 780 860 adjuvaret
791 789 889 860 preci-

51 883 165 952 pientis
192 881 334 953 dignitaS,
357 895 446 949 quarn
470 881 607 949 gravaret
623 894 697 933 meae
714 878 889 950 ignorantiae

51 970 227 1024 difficultas.
246 969 357 1023 Valete.
377 992 388 1015 υ

51 1057 184 1128 12110.)
211 1058 254 1112 De
271 1055 553 1127 Constantinopolim
566 1055 697 1126 plurima
722 1062 891 1111 sanctorum

49 1147 346 1219 pipnoraattulitht.
356 1147 458 1215 minti,
467 1161 514 1199 an.
526 1144 598 1213 818).
607 1144 891 1214 Hieabimperatore

54 1236 167 1291 Karolo
182 1235 258 1305 (tet)
273 1233 555 1303 Constantinopolim
566 1234 690 1302 missus,
707 1236 735 1287 et
750 1233 891 1288 ublieha·

53 1325 122 1380 hete
139 1326 330 1394 imperatore,
348 1323 426 1377 sicut
445 1321 512 1376 inde
536 1336 680 1376 reversus
694 1322 759 1390 ipse
783 1322 890 1391 retulit,

55 1414 223 1468 honorilice
240 1416 401 1481 susceptus
416 1414 472 1465 est.
490 1409 574 1465 Unde
589 1411 653 1480 ipse
676 1411 765 1464 multa
780 1413 808 1464 et
821 1426 891 1481 pre-

54 1501 462 1571 ciosasanctorumpignora,
476 1498 714 1553 sanctividelioet
724 1501 893 1568 protomar-

54 1591 128 1661 tyris
144 1588 297 1660 Stephani,
314 1590 441 1657 Cosmae,
459 1588 569 1642 Antimi
584 1587 823 1642 Nicomediensis
835 1587 893 1657 epi-

54 1679 151 1749 scopi,
168 1683 197 1733 et
209 1678 336 1733 Teodori
351 1677 500 1747 martyris,
517 1692 584 1747 quae
599 1677 629 1730 in
646 1677 783 1731 aecclesia
798 1676 892 1732 beatae

948 523 977 576 in
994 525 1059 578 loco
1075 525 1204 594 positum
1227 527 1384 583 crederent
1400 532 1657 599 preciosissimum
1673 552 1783 607 corpus

948 613 1042 666 suncti
1059 613 1191 683 Veilasti,
1202 616 1342 686 qiiaesivit
1353 621 1380 672 et
1388 618 1499 674 invenit
1514 623 1716 694 annoquidem
1730 627 1782 681 do·

948 700 1065 754 minicae
1081 701 1296 759 iucarnationis
1311 703 1383 776 8523
1399 707 1549 763 inventum
1559 725 1632 765 vero
1648 713 1782 783 itapara-

946 789 998 858 vit,
1014 793 1046 843 ut
1061 791 1087 843 si
1099 791 1175 844 torte
1187 796 1282 847 metus
1299 795 1448 851 Dacorum
1473 801 1605 869 cogeret,
1631 799 1785 872 fugientes

948 876 1091 932 aliorsum
1107 879 1265 935 deterrent.

983 963 1038 1037 [15.
1055 965 1123 1035 (13.)
1142 967 1219 1021 Uubi
1227 969 1259 1022 in
1268 970 1373 1026 sinodo
1380 971 1418 1026 de
1425 972 1542 1029 Edonis
1558 975 1742 1047 depositione
1752 983 1782 1035 ct

948 1053 1104 1108 Hincmari
1112 1056 1301 1112 ordinatione
1309 1061 1683 1136 seripturriprotulit(rnon,
1694 1067 1783 1136 unit)

949 1141 1254 1213 liujusetiamdiebus
1273 1145 1458 1203 honorabilis
1472 1152 1576 1220 presul
1589 1151 1780 1227 Hincmarus,

950 1230 1781 1314 postEbonemdepositumejusdemecclesiaeepiscopus

950 1333 1025 1373 anno
1033 1320 1079 1374 sui
1090 1320 1279 1392 episcopatus
1293 1323 1320 1393 7,
1329 1324 1466 1380 sinodum
1475 1327 1577 1383 habuit
1592 1332 1781 1401 comprovin-

950 1406 1353 1478 cialemapudSuessonicam
1365 1415 1469 1469 urbem
1477 1416 1507 1468 in
1515 1420 1784 1476 monasteriosano·

950 1496 971 1549 ti
982 1495 1124 1567 Medendi,
1138 1513 1204 1552 cum
1219 1499 1369 1555 venelone
1386 1501 1532 1558 Sennensi
1543 1506 1780 1581 archiepiscopo,

950 1584 1098 1639 Amalrioo
1114 1586 1292 1656 Turonensi,
1313 1591 1341 1642 et
1364 1590 1420 1644 hcc
1443 1591 1627 1649 Theoderico
1646 1594 1781 1653 Camara-

950 1674 1191 1745 oensiepiscopo,
1202 1677 1409 1733 etmultisaliis
1419 1680 1568 1752 episcopis
1578 1683 1781 1758 etabbatibus,

54 1768 159 1822 blariae
175 1768 367 1822 continentur
389 1766 496 1833 adhuc,
521 1766 702 1836 asportavit;
727 1780 841 1820 necnon
865 1767 894 1819 et
909 1791 936 1855 B
950 1762 1101 1817 residente
1111 1779 1229 1835 quoque
1240 1766 1270 1818 in
1280 1766 1376 1820 medio
1385 1767 1597 1842 gloriosorege
1605 1771 1717 1827 Karolo
1733 1775 1782 1844 (an

54 1854 535 1925 tabulaseburneas,quibuslibri
550 1855 684 1923 cooperti
698 1853 807 1908 ibidem
823 1868 893 1908 esse
949 1850 1022 1919 853).
1037 1850 1095 1905 Ubi
1108 1852 1244 1922 quaedem
1272 1856 1445 1910 necessaria
1466 1858 1612 1913 aecclesia
1636 1860 1689 1915 Dei
1713 1866 1782 1917 sunt

55 1948 239 2015 spectantur.
257 1943 356 2014 hujus
368 1958 437 1997 vero
449 1947 581 2012 tempore
595 1943 643 2012 (Α.
653 1943 757 2010 Elati,
776 1958 812 1996 an
823 1939 890 2009 818)

57 2034 244 2088 0000101008
267 2033 340 2086 Pius
365 2047 418 2085 rex
445 2047 498 2102 per
520 2031 710 2085 Camaracum
732 2031 893 2100 transiens,

56 2122 243 2193 Aquisgrani
255 2120 690 2195 adhibepnandumrevertitur.
703 2119 811 2173 Beatus
823 2134 893 2173 vero

56 2211 189 2282 pontifex
206 2212 235 2263 in
255 2225 328 2280 pace
353 2225 419 2263 curn
440 2208 576 2279 patribus
600 2208 665 2262 suis
689 2208 893 2262 dormitionem

60 2301 242 2368 suscipiens,
259 2299 394 2367 sepultus
409 2298 499 2352 estin
511 2297 608 2352 Monte
623 2298 719 2351 sancti
730 2295 820 2367 Eligit
834 2306 893 2366 tan.

60 2389 122 2460 880)
133 2386 153 2459 l.

63 2474 105 2544 13,
121 2477 191 2545 (11.)
207 2475 377 2530 Successsit
391 2474 497 2530 beatus
516 2474 725 2543 Theodericus,
738 2472 895 2546 quemldbo

63 2566 303 2636 archiepiscopus
316 2563 377 2618 sihi
397 2564 428 2618 in
444 2563 548 2618 sinodo
557 2563 689 2636 judicem
701 2563 802 2635 elepit.
824 2563 896 2618 Post

64 2655 138 2710 hunc
147 2654 255 2708 summi
268 2651 428 2707 sacerdotii
440 2668 547 2707 munus
563 2652 787 2707 Theodericusa
801 2653 897 2708 Ludu-

61 2739 895 2813 vicosuscepittldtltpirspectatesanctitatisetprophe-

64 2834 107 2887 tias
118 2830 356 2901 spiritudivinitu
366 2829 539 2884 illustratus
550 2829 896 2900 CujustemporeLotha·

65 2919 558 2990 riuspatremLuduwicumregem
574 2919 828 2974 consentientibus
843 2919 896 2973 lal-

66 3012 107 3063 sis
123 3008 288 3078 episcopis,
305 3008 430 3061 maxime
446 3006 716 3061 Ebonellemorum
732 3007 897 3079 archiepis·

67 3112 136 3167 copo
149 3114 165 3151 a
181 3096 268 3167 regni
284 3096 408 3164 imperio
421 3095 777 3166 dejecerat.Principibus
799 3100 896 3151 tumen

949 1942 1096 2010 pertracta
1113 1942 1785 2022 negotiahdquarusinodumaocedentesqui·

951 2029 1017 2081 dam
1033 2029 1190 2083 Remensis
1202 2030 1351 2086 acclesiae
1365 2035 1500 2089 canonici
1513 2051 1547 2090 ao
1559 2038 1706 2109 monachi,
1721 2039 1783 2094 cla-

950 2119 1104 2171 maverunt
1114 2132 1282 2186 suspensos
1291 2134 1352 2173 sea
1367 2122 1479 2190 prolato
1490 2125 1780 2196 archiepiscoposuo

952 2205 988 2259 ab
1011 2204 1263 2261 administratione
1285 2208 1421 2264 ordInum
1437 2212 1730 2285 aecclesiasticorum,
1743 2216 1781 2270 ad

951 2293 1603 2366 quosubElionequondamprovectit'uerant.
1618 2301 1779 2375 Electiigi-

951 2381 1129 2453 turjudiees
1144 2383 1298 2455 utriusque
1313 2386 1417 2455 partis,
1448 2387 1479 2441 id
1498 2391 1544 2443 est
1561 2389 1780 2463 archiepiscopi

952 2474 980 2525 et
994 2471 1195 2538 clamatorum,
1206 2472 1314 2526 auditis
1326 2474 1427 2529 causis
1435 2475 1623 2544 altrinsecus,
1631 2478 1784 2549 judicave-

951 2562 1020 2614 runt
1035 2574 1041 2612 :
1058 2559 1138 2630 quod
1148 2559 1246 2615 siEbo
1254 2562 1499 2634 archiepiscopus
1514 2565 1543 2621 in
1557 2581 1612 2622 suo
1627 2569 1705 2623 statu
1720 2585 1781 2624 ma·

952 2663 1037 2717 nens,
1054 2649 1194 2703 canonice
1215 2650 1271 2703 hos
1290 2649 1398 2706 iratres
1419 2652 1607 2720 ordinaverit,
1643 2655 1785 2713 deberent

953 2736 1122 2791 ministrare
1135 2752 1143 2806 3
1157 2736 1185 2791 si
1199 2741 1296 2793 autem
1320 2738 1432 2810 injuste
1447 2740 1582 2812 dejectus
1598 2745 1627 2798 et
1641 2747 1783 2803 canonice

952 2826 1117 2894 restitutus,
1133 2829 1294 2896 postauam
1305 2828 1475 2883 canonicam
1484 2831 1699 2888 restitutionem
1714 2851 1785 2891 cos-

953 2914 1020 2968 dem
1030 2914 1221 2983 ordinaverit,
1234 2916 1535 2987 sineullaquaestione
1545 2919 1688 2976 deberent
1696 2923 1782 2978 etiam

953 3003 1134 3058 ministrare.
1146 3002 1337 3074 iuterrogatio
1348 3004 1446 3075 itaque
1457 3006 1677 3064 ordinatoribus
1692 3011 1783 3066 Hinc·

954 3093 1027 3146 mari
1038 3091 1073 3145 de
1081 3091 1191 3146 Ebonis
1198 3091 1381 3160 depositione
1391 3093 1577 3148 ctHincmari
1588 3097 1780 3172 ordinatione,

67 3183 896 3258 injustedejectumanimadvertentibus,eteisdemepis-
915 3146 1083 3252 csurgens
1113 3179 1314 3234 Theodericus
1346 3182 1572 3238 (lamarucencis
1608 3186 1778 3259 episcopus,

68 3272 217 3344 copia,qui
225 3277 292 3327 ante
302 3275 525 3341 consenserant,
536 3271 776 3342 acclamantibus,
787 3274 816 3329 in
824 3275 898 3344 pris·

69 3365 123 3418 tino
147 3363 263 3417 honore
291 3361 412 3416 restitus
437 3364 492 3416 est.
510 3359 519 3433 [
539 3360 653 3431 (Facu,
683 3361 717 3429 ll,
740 3362 796 3430 80).
828 3363 898 3417 Post

70 3451 128 3506 baec
144 3454 329 3523 congregata
343 3450 448 3504 sinodo
464 3450 493 3505 in
508 3449 634 3505 hletensi
648 3451 787 3505 aecclesia
802 3452 898 3507 sancti

71 3540 217 3610 Stephani,
235 3541 395 3609 imperator
410 3554 470 3608 prae
486 3538 601 3593 cunctis
618 3537 749 3593 Ebonem
765 3545 896 3612 accusat,

71 3630 142 3700 quod
159 3645 228 3682 eum
246 3628 322 3682 falso
336 3627 433 3682 fuerat
448 3627 630 3696 criminatus
646 3630 675 3682 et
683 3628 794 3682 eisdem
812 3630 897 3685 taleis

72 3719 241 3772 criminibus
256 3718 416 3787 appetitum
430 3732 447 3770 a
461 3731 554 3787 regno
569 3715 729 3788 dejecerat,
747 3720 896 3790 armisque

72 3806 180 3875 ablatis,
192 3805 896 3879 necconlessumnecconvictumcontraregulas

72 3896 300 3951 aecclesiasticas
316 3894 352 3948 ab
364 3893 510 3948 aecclesiae
525 3893 605 3948 aditu
620 3895 830 3950 eliminaverat.
842 3897 897 3963 Qui

70 3981 896 4056 objectaerubescenssequemalelecisserecegnocens,

70 4080 96 4128 ut
109 4075 139 4128 in
152 4072 260 4126 sinodo
280 4070 378 4125 omnia
387 4070 522 4141 legaliter
536 4070 775 4142 adimplerentur,
788 4089 897 4128 secun-

68 4162 134 4217 dum
140 4161 309 4216 Affricanos
321 4159 515 4213 canonessibi
523 4158 535 4230 j
540 4159 642 4213 udices
654 4161 812 4231 episcopos
823 4162 900 4217 dele·

68 4251 116 4322 git,
133 4249 393 4320 interquosetiam
400 4247 592 4302 Teodericum
605 4249 896 4318 episeopumconvo·

68 4336 165 4408 eavit]
174 4335 601 4392 lsteetiamannollominiiissl.
614 4336 655 4390 16.
664 4336 896 4397 KalDecembris

954 3269 1084 3339 porrexit
1099 3268 1128 3323 in
1140 3272 1301 3337 conspeetu
1315 3269 1501 3348 principis-et
1520 3273 1617 3328 sinosi
1627 3275 1781 3347 scriptum,

954 3359 1108 3413 continens
1143 3357 1275 3411 ordinem
1302 3357 1497 3427 depositionis
1528 3362 1634 3430 prelati
1657 3363 1781 3421 Ebouia.

954 3446 1395 3517 Tuncventilatumestquatiter
1407 3451 1783 3524 exauctoratusepiscopus

954 3536 1190 3604 restituidebeat,
1200 3539 1228 3590 et
1238 3535 1391 3607 quiaidem
1399 3535 1462 3591 Eho
1472 3539 1627 3594 restitutus
1639 3544 1780 3600 canonice

954 3642 1013 3681 non
1028 3625 1125 3693 luerit,
1147 3625 1270 3693 insuper
1284 3629 1312 3678 et
1330 3625 1366 3679 ab
1384 3626 1547 3695 apostolica
1571 3629 1653 3700 sede,
1677 3631 1783 3707 Sergio

954 3730 1028 3786 papa
1058 3712 1248 3767 confirmante
1277 3711 1474 3783 dejectionem
1491 3715 1582 3786 illius,
1607 3719 1783 3790 dampnatus

954 3803 1091 3871 extiterit,
1108 3804 1142 3855 ut
1156 3803 1185 3854 in
1200 3802 1274 3855 laica
1288 3804 1487 3858 tantummodo
1508 3808 1712 3864 communione
1728 3825 1786 3865 ma·

954 3895 1047 3947 neret.
1068 3890 1176 3960 Sicque
1187 3891 1338 3945 decretum
1359 3893 1448 3946 estut
1462 3894 1603 3966 quicquid
1622 3896 1652 3950 in
1668 3898 1785 3954 ordina·

953 3981 1086 4035 tionibus
1101 3978 1296 4034 aecclesiastis
1312 3979 1374 4034 Eho
1388 3982 1685 4052 postdepositionem
1699 4002 1785 4042 suam

955 4067 1784 4146 egerat,secundumtruditionemapostolicaesedis,pre-

954 4163 999 4215 ter
1011 4172 1131 4213 sacrum
1148 4155 1306 4226 baptisma,
1316 4156 1556 4227 quodinnomine
1568 4163 1679 4215 sanctae
1689 4163 1785 4216 Trini-

955 4250 1024 4304 tatis
1046 4245 1210 4317 perleotum
1229 4248 1285 4313 est,
1304 4245 1419 4298 irritum
1431 4244 1599 4316 haberetur,
1616 4252 1643 4301 et
1654 4249 1783 4305 ordinati

956 4340 992 4393 ab
1008 4352 1042 4391 eo
1059 4334 1283 4389 aeclesiasticis
1306 4333 1450 4404 gradibus
1473 4334 1671 4403 privarentur.
1702 4338 1784 4394 Tunc

69 4428 283 4482 ordinationem
297 4426 474 4480 clericorum
494 4424 563 4478 lecit
581 4425 611 4481 in
625 4429 804 4483 monasterio
821 4429 899 4485 Lau·
956 4441 1033 4482 unus
1044 4440 1082 4480 ex
1097 4422 1223 4493 dejectis
1238 4421 1379 4476 iratribus
1395 4421 1527 4478 libellum
1542 4425 1784 4494 proclamationis

67 4515 164 4570 biensi
178 4512 265 4584 (120).
282 4516 368 4569 Anno
388 4515 476 4567 etiam
495 4512 556 4569 811.
576 4514 723 4570 dedicavit
746 4520 897 4574 monaste·
915 4510 1133 4586 Dexposuitin
1148 4510 1255 4581 medio,
1268 4511 1297 4565 in
1312 4526 1370 4581 quo
1388 4512 1601 4585 continebatur,
1619 4517 1697 4587 quod
1721 4517 1787 4572 ideo

68 4606 143 4658 rium
159 4604 190 4657 in
207 4603 331 4659 Vaslero
346 4602 431 4672 (leot,
447 4605 563 4673 petente
574 4603 733 4659 Hariberto
749 4606 863 4662 abbate.
957 4622 990 4660 se
1006 4605 1042 4659 ab
1058 4603 1160 4658 Ebone
1180 4600 1390 4670 permisissent
1404 4602 1542 4672 ordinari,
1560 4604 1628 4674 quia
1643 4605 1786 4675 viderant,

101 4691 229 4762 11148.)
247 4692 307 4747 Ubi
321 4696 455 4746 sanctum
471 4708 577 4764 corpus
591 4693 673 4748 beati
690 4693 811 4750 Vedasti
826 4712 902 4768 quae·
960 4693 1166 4764 suffraganeos
1183 4691 1341 4746 Remensis
1357 4690 1494 4746 acclesiae
1512 4693 1642 4747 inunum
1658 4708 1725 4748 cum
1739 4694 1802 4749 lit-¹

70 4784 153 4851 sivit,
164 4780 395 4852 implorantibus
404 4781 566 4851 monachis,
579 4783 902 4840 etinvenit.Danivero
959 4784 1045 4837 lteris
1056 4780 1245 4850 imperatoris
1261 4779 1392 4834 Letharii
1410 4781 1597 4850 convenisse,
1615 4784 1643 4835 et
1664 4782 1790 4839 eundem

71 4878 139 4926 tunc
152 4870 298 4940 temporis
314 4885 367 4940 per
385 4870 523 4925 viciniam
539 4870 631 4942 hujus
648 4871 805 4927 dioceseos
827 4872 903 4929 male
960 4872 1093 4927 Ebonem
1107 4867 1353 4924 restituisse.Sed
1362 4873 1389 4923 et
1404 4868 1527 4938 litteras,
1535 4871 1665 4939 quasiex
1672 4872 1791 4928 nomine

72 4960 278 5029 debaccantes,
296 4959 444 5015 aecclesiis
460 4959 650 5016 insultabant.
666 4959 764 5026 Quare
782 4963 828 5016 vir
843 4963 903 5017 Do·
962 4961 1138 5018 Theoderici
1147 4960 1278 5031 episcopi
1286 4959 1792 5030 etceterorumejusdemdioceseos

73 5049 142 5104 mini
152 5049 368 5120 Theodericus,
380 5049 428 5121 pie
437 5050 627 5106 monentibus
640 5052 669 5105 et
677 5052 901 5122 implorantibus
962 5052 1168 5125 episcoporum
1176 5049 1313 5106 manibus
1324 5049 1490 5120 roboratas,
1502 5051 1707 5109 ostenderunt:
1725 5051 1792 5125 qui-

901 5220 1031 5290 NOTAE

108 5448 183 5523 (181)
198 5439 364 5506 Ludowioo
378 5440 490 5518 potius.
957 5442 997 5501 ol.
1017 5441 1157 5501 Mabillon
1173 5428 1305 5497 hnnales
1320 5455 1347 5495 a.
1363 5437 1427 5496 650.

108 5538 186 5610 (118)
201 5537 373 5594 Haliteario
390 5533 601 5591 Cameracenei
616 5529 905 5605 episcopodofunrro,
994 5532 1129 5604 (119)(11.
1144 5529 1278 5587 Folouini
1293 5529 1326 5586 G.
1344 5530 1411 5585 abb.
1429 5527 1503 5586 Lob.
1514 5527 1559 5585 11.

80 5628 280 5686 Theodericus
292 5626 384 5699 jussu
407 5624 507 5681 domni
517 5623 710 5696 imperatoris
739 5623 907 5680 ordinatur.
994 5618 1397 5694 (summasunmna,
1423 5619 1454 5678 iu
1475 5617 1612 5677 confiniis
1629 5614 1795 5676 Herdonio

75 5718 149 5774 Ann.
165 5717 290 5774 vedast.
306 5730 334 5771 a.
350 5714 414 5771 880.
443 5712 502 5770 Sed
516 5712 620 5770 Gallim
639 5711 818 5769 Christiane
837 5729 910 5770 auc·
961 5713 990 5772 et
1004 5710 1162 5771 picardia.

74 5810 154 5868 taras
168 5806 201 5866 d.
217 5804 344 5866 tituaii
357 5802 409 5864 811
427 5803 539 5865 obiisse
548 5803 684 5864 statuunt
693 5801 910 5881 Halitgarium5
