3900 6112
127 235 207 302 aeri

680 226 882 291 HISTORIA
910 224 1072 299 SIGULA.
1087 260 1127 275 -
1141 227 1220 291 LIB.
1237 227 1293 290 lv.

1726 224 1856 325 ,1202

129 433 307 508 expetendo,
322 431 687 501 Gniliclmumexsequens
701 427 963 495 reconciliarisibi,
979 410 1009 487 ᾗ
1023 431 1134 482 sanetae
1149 429 1202 483 Dei
1211 429 1347 483 ecelesiae
1363 429 1547 498 praevaleret.
1563 429 1670 485 Comes
1686 431 1785 485 autem
1796 429 1852 485 hac

131 531 162 579 nt
177 523 293 595 judicio
315 520 432 577 comitis
453 524 687 590 ceterorumque
715 519 891 589 prudentum
916 517 966 586 qui

128 613 293 668 intererant
317 610 448 665 virorum
467 608 521 679 jus
540 611 657 671 leucat;
682 607 758 678 quod
787 606 843 661 sibi
867 606 966 659 tandiu

127 701 259 773 injurius
284 701 436 765 extiterat,
458 701 644 752 sacramento
675 699 704 750 et
725 695 781 750 sule
818 695 967 765 promissa

127 790 303 846 obtestatur.
320 785 375 852 Qui
392 787 439 840 sui
451 790 552 840 reatus
569 785 708 839 conscius
722 784 870 854 ctjudieio
888 799 965 851 pree-

126 878 249 950 gravari
272 877 390 944 timens,
408 874 476 928 dum
492 875 607 937 renuit:
633 874 750 927 licentia
773 871 897 925 abeundi
920 886 966 924 ac·

126 969 224 1036 cepta,
254 964 346 1019 castri
365 964 463 1017 villam
488 962 606 1031 impunc
630 962 825 1025 roriconem
848 961 908 1014 dux
936 963 965 1014 ct

123 1068 228 1109 comes
237 1053 266 1107 in
278 1052 440 1106 erastinum
453 1066 519 1105 cum
532 1050 610 1105 omni
619 1051 750 1105 exercitu
765 1050 961 1119 subsequenti

124 1146 259 1197 castrum
275 1140 430 1195 obsidione
446 1138 565 1207 vallant,
582 1139 685 1209 sicque
699 1139 780 1209 ligno
797 1142 825 1192 et
839 1139 960 1192 armato·

124 1246 193 1285 rum
209 1229 304 1299 copiis
318 1226 461 1297 sepiendo
486 1228 651 1299 cingentes,
668 1231 698 1279 ut
723 1227 801 1279 nulla
827 1241 864 1279 ex
878 1227 960 1295 parte

121 1318 224 1373 aditus
239 1316 422 1389 ingrediendi
436 1316 481 1370 vel
496 1316 606 1386 aliquid
622 1313 831 1369 introducendi
851 1314 958 1368 eastri-

121 1407 303 1461 villensihus
318 1410 412 1469 esset,
428 1405 480 1458 sed
497 1404 572 1458 inira
588 1420 689 1458 muros
706 1403 958 1457 modicumvietus

122 1495 281 1564 habentes,
303 1493 441 1562 damper
467 1494 529 1547 tres
556 1492 757 1547 hebdomadas
787 1491 957 1546 imminente

121 1583 211 1639 hoste
226 1585 409 1653 premuntur,
426 1580 639 1652 exhaustisque
655 1596 721 1650 quae
737 1581 890 1635 adrictum
907 1580 957 1633 ha·

119 1671 242 1741 bebant,
258 1670 442 1737 Guilielmus,
465 1669 544 1740 quod
559 1673 590 1723 ut
613 1668 724 1723 iaceret
749 1669 843 1738 primo
865 1683 956 1739 cxpe-

118 1761 249 1827 tebatur,
263 1764 293 1813 ut
306 1759 333 1812 si
348 1758 554 1826 susciperetur
574 1760 728 1826 expetens,
745 1773 778 1811 se
799 1757 853 1826 jus
870 1757 955 1810 ducis

118 1851 224 1904 tenere
235 1845 467 1917 repromittithd
480 1847 558 1915 quod
570 1845 791 1915 exsequendum
800 1845 869 1899 dam
885 1844 954 1899 fide·

1022 515 1168 588 legatione
1192 521 1340 588 percepta,
1357 520 1384 571 et-
1409 518 1554 571 suasoriis
1569 519 1675 573 litteris
1691 518 1847 588 apostolici

1021 607 1076 658 viri
1092 605 1241 675 perlectiS,
1268 620 1342 659 usus
1371 606 1496 659 concilio
1517 606 1644 660 lidelium
1674 623 1806 675 suorum,
1823 608 1852 660 et

1020 696 1146 749 maxime
1173 697 1293 750 llobcrti
1314 695 1488 749 Traiucusis
1518 696 1660 765 episcopi,
1691 712 1744 765 per
1761 711 1849 767 quem

1020 801 1135 840 ornnem
1151 785 1385 840 convenientiam
1396 784 1521 837 Conradi
1533 784 1668 854 acquirit,
1681 800 1747 838 narn
1758 783 1848 839 Italus

1019 877 1090 944 erat,
1103 880 1130 929 et
1145 875 1259 929 illarum
1277 874 1401 944 partium
1417 889 1538 944 guarus,
1552 873 1630 943 quod
1645 873 1846 942 expetebatur,

1018 964 1163 1031 concedit,
1180 968 1208 1018 et
1234 964 1270 1018 ab
1301 963 1434 1032 utrisque
1461 961 1595 1032 partibus
1625 961 1848 1032 exsequendum

1017 1054 1211 1108 sacramentis
1237 1053 1353 1108 llrmarc
1372 1051 1449 1106 lecit,
1476 1050 1650 1120 Nuptiarum
1679 1049 1777 1122 itaque
1800 1050 1847 1104 die

1016 1142 1207 1195 determinato
1232 1140 1387 1197 Conradus
1416 1155 1554 1193 comosa
1584 1139 1689 1192 comite
1715 1138 1846 1210 Rogcrio

1014 1231 1148 1301 pluribus
1169 1230 1377 1285 munificentiis
1407 1231 1588 1296 honoratim,
1619 1226 1743 1281 reditura
1766 1228 1843 1283 unde

1013 1325 1134 1375 venerat
1149 1320 1303 1388 accelerat,
1321 1318 1517 1388 anhelumque
1542 1317 1578 1370 de
1595 1315 1736 1370 relatione
1760 1316 1844 1387 lega-

1012 1411 1101 1486 ,ionis
1116 1411 1275 1473 dominum,
1289 1408 1405 1478 nuptias
1422 1421 1585 1461 concessas
1599 1405 1770 1459 accelerans
1783 1404 1843 1475 plu·

1012 1503 1118 1555 rimam
1134 1498 1271 1553 lactitieat.
1288 1497 1380 1550 Porro
1397 1510 1497 1549 comes
1514 1494 1673 1565 llogerius,
1691 1494 1840 1564 apparatis

1011 1589 1059 1643 his
1080 1604 1145 1660 quae
1162 1588 1196 1641 ad
1208 1585 1343 1639 ellectum
1359 1582 1571 1654 congruebant,
1590 1582 1715 1651 plurima
1739 1582 1836 1636 classe

1010 1678 1183 1748 episcopum
1200 1675 1392 1728 'lrainenscm
1407 1673 1517 1726 etalios
1532 1671 1740 1726 baronessuos
1752 1669 1839 1723 filiam

1010 1767 1110 1821 multis
1127 1766 1334 1819 thesaurorum
1350 1761 1483 1815 enxeniis
1496 1760 1612 1814 ditatam
1628 1759 1728 1812 Pisam
1743 1773 1840 1830 usque

1011 1858 1178 1913 conducere
1196 1853 1264 1907 lacit
1284 1852 1335 1906 ubi
1364 1850 1442 1905 iilius
1459 1850 1542 1920 regis
1557 1849 1663 1903 obvius
1679 1864 1745 1902 cum
1761 1847 1840 1901 omni

113 1937 262 2008 lus⁸⁰l⁰⁸
279 1935 315 1989 ad
331 1936 470 2005 placitum
487 1934 745 2002 ‹lueisuoahabet,
761 1934 874 2004 ‘1¹1³edo
888 1934 952 2002 59⁸⁰
969 1952 994 2013 Β
1010 1944 1234 2002 honorificentia
1260 1940 1439 2010 suscipiens,
1469 1937 1636 1991 authentice
1666 1936 1838 2004 dispensata

117 2023 260 2091 hahebat,
271 2039 323 2093 pro
337 2022 435 2094 plegio
445 2022 621 2092 pouitlluci,
635 2022 663 2075 in
673 2038 727 2076 sua
737 2022 952 2093 virtute,usque

116 2112 156 2167 ad
171 2111 397 2166 determinatum
413 2111 562 2182 diemque
586 2109 637 2181 jus
658 2113 791 2165 teneatur
806 2111 953 2166 delibera-

115 2204 191 2270 tum,
209 2215 264 2270 per
283 2214 401 2254 manum
416 2200 534 2253 comitis
545 2214 672 2253 securus
689 2199 794 2267 faetus,
810 2199 887 2269 quod
900 2198 953 2269 jus

116 2288 424 2359 exsequipraevalcat,
442 2289 540 2342 castra
556 2303 611 2341 sua
627 2287 684 2341 sibi
702 2287 871 2342 reddantur,
889 2287 953 2341 las·

115 2380 198 2432 tante
215 2378 312 2448 itaque
341 2377 465 2431 termino
478 2375 558 2447 juris
573 2377 701 2444 tenendi,
730 2377 796 2431 loco
813 2376 952 2430 determi-

115 2468 187 2521 nato
203 2466 423 2530 convenientes,
433 2465 633 2535 querimonias
646 2464 952 2520 suasadrersustiui-

113 2553 951 2625 lielmumexponit,'sedillemodieumjurishabens,dum

115 2643 217 2697 minus
230 2643 376 2697 rhetorice
389 2645 620 2713 argumentatur,
635 2641 747 2711 judicio
759 2641 807 2694 his
819 2657 885 2711 quae
895 2643 951 2695 sub

114 2731 193 2786 duce
208 2731 297 2786 habet
316 2731 458 2801 privatur.
481 2732 516 2784 ht
531 2729 600 2784 dum
612 2731 724 2801 judicio
747 2731 950 2785 contradicere

112 2820 355 2888 molitur,miaus
380 2819 527 2874 facultatis
552 2819 597 2873 rel
610 2819 691 2890 juris
720 2819 844 2886 hahens,
863 2819 951 2873 torris

113 2909 251 2979 privatus
266 2924 332 2963 cum
343 2924 435 2964 uxore
444 2908 479 2962 ad
490 2909 696 2978 imperatorem
705 2908 951 2977 Constantinopo-

112 2995 239 3051 litanum
264 2997 408 3064 transivit,
436 2997 485 3051 ubi
506 2997 949 3068 aliquantispercommoratus,

113 3085 235 3141 tandem
251 3101 318 3140 curn
335 3086 422 3139 multa
438 3086 563 3155 pecunia
578 3086 707 3153 rediens,
725 3085 803 3152 duci,
816 3089 846 3138 ut
861 3085 908 3153 pio
923 3088 951 3138 et

112 3174 305 3228 misericordi
326 3176 390 3229 viro
406 3174 625 3241 reconciliatus,
650 3178 757 3228 terram
772 3189 859 3244 quam
875 3173 950 3227 arni-

112 3266 217 3331 serat,
233 3268 356 3332 excepto
382 3265 480 3318 castro
501 3263 580 3334 quod
604 3263 634 3318 S.
652 3262 746 3317 Mauri
766 3262 882 3332 dieitur,
904 3278 951 3317 re·

109 3350 196 3422 cipit.

397 3440 522 3494 CAPUT
551 3439 659 3494 Xlllll.

1010 2036 1160 2090 solemnes
1176 2032 1293 2103 nuptias
1312 2028 1472 2084 celebrarit
1497 2041 1573 2081 anno
1588 2024 1678 2080 Verbi
1696 2022 1839 2079 incarnati

1009 2122 1164 2178 millesime
1176 2120 1370 2191 nonagesimo
1381 2117 1493 2189 quinto.

1294 2242 1420 2297 CAPUT
1441 2239 1545 2295 XXIV.

1090 2335 1158 2389 llux
1171 2340 1200 2388 et
1216 2347 1313 2387 cernes
1327 2330 1449 2385 Mell'am
1464 2329 1618 2383 obsessum
1637 2325 1754 2380 radunt.

1039 2461 1132 2515 Porro
1152 2459 1212 2512 dux
1229 2455 1388 2527 ltogeriuS,
1404 2453 1499 2507 adhuc
1511 2450 1633 2521 juvenis
1649 2452 1677 2502 et
1694 2448 1735 2502 nil
1750 2449 1835 2502 malea

1004 2546 1184 2618 suspicionis
1204 2545 1350 2599 adversus
1367 2542 1494 2612 aliquem
1509 2539 1633 2607 habens,
1652 2537 1705 2591 sed
1721 2551 1758 2590 cx
1787 2535 1834 2590 sui

1004 2636 1103 2692 cordis
1114 2635 1238 2706 puritate
1254 2633 1501 2687 aliorummentes
1517 2627 1696 2698 dijudicans.
1713 2625 1835 2696 Longo·

1003 2726 1113 2781 bardos
1129 2725 1252 2796 aequent
1267 2722 1476 2785 Nortmannos,
1494 2718 1562 2788 quia
1577 2732 1615 2770 ex
1631 2718 1712 2786 parto
1732 2711 1835 2769 matris

1004 2808 1156 2870 ex'eorum
1173 2816 1261 2883 gente
1283 2813 1354 2878 crat,
1372 2808 1430 2863 sibi
1446 2807 1549 2862 fideles
1570 2804 1707 2872 credens,
1725 2806 1753 2857 et
1781 2816 1834 2856 eo·

1003 2919 1068 2959 rum
1084 2903 1296 2975 genusnostrae
1305 2899 1384 2970 genti
1393 2896 1521 2951 invisum
1533 2894 1631 2949 minus
1641 2893 1832 2961 discernens,

1003 2997 1161 3047 eastrasua
1171 2989 1278 3045 tuenda
1289 2989 1334 3042 eis
1350 2986 1523 3041 haudsecus
1532 2999 1566 3037 ac
1577 2980 1768 3037 Nortmannis
1781 2979 1834 3034 dc-

1002 3081 1129 3153 legabat.
1147 3079 1230 3134 Unde
1246 3076 1362 3146 accidit,
1379 3080 1410 3129 ut
1426 3075 1495 3128 dura
1517 3071 1593 3142 apud
1610 3069 1728 3123 llallam
1755 3067 1833 3122 idem

1002 3169 1136 3226 iaciendo
1148 3168 1246 3223 minus
1256 3166 1331 3220 sibis
1341 3164 1534 3235 prospiceret,
1548 3159 1696 3215 llalletani
1708 3157 1791 3226 urbe,
1805 3158 1835 3210 et

1002 3260 1110 3316 castris
1126 3274 1193 3330 quaa
1214 3254 1397 3312 Guiscardus
1413 3252 1449 3307 ad
1461 3249 1611 3322 perfidiam
1628 3263 1729 3303 eorem
1750 3261 1832 3301 com-

1000 3350 1182 3420 primendam
1193 3346 1302 3401 ibidem
1311 3343 1432 3410 iecerat,
1442 3355 1496 3411 pro
1506 3339 1590 3394 libitu
1599 3353 1653 3393 suo
1665 3339 1792 3406 utentes,
1802 3335 1833 3389 li·

999 3440 1102 3497 beram
1118 3436 1285 3493 facultatem
1299 3431 1411 3487 fraudis
1424 3446 1488 3485 suaa
1504 3428 1678 3483 exercendae
1690 3424 1831 3496 nacti,ju·

112 3528 221 3583 Comes
231 3528 321 3582 tiliam
337 3527 398 3582 ntro
408 3529 601 3598 imperatoris
610 3528 840 3584 Alamannorum
849 3528 943 3584 dedit.
961 3521 986 3582 G
1001 3545 1071 3602 gum
1081 3526 1179 3600 gentis
1195 3521 1443 3588 nestraeetducis,
1456 3517 1626 3591 quiamoris
1637 3515 1831 3571 nostriexse-

147 3618 222 3671 Cam
236 3619 333 3671 autern
346 3616 423 3671 inter
437 3617 588 3672 Urbanum
605 3618 808 3688 apostolicum,
826 3621 855 3672 et
867 3617 944 3672 Hen-

113 3707 212 3760 rirum
224 3706 453 3760 'santonicorum
470 3707 676 3778 imperatorem
693 3707 861 3761 dicerentur
881 3707 944 3762 dis·

111 3793 947 3867 sectionesefferbuisse,qaibusdamcontroversiisinter

109 3883 278 3938 Conradum
290 3883 424 3953 ejusdem
436 3884 556 3938 llenrici
572 3884 674 3952 tilium,
683 3901 717 3938 ac
733 3889 854 3954 patrem,
867 3884 945 3954 quod

109 3971 376 4043 seriatimloagum
387 3979 432 4026 est
448 3988 597 4039 enarrare,
615 3973 850 4045 insurgentibus
867 3971 945 4028 Con-

109 4061 215 4128 radus,
241 4061 314 4115 irato
330 4062 426 4116 auimo
443 4078 458 4114 a
475 4065 557 4132 patre
582 4062 752 4128 discedens,
772 4061 807 4115 ad
824 4064 944 4131 aposto-

109 4149 200 4204 lieum
212 4153 240 4203 ct
255 4149 424 4204 blathildem
439 4150 617 4204 marchisam
633 4167 699 4221 quac
713 4152 740 4205 ei
755 4167 791 4206 ex
807 4151 944 4205 lidrlitate

107 4237 291 4306 arlhoerehai,
316 4254 348 4293 se
374 4239 506 4302 contulit,
531 4255 634 4294 corum
656 4239 765 4294 auxilio
787 4239 944 4309 plurimum

108 4343 161 4397 per
173 4326 285 4381 ltaliam
294 4327 416 4382 rebellis
425 4329 569 4382 existens.
586 4331 623 4382 nt
633 4329 825 4400 cumJuvcnis
840 4330 868 4382 et
879 4328 944 4382 sine

107 4429 206 4469 uxore
231 4419 323 4480 essct,
352 4420 379 4469 et
404 4417 572 4487 sumptibus
600 4418 636 4470 ad
659 4418 686 4471 id
714 4417 792 4488 quod
815 4422 944 4486 eoeperat

107 4505 292 4559 necessariis
306 4504 403 4559 minus
419 4505 593 4576 abundaret,
606 4506 731 4560 concilio
747 4505 900 4574 apostolici
916 4510 944 4561 ct

107 4593 242 4663 praelatae
262 4592 419 4647 marchisae
435 4592 585 4647 hlatlrildis
601 4609 653 4664 per
668 4594 834 4648 Conradum
850 4595 943 4649 comi-

106 4685 177 4749 tem,
196 4696 283 4752 quem
303 4681 338 4734 ad
366 4682 394 4735 id
416 4681 573 4754 legationis
593 4684 794 4754 peragendum
816 4683 942 4746 direxit,

104 4770 198 4825 tiliam
219 4770 387 4824 Siculorum
411 4771 685 4827 tlalabriensiumve
709 4774 825 4827 comitis
841 4774 897 4828 sibi
914 4773 944 4828 in

104 4858 326 4912 matrimonium
355 4860 573 4914 concedendam
595 4862 724 4931 expetiit.
752 4863 943 4932 Apostolieas

102 4947 194 5000 etiam
211 4947 323 5001 litteras
341 4964 412 5002 suas
438 4950 599 5014 committit,
626 4955 657 5004 ut
673 4951 730 5004 sibi
755 4950 891 5005 familiari
915 4956 942 5006 et

1000 3619 1163 3683 cutorerat,
1178 3630 1234 3669 ase
1246 3615 1397 3680 excutere,
1411 3625 1464 3664 nec
1480 3609 1621 3662 tributum
1633 3607 1661 3660 el
1677 3603 1831 3659 servitium

1000 3708 1139 3761 statutum
1150 3703 1332 3773 persolvere,
1345 3700 1397 3754 sed
1411 3704 1439 3754 et
1450 3698 1506 3770 ipsi
1514 3696 1580 3751 duri
1595 3694 1630 3749 ad
1641 3694 1775 3749 camdem
1783 3708 1830 3746 ur·

998 3795 1066 3851 bern
1090 3791 1259 3860 accedendi,
1280 3789 1417 3844 omnibus
1440 3786 1578 3841 fidelibus
1607 3785 1672 3839 suis
1697 3782 1831 3839 exclusis

998 3882 1306 3951 aditumdenegarent.
1317 3878 1381 3931 Dux
1392 3878 1498 3943 autern,
1511 3876 1616 3930 videns
1628 3876 1830 3931 tantumdem-

999 3988 1067 4027 num
1078 3970 1136 4024 sibi
1147 3970 1268 4035 illatum,
1279 3967 1314 4021 de
1330 3964 1501 4020 credulitate
1516 3980 1603 4037 quarn
1621 3981 1692 4036 erga
1707 3981 1760 4021 eos
1775 3965 1830 4019 ha—

998 4062 1103 4115 buerat
1119 4073 1189 4113 sero
1201 4057 1347 4127 penitens,
1361 4054 1492 4108 acomitc
1501 4055 1528 4108 ct
1538 4052 1676 4108 tidelibus
1687 4054 1752 4108 suis
1761 4070 1831 4109 eon·

998 4150 1096 4205 silium
1113 4144 1294 4217 subjugandi
1304 4159 1356 4198 eos
1364 4141 1495 4213 requirit.
1508 4141 1616 4213 Sicque
1625 4142 1770 4196 avunculo
1782 4157 1830 4195 co·

998 4236 1168 4306 miti,utsibi
1180 4233 1375 4288 attentissime
1383 4230 1733 4299 succurrat,medictatem
1745 4232 1829 4287 urbis

998 4329 1066 4397 sibi,
1075 4327 1101 4382 si
1112 4324 1276 4395 subjugare
1288 4324 1421 4392 possent,
1435 4320 1654 4387 concedens,ab
1666 4321 1830 4392 emnihpu·

997 4420 1035 4472 lia
1051 4420 1078 4470 et
1095 4413 1229 4468 Calabria
1244 4411 1339 4466 navali
1358 4412 1387 4463 et
1402 4408 1531 4480 equestri
1546 4409 1676 4464 exercitu
1693 4408 1828 4481 admoto,

997 4505 1128 4578 peditum
1144 4502 1230 4556 ctiam
1242 4499 1492 4572 copiis2ccrtatim
1510 4499 1666 4564 accelerat,
1684 4514 1761 4555 anno
1783 4500 1829 4554 ln·

998 4591 1179 4650 carnationis
1197 4590 1312 4645 liomini
1338 4589 1495 4644 millesimo
1510 4590 1704 4661 nonagesimo
1731 4594 1827 4644 sexte.

998 4684 1079 4740 Urbe
1096 4683 1194 4754 itaque
1206 4696 1221 4734 a
1235 4679 1388 4750 procinctu
1407 4679 1499 4733 maris
1519 4679 1644 4734 navibus
1663 4679 1828 4751 cingentes,

998 4791 1050 4846 per
1058 4770 1221 4844 praecipitia
1229 4768 1539 4840 circumadjacentium
1551 4768 1830 4840 montiumequitum

998 4868 1026 4919 et
1041 4861 1170 4932 peditum
1187 4859 1288 4928 copias
1313 4859 1474 4929 prudenter
1497 4872 1533 4911 ex
1549 4857 1673 4913 consilio
1687 4862 1716 4913 et
1741 4872 1829 4928 opere

999 4951 1114 5007 comitis
1138 4949 1318 5016 ordinantes,
1332 4948 1460 5018 undiquc
1477 4947 1632 5002 obsidione
1649 4948 1765 5001 vallant.
1781 4946 1830 5001 Sic

102 5035 212 5101 amice,
242 5035 278 5089 ad
299 5035 449 5090 hoeidcm
474 5037 616 5107 dirigens,
648 5038 683 5091 ad
719 5038 1215 5125 concedendumDitaqueurbem
1240 5036 1645 5107 opprimendoproiecto,ut
1667 5036 1829 5108 credimus,

102 5122 250 5191 hortatur,
267 5124 370 5177 <licens
387 5125 444 5178 sibi
460 5141 567 5196 magno
584 5127 687 5181 honori
704 5130 732 5181 et
746 5127 877 5196 proilcuo
891 5127 939 5181 lu·
999 5127 1207 5195 obtinuissent,
1225 5127 1283 5180 nisi
1301 5125 1503 5192 intortunium,
1521 5125 1577 5179 tale
1597 5127 1683 5197 quale
1705 5128 1830 5183 subtitu-

103 5218 214 5277 turum,
231 5213 258 5265 si
270 5212 329 5265 filia
345 5213 496 5284 illioregis
512 5216 610 5271 futuro
622 5215 898 5287 sponsojungatur,
912 5222 939 5271 et
999 5215 1830 5285 landoadnotahimusinterccssissctlloamuadusmam-

101 5299 227 5371 juvenis
243 5300 272 5354 S.
291 5301 431 5356 Romanae
448 5302 592 5358 lieclesiae
609 5304 747 5360 fidelitate
762 5304 937 5374 adhaerens,
999 5322 1067 5378 que,
1082 5305 1166 5360 rucis
1188 5304 1297 5359 auxilio
1318 5303 1455 5358 simulato
1472 5303 1547 5358 atah
1563 5305 1630 5375 ipso
1641 5306 1830 5362 submonitus

101 5388 158 5444 sed
173 5389 342 5458 sumptibus
364 5391 473 5462 quibus
490 5395 592 5447 contra
606 5396 730 5465 patrem,
747 5394 796 5465 qui
812 5410 879 5449 curn
895 5396 941 5448 in-
996 5396 1168 5462 adrenicns,
1184 5393 1251 5464 plus
1269 5392 1350 5447 fratri
1377 5392 1414 5446 ad
1429 5393 1568 5448 damnum
1583 5410 1671 5466 quam
1686 5396 1723 5452 ad
1738 5395 1830 5468 proil-

101 5476 187 5548 juste
203 5479 401 5551 oppugnabat,
411 5481 508 5536 minus
520 5482 770 5555 sulliciens,quos
783 5486 941 5554 pateream
997 5502 1094 5553 cuum,
1111 5498 1169 5538 aon
1186 5487 1281 5537 tamen
1296 5485 1328 5536 ut
1344 5482 1504 5554 eredimus,
1522 5501 1560 5540 cx
1575 5484 1720 5542 industria
1731 5485 1828 5541 iaetus

106 5565 167 5623 illio
183 5565 265 5622 daret
281 5567 396 5623 viribus
417 5570 514 5627 vietus
534 5571 571 5627 ad
589 5573 785 5629 debellandos
804 5573 940 5631 inimicos
997 5577 1053 5631 est.
1074 5574 1142 5646 lpso
1163 5587 1295 5648 ¹ennoea
1310 5571 1405 5630 edicto
1429 5573 1541 5631 Urbani
1576 5590 1660 5648 papa
1685 5573 1829 5647 expeditio
