3900 6112
470 270 741 336 POSTMODUM
762 266 962 332 VICTORIS
983 267 1027 333 Ill
1049 269 1176 332 PAPAE

1631 273 1692 338 938

91 474 284 548 ιεοιῃιθηῑίιιω
301 472 469 542 admireris,
489 471 613 542 primam
628 469 676 524 hic
691 450 843 523 cotum-d
860 466 1029 522 venerabile
1050 469 1123 523 satis
1143 468 1224 523 Beati
1240 469 1447 525 Bartholommi
1458 473 1583 542 apostoli
1595 475 1692 531 orato·

103 565 171 635 ipso
183 564 291 618 montis
306 563 387 616 initio
402 562 466 616 sola
482 561 590 614 civium
606 558 806 612 numerositas

91 653 230 724 achiiqua
244 653 352 706 virtute
372 651 521 720 imposuit.
539 649 672 718 Namque
688 647 723 700 ad
738 661 807 717 aug·

91 758 102 796 a
116 740 242 814 fastigii,
256 740 363 794 montis
375 739 465 810 hujus
477 752 623 792 ascensus
639 735 726 789 nimis
737 739 805 789 tuno

91 847 196 899 rosus,
213 833 313 885 arctus
328 833 356 884 et
371 828 512 883 horridus
525 843 533 896 3
546 826 671 880 necdum
684 825 760 878 enim
776 824 804 876 in

90 920 304 976 reascenderet
323 918 455 973 camdem
470 917 548 970 viam
564 915 750 984 complanare
772 929 806 967 ae

90 1024 111 1079 a,
128 1007 374 1080 quemadmodum
389 1008 492 1076 postea
510 1005 586 1059 tecit.
605 992 734 1056 Tandem
749 1002 807 1072 igi-

90 1112 124 1153 us
138 1097 281 1164 basilicae,
294 1099 403 1166 praetcr
418 1095 545 1165 adytum,
558 1108 624 1147 cum
636 1090 807 1145 difficultate

90 1199 139 1240 rra
154 1184 249 1254 spatio
264 1181 457 1252 complanato,
475 1183 503 1234 et
518 1178 700 1233 necessariis
716 1177 808 1231 omni·

90 1272 304 1328 undantissime
319 1271 481 1340 apparatis,
504 1267 658 1322 conductis
674 1266 807 1335 protinus

89 1346 163 1417 {imis
189 1360 364 1427 artificibus,
388 1363 446 1412 tam
471 1356 653 1410 hmallitams
675 1369 762 1425 quam
781 1357 808 1408 ct

89 1450 159 1517 rdis,
173 1450 300 1520 etjactis
311 1449 341 1502 in
349 1446 458 1502 Christi
471 1446 587 1500 nominc
599 1442 807 1508 fundamentis,

89 1538 207 1612 jusdem
220 1538 352 1592 basilicae
369 1535 512 1590 fabricam
525 1535 555 1587 in
565 1532 749 1604 longitudine
761 1546 810 1585 cu·

89 1631 235 1682 arentum
251 1630 279 1680 et
295 1625 435 1696 quinque,
452 1625 481 1678 in
503 1621 653 1676 latitudine
669 1635 739 1675 vero
756 1636 809 1674 cu-

89 1716 317 1787 iquadraginta
339 1718 367 1769 et
390 1717 462 1782 tres,
487 1713 515 1766 in
537 1710 688 1765 altitudine
712 1713 809 1764 autom

861 556 937 610 rium
952 572 1041 626 opere
1051 558 1113 627 pari
1125 559 1264 628 porrexit.
1277 559 1307 612 ln
1317 558 1383 628 ejus
1398 561 1484 614 etiam
1495 561 1590 616 ironia
1600 579 1692 635 prope

861 646 964 700 valvas
979 645 1104 716 majoris
1126 647 1263 700 ccclesiae
1287 648 1323 701 de
1339 648 1489 718 quadratis
1511 654 1538 703 et
1555 653 1692 707 maximis

866 735 948 786 saxis
972 734 1125 789 mirificam
1144 750 1252 799 arcem,
1274 753 1341 806 qnae
1360 737 1449 808 vulgo
1474 740 1693 807 campanarium

866 827 1059 894 nuncupatur,
1077 825 1180 878 crexit.
1195 823 1275 878 Fecit
1290 828 1318 879 et
1332 826 1436 880 atrium
1451 829 1515 881 ante
1527 828 1693 899 eeclesiam,

863 913 940 983 quod
953 927 1009 967 nos
1025 912 1156 967 Ronrana
1168 914 1382 968 consuetudine
1399 915 1575 970 Paradisum
1590 916 1696 972 vocita-

864 1017 940 1070 muS,
957 1000 1139 1072 longitudine
1156 1002 1320 1057 cubitorum
1336 1004 1521 1076 septuaginta
1536 1008 1650 1074 septem
1662 1021 1698 1061 ae

863 1091 966 1157 semis,
982 1090 1135 1144 latitudine
1150 1091 1363 1163 quinquaginta
1375 1095 1487 1160 septem
1501 1097 1529 1148 et
1544 1093 1646 1164 semis,
1656 1095 1697 1149 al-

863 1179 986 1233 titudine
1009 1194 1082 1234 vero
1098 1178 1265 1250 quindecim
1280 1183 1308 1233 et
1323 1183 1432 1249 semis;
1448 1185 1575 1251 quatuor
1590 1184 1618 1237 et
1631 1183 1696 1236 toti·

866 1267 931 1321 dem
956 1267 985 1321 iu
1007 1267 1135 1340 geminis
1150 1268 1307 1337 frontibus,
1325 1272 1390 1323 octo
1406 1274 1503 1324 autern
1520 1276 1548 1325 et
1563 1274 1629 1325 octo
1644 1285 1698 1341 per

864 1355 1699 1429 laterasingulasuperquadrifidasbaseshabenscolum·

865 1460 928 1499 nas.
947 1445 977 1498 ln
989 1443 1077 1516 cujus
1092 1445 1179 1499 etiam
1193 1445 1354 1500 meridiano
1365 1446 1455 1501 latere
1467 1447 1627 1502 cisternam
1637 1463 1698 1502 ma·

863 1533 981 1603 ximam,
998 1534 1176 1588 tantumdem
1191 1534 1385 1606 longitudinis
1397 1534 1562 1602 habentem,
1577 1538 1698 1591 arcuato

865 1637 953 1691 opere
964 1622 1021 1676 sub
1036 1621 1171 1692 ejusdam
1186 1623 1352 1692 pavimento
1363 1623 1430 1677 atrii
1442 1623 1605 1679 fabricavit.
1623 1625 1698 1679 Ante

864 1711 1038 1783 ingressum
1053 1726 1124 1765 vero
1135 1711 1278 1779 basilicae,
1291 1726 1345 1764 nec
1361 1728 1419 1766 non
1430 1718 1458 1766 ct
1472 1716 1538 1767 anta
1549 1713 1699 1768 introitum

89 1821 138 1860 um
154 1805 260 1876 viginti
284 1807 312 1857 et
333 1807 409 1870 octo,
433 1801 617 1870 basibusquc
633 1798 807 1868 suppositis,
824 1819 850 1880 Β
864 1801 929 1854 atrii
946 1801 1075 1871 quinque
1091 1800 1220 1870 desuper
1235 1800 1375 1869 fornices,
1388 1816 1463 1870 quos
1477 1800 1613 1870 Spiculos
1628 1800 1699 1855 dici-

90 1908 125 1949 as
141 1893 271 1962 desuper
291 1892 392 1945 decem
408 1906 424 1944 a
440 1891 531 1943 latere
551 1903 609 1942 uno
630 1887 808 1957 totidemque

88 1998 116 2038 ro
127 1984 158 2037 in
169 1983 278 2036 cubitis
291 1995 397 2034 novem
409 1979 502 2033 erexit
510 1996 516 2042 ;
535 1977 681 2031 fenestras
693 1990 809 2046 quoqne

88 2071 228 2125 trieribus
239 2070 313 2123 satis
324 2067 437 2137 amplas
449 2068 477 2120 in
495 2065 560 2119 navi
577 2064 695 2135 quidem
707 2063 810 2134 viginti

88 2159 304 2231 i‚iatitulovero
312 2153 666 2227 saxtongas‚etrotundas
677 2154 810 2223 quatuor·

88 2266 94 2303 r
109 2248 140 2303 in
150 2246 255 2301 absida
268 2245 402 2299 mediana
417 2243 552 2297 instituit.
568 2242 707 2296 Porticus
723 2241 810 2294 etiam

90 2336 262 2409 ueparietos
272 2335 302 2388 in
310 2333 461 2388 altitudine
469 2332 634 2386 cubitorum
643 2328 815 2400 quindecim·

88 2441 146 2490 aas,
169 2423 311 2479 fenestris
335 2422 403 2476 hiae
420 2421 533 2486 decem,
550 2418 728 2488 totidemque
744 2415 811 2471 inde

88 2516 118 2569 it.
145 2514 263 2567 Aditum
286 2511 397 2565 interea
422 2525 487 2564 cum
509 2508 640 2578 planitiei
663 2505 811 2573 basilicae,

88 2603 222 2658 tbitorum
239 2602 332 2656 terme
344 2615 397 2653 sex
411 2599 577 2668 putabatur,
595 2599 814 2665 consequenter

87 2694 143 2748 aret
170 2705 336 2760 coaequare,
355 2692 417 2742 tres
435 2703 492 2741 non
516 2687 648 2757 integras
668 2685 754 2738 ulnas
770 2682 812 2736 io-

865 1904 941 1952 mus
960 1888 1062 1943 voluit.
1078 1888 1111 1942 la
1121 1889 1295 1945 occidentali
1305 1905 1395 1958 porro
1407 1889 1472 1944 atrii
1486 1893 1578 1960 parte,
1591 1889 1621 1943 in
1636 1889 1700 1944 sin-

865 1977 945 2049 gulis
967 1977 1107 2031 cornibus
1129 1978 1266 2050 singulas
1289 1977 1443 2047 basilicas,
1461 1979 1548 2033 modo
1564 1978 1699 2049 turrium,

865 2066 950 2120 valde
960 2065 1101 2136 pulchras
1117 2067 1220 2134 erexit,
1233 2067 1262 2120 in
1277 2066 1380 2121 dextro
1397 2067 1525 2137 quidem,
1541 2066 1641 2122 Sancti
1655 2082 1701 2121 ar·

864 2154 1003 2226 changeii
1017 2153 1182 2222 Michaelis,
1200 2155 1229 2208 in
1243 2155 1317 2209 laevo
1332 2159 1438 2222 autern,
1456 2155 1536 2209 Beati
1553 2155 1701 2226 apostolo·

865 2259 929 2297 rum
945 2242 1087 2312 principis
1103 2241 1200 2311 Petri,
1223 2242 1259 2296 ad
1276 2258 1351 2314 quas
1374 2242 1510 2297 videlicet
1524 2244 1649 2298 interius
1664 2244 1700 2299 ab
1805 2249 1808 2257 '

865 2333 938 2386 atrio
962 2331 1092 2403 quinque
1113 2331 1266 2402 gradibus,
1292 2333 1338 2385 est
1358 2346 1514 2386 ascensus.
1538 2331 1604 2386 lam
1628 2346 1701 2387 vero

866 2424 948 2474 extra
955 2418 1020 2474 atrii
1030 2418 1208 2474 vestibulum
1222 2418 1702 2491 easdemquebasilicas,qu0niam

866 2510 999 2564 clivosus
1010 2508 1095 2562 valde
1109 2508 1144 2562 ad
1160 2508 1318 2563 ecclesiam
1328 2510 1391 2564 erat
1402 2523 1560 2577 ascensus,
1572 2511 1701 2566 montem

865 2599 962 2669 ipsum
972 2597 1126 2669 sexaginta
1140 2600 1168 2650 ct
1180 2612 1234 2650 sex
1245 2597 1438 2669 perlongum,
1457 2597 1637 2669 totidemque
1647 2613 1701 2668 per

865 2688 965 2756 latum,
982 2689 1096 2756 septem
1106 2700 1177 2740 vero
1190 2685 1297 2739 cubitis
1312 2686 1343 2738 ia
1353 2687 1615 2756 altumexcavavit,
1627 2687 1701 2743 adeo

87 2780 177 2834 cubito
189 2778 340 2832 Benedicti
352 2777 448 2830 Patris
459 2774 659 2829 venerabilem
671 2771 813 2827 tumulum
866 2778 896 2829 ut
911 2776 946 2830 ab
962 2775 1020 2829 imo
1043 2790 1138 2845 usque
1150 2775 1185 2828 ad
1200 2774 1297 2843 ipsum
1307 2774 1486 2829 vestibulum
1498 2775 1562 2829 atrii
1576 2779 1701 2846 quatuor

91 2887 99 2935 ;
115 2883 255 2938 moxque,
269 2882 333 2921 cum
347 2864 499 2936 religiosis
514 2863 587 2917 viris
599 2861 812 2916 communicato
865 2866 893 2919 et
907 2863 1012 2935 viginti
1028 2863 1202 2917 marmoreis
1218 2863 1371 2933 gradibus,
1389 2863 1520 2934 quesibi
1537 2863 1699 2934 constituit,

87 2973 108 3026 a,
125 2973 162 3011 ne
178 2958 259 3010 illum
273 2956 459 3025 aliquatenus
475 2956 589 3006 mutare
605 2951 810 3021 praesumeret,
865 2953 1054 3020 ascendatur,
1071 2950 1248 3005 habentibus
1259 2950 1289 3004 in
1300 2951 1395 3021 spatio
1410 2950 1571 3006 latitudinis
1583 2949 1699 3006 cubitos

87 3046 142 3114 im,
158 3045 274 3114 nequis
291 3042 401 3114 aliquid
418 3043 454 3096 de
469 3043 549 3095 tanto
560 3046 663 3110 posset
673 3039 812 3093 thesauro
865 3057 920 3096 sax
935 3043 963 3094 at
976 3040 1107 3112 triginta.

87 3149 127 3189 ire
157 3135 295 3188 eumdum
320 3131 480 3197 tumulum,
510 3129 613 3183 ecdem
648 3143 707 3198 quo
736 3126 812 3180 situs
827 3165 853 3236 c
902 3130 1279 3202 Ornamenta.-Legatos
1293 3129 1404 3183 interea
1415 3126 1699 3199 Constantinopolim

87 3239 152 3290 oce,
166 3218 675 3293 pretiosislapidibusreoperuit,ac
685 3216 814 3285 desuper
864 3220 900 3273 ad
916 3219 1056 3274 locandos
1071 3218 1203 3273 artiticcs
1214 3218 1350 3287 destinat,
1363 3216 1582 3286 peritosutique
1594 3217 1625 3271 in
1635 3218 1699 3271 arte

87 3311 124 3366 de
139 3311 227 3365 Pario
243 3323 387 3362 marmore
403 3309 433 3361 in
447 3310 652 3361 transversum
667 3304 810 3373 basilicae,
865 3307 1006 3362 musiaria
1020 3311 1049 3362 et
1064 3308 1300 3378 quadrataria,ex
1310 3305 1419 3376 quibus
1433 3305 1569 3359 videlieet
1585 3304 1633 3359 alii
1647 3305 1699 3359 ab-

86 3398 307 3468 iseptentrione
323 3398 351 3451 in
363 3396 527 3463 meridiem,
544 3395 673 3465 quinque
683 3408 738 3462 per
753 3392 812 3445 1011·
865 3397 971 3465 sidem,
988 3399 1017 3451 et
1031 3413 1132 3452 arcum
1142 3401 1228 3468 atque
1241 3395 1420 3450 vestibulum
1431 3393 1554 3465 majoris
1565 3393 1698 3449 basilicae

86 3487 168 3542 ibitis
192 3502 282 3555 opere
303 3485 390 3538 nimis
410 3484 538 3554 pulchro
556 3482 729 3537 construxit·
748 3481 812 3534 Hoc
865 3485 1208 3554 musivocomerent3alii
1220 3482 1698 3553 verototiusccelesicepavimea-

86 3577 172 3630 modo
188 3576 292 3646 adytus
309 3575 338 3628 in
355 3572 512 3628 eminentia
528 3571 619 3642 priori
639 3568 809 3639 hermandi,
864 3578 926 3631 tum
942 3575 1129 3630 diversorum
1148 3574 1277 3643 lapidum
1299 3573 1439 3628 varietate
1463 3575 1696 3627 consternerent.

99 3664 265 3734 pavimento
282 3663 378 3732 ipsius
395 3677 489 3731 usque
500 3661 536 3714 ad
547 3659 745 3730 pavimentum
760 3657 811 3711 ba·
864 3662 995 3728 Quarum
1011 3664 1117 3718 artium
1141 3666 1211 3717 tunc
1234 3663 1262 3717 ei
1281 3662 1417 3717 destinati
1439 3661 1583 3734 magistri,
1610 3660 1697 3734 cujus

86 3756 146 3808 >eto
158 3753 302 3824 gradibus
316 3751 523 3817 descendatur,
537 3749 593 3802 sub
607 3746 720 3801 fornice
731 3747 810 3800 scili·
864 3752 1055 3822 perfectionis
1068 3752 1244 3820 exstiterint,
1257 3751 1286 3804 in
1297 3766 1399 3805 eorum
1410 3754 1456 3805 est
1467 3751 1608 3821 operibus
1620 3750 1699 3805 aesti-

86 3841 190 3908 iximo,
208 3842 258 3911 qui
286 3840 381 3894 eidem
412 3839 497 3908 adyto
527 3837 673 3905 imminet,
704 3836 812 3905 praeter
865 3841 947 3910 mari,
963 3856 1030 3895 aum
1054 3844 1081 3893 et
1102 3840 1132 3893 in
1147 3839 1263 3893 musivo
1282 3840 1424 3893 animatas
1441 3838 1503 3894 iere
1519 3842 1650 3895 autumet
1664 3853 1698 3893 se

87 3931 168 4001 tique
179 3929 314 4001 gradum,
327 3944 384 3998 qua
395 3927 523 3997 undique
534 3926 570 3979 ad
582 3925 672 3978 altare
683 3924 808 3978 subitur.
864 3929 991 4000 quisque
1006 3928 1119 3999 ligures
1143 3931 1171 3981 et
1186 3943 1312 3999 quaeque
1337 3929 1461 3983 virentia
1476 3943 1609 3999 cernere,
1626 3931 1654 3983 ei
1667 3927 1698 3983 in

86 4035 106 4073 n
116 4019 220 4072 absida
233 4017 338 4087 majori
347 4017 383 4069 ad
395 4013 566 4070 orientalem
581 4014 698 4084 plagam
709 4012 811 4066 statuit
865 4016 1062 4070 marmoribus
1071 4015 1259 4086 omnigenum
1269 4014 1400 4070 colorum
1411 4016 1500 4070 tiores
1511 4016 1698 4087 pulchrapu·

85 4124 107 4162 n
129 4108 211 4161 Beati
236 4107 376 4176 Baptistae
401 4102 539 4174 loannisl,
563 4105 592 4156 iu
616 4118 651 4156 eo
672 4100 809 4155 videlicet
863 4108 904 4159 tet
920 4103 1090 4159 diversitate
1103 4119 1237 4158 vernare.
1252 4103 1288 4157 Et
1302 4104 1440 4175 quoniam
1455 4105 1559 4158 artium
1575 4105 1699 4160 istarum

85 4198 104 4250 ii
120 4195 257 4266 ejusdem
274 4195 342 4248 olim
355 4193 515 4248 oratorium
528 4191 707 4246 Benedictus
723 4188 810 4243 Pater
864 4193 1016 4265 ingenium
1030 4208 1046 4246 a
1062 4192 1232 4263 quingentis
1248 4194 1276 4246 et
1296 4193 1372 4245 ultra
1383 4191 1446 4262 jam
1460 4192 1699 4264 annismagistra

85 4287 160 4353 erat,
176 4299 192 4336 a
206 4286 287 4354 parte
302 4298 375 4337 vero
389 4281 548 4336 meridiana
561 4279 696 4333 altarium
711 4278 809 4332 Beatae
865 4282 1007 4337 Latinitas
1021 4281 1219 4336 intermiserat
1233 4280 1367 4335 etstudio
1378 4279 1479 4350 huJus,
1492 4279 1654 4349 inspiranto
1669 4283 1698 4336 ct

85 4373 228 4439 enitricis,
259 4388 274 4425 a
305 4370 526 4441 septentrionali
554 4372 650 4422 autem
675 4367 809 4421 altarium
865 4369 1698 4442 cooperanteDeo,nostrohoctemporereeuperareprc·

85 4477 152 4532 apae
169 4460 316 4533 Gregorii,
330 4461 415 4530 Juxta
432 4458 520 4530 eujus
536 4457 670 4511 absidam
685 4456 810 4511 bicame·
865 4460 980 4526 meruit,
1006 4473 1043 4513 ne
1059 4473 1131 4513 sanc
1149 4459 1178 4512 id
1195 4458 1271 4512 ultra
1296 4458 1386 4512 ltaliae
1409 4457 1568 4527 deperiret,
1584 4456 1697 4512 studuit

85 4551 194 4606 domum
210 4550 245 4603 {td
262 4550 432 4602 thesaurum
446 4546 642 4601 ecclesiastici
653 4544 809 4598 ministerii
824 4523 856 4592 D
867 4551 910 4604 vir
920 4548 1019 4603 todius
1030 4547 1193 4619 prudentiae
1204 4546 1363 4618 pleresque
1372 4548 1407 4602 de
1414 4546 1584 4602 monasterii
1594 4544 1696 4617 pueris

86 4639 194 4693 endum
229 4637 393 4703 exstruxit,
433 4652 498 4706 quae
533 4634 669 4689 videlieet
703 4632 808 4687 domus
866 4636 1145 4709 diligentereisdem
1158 4637 1270 4691 artibus
1282 4636 1401 4691 erudiri.
1418 4637 1485 4691 Non
1497 4638 1593 4689 autem
1605 4634 1697 4690 dehis

84 4729 167 4781 uiam
177 4720 811 4794 consuetudinaliterappellatnr‚aiqueejus·
865 4730 987 4791 tantum,
1006 4724 1059 4779 sed
1074 4728 1102 4780 ct
1112 4725 1148 4779 de
1163 4726 1300 4781 omnibus
1316 4724 1450 4780 artitleiis
1463 4739 1647 4797 quaecuaque
1661 4739 1698 4779 ex

87 4815 247 4871 hilominus
276 4814 376 4883 operis
404 4813 535 4879 alteram,
552 4813 581 4865 in
603 4827 659 4882 qua
682 4811 809 4866 ministri
865 4830 937 4869 auro
953 4815 1000 4869 vel
1023 4817 1155 4887 argento,
1173 4829 1242 4882 aere,
1265 4814 1354 4883 terro,
1374 4815 1458 4880 vitro,
1481 4814 1581 4883 ebore,
1603 4813 1696 4886 ligno,

86 4903 249 4975 praeparari
263 4902 398 4973 debeant,
412 4902 569 4971 copulavit.
583 4900 659 4955 Sane
670 4901 808 4971 quoniam

84 4993 135 5047 idae
148 4993 284 5046 ecclesiae
301 4992 395 5062 gratia
410 4993 523 5061 partem
535 5005 593 5044 uon
610 4989 753 5042 modicam
765 5005 809 5042 ca-

84 5097 139 5136 sam
151 5081 366 5148 substraxerat,
380 5078 691 5150 consequenteretiam
705 5078 808 5148 praedi·

84 5168 188 5224 retario
198 5168 386 5238 conjunctam
395 5168 525 5222 eamdem
538 5166 809 5235 cameramamplic·

84 5258 148 5312 riori
172 5258 324 5327 potiusne
352 5256 551 5326 pulchriorem
574 5256 689 5325 etleoit3
717 5270 806 5309 secus

95 5362 181 5415 vero,
203 5346 289 5417 juxta
319 5346 462 5415 porticum
493 5346 605 5399 scilicet
635 5344 807 5414 principalis

84 5452 110 5490 ae
135 5434 217 5489 Beati
246 5434 370 5503 Nicolai,
396 5437 516 5488 curvato
539 5435 661 5504 pariete,
687 5435 808 5488 brevem

83 5522 807 5594 r,sedpulel1ramndmodumlandavitaedirnlnm3

83 5629 91 5667 ι
107 5615 203 5668 autem
218 5614 365 5685 usquead
380 5613 519 5668 extimam
533 5612 666 5668 basilicae
682 5610 808 5666 frontem

83 5753 208 5814 Parnon.
225 5753 356 5813 CXLIX.

865 4919 972 4976 gypso,
989 4903 1035 4958 vel
1054 4903 1151 4973 lapide
1173 4903 1282 4972 patrari
1298 4905 1434 4973 possunt,
1456 4901 1696 4957 studiosissimos

865 5006 994 5063 prorsus
1006 4991 1136 5047 artitlces
1148 4991 1184 5046 de
1200 4992 1265 5046 suis
1274 4993 1330 5046 sibi
1341 4992 1464 5062 paravit;
1475 4992 1527 5046 sed
1537 4992 1602 5046 hmo
1611 4991 1694 5045 alias.

866 5081 953 5136 Nunc
967 5096 1038 5135 vero
1050 5083 1248 5135 constructam
1264 5081 1416 5135 basilicam
1428 5080 1554 5152 qualiter
1563 5095 1601 5134 ex
1615 5083 1697 5151 parte

866 5170 1696 5240 decoraverit,demumquesacraverit,prcutpcssumus,

865 5260 1068 5332 designamus.
1079 5259 1228 5314 Plumbeis
1239 5259 1329 5331 igitur
1339 5258 1506 5314 domatibus
1517 5259 1595 5313 illam
1607 5261 1697 5316 totam

865 5365 930 5402 eum
945 5347 1028 5402 titulo
1041 5350 1069 5401 et
1080 5351 1203 5417 utroque
1214 5347 1328 5417 porticu
1344 5363 1379 5401 ac
1395 5348 1543 5403 vestibulo
1559 5349 1698 5404 decenter

864 5437 1011 5506 operiens,
1019 5435 1152 5490 absidam
1168 5439 1196 5490 ct
1210 5451 1311 5490 arcum
1327 5436 1469 5509 majorem
1484 5436 1696 5493 musivovesti-

862 5526 912 5594 vit,
929 5525 958 5578 in
975 5524 1063 5595 cujus
1080 5524 1215 5579 videlicet
1233 5525 1374 5581 circuitus
1391 5526 1580 5596 amplitudine
1596 5524 1695 5582 aureis

861 5613 967 5669 litteris
984 5612 1040 5670 bos
1055 5628 1163 5671 versus
1178 5613 1310 5670 describi
1323 5616 1484 5688 praecepit:
1678 5656 1749 5766 ι

1556 5752 1592 5812 30
