3900 6112
169 287 230 351 999
807 280 1004 346 vtct'osls
1017 281 1074 344 ΙΙΙ.
1091 317 1129 329 -
1144 281 1267 345 rAPAE
1817 276 1892 344 1⁴]oe

170 484 286 554 pulsus,
301 486 458 556 postquam
474 483 545 537 vidit
561 483 690 538 ferocem
706 482 761 535 viri
778 481 905 535 animum
920 479 1002 536 nullo
1016 466 1046 527 Α
1061 480 1245 535 obsidionem
1257 480 1392 551 ejusdem
1403 481 1618 535 arcisanimum
1635 480 1802 535 intendunt.
1813 480 1891 543 (llira

171 574 257 627 modo
274 573 401 643 mitigari
416 588 516 641 posse,
533 573 643 641 aliquot
666 587 702 624 cx
728 571 929 634 Nortmannis,
953 571 1004 639 qui
1059 571 1193 625 dicturus
1210 571 1288 638 sum)
1304 569 1460 624 obsidione
1476 569 1563 638 facta,
1580 569 1650 623 dum
1664 568 1766 640 jacula
1778 570 1893 622 exotiu-

172 667 241 716 tune
257 661 398 730 temporis
415 661 560 714 conductu
578 665 746 713 nostrorum
764 659 927 728 principum
947 657 1005 710 lla·
1058 675 1115 730 que
1131 662 1214 728 parto
1229 659 1337 712 acriter
1353 659 1478 727 impulsa
1494 658 1688 725 mitterentur,
1703 657 1892 711 Nortmanno

173 751 240 804 lium
252 748 456 811 adventabant,
467 749 495 802 in
506 750 720 818 possessiones
732 747 822 817 liujus
835 747 1006 801 monasterii
1058 763 1123 800 rum
1138 746 1207 817 pila,
1223 747 1303 800 velut
1327 763 1343 800 n
1362 748 1516 801 uentorum
1543 746 1660 800 flamine
1674 749 1798 813 retorta,
1814 761 1892 798 cosa

174 842 318 910 quatenus
345 852 396 891 cas
412 854 427 890 a
446 837 589 906 praedicto
606 838 712 890 comite
727 851 780 906 per
795 852 848 889 cos
862 839 1004 903 tueretur,
1059 836 1168 906 quibus
1185 835 1276 889 missa
1288 836 1414 904 fuerant,
1425 835 1607 889 sauciabant.
1623 834 1700 900 Quid
1712 834 1814 888 multis
1823 849 1892 904 opus

173 927 297 980 induxit.
310 925 364 988 Qui
382 931 538 996 postquam
554 929 582 979 et
602 926 705 978 ‹lomos
721 924 756 978 ad
776 924 962 990 mouendum,
979 926 1008 976 et
1060 925 1130 978 est‘?
1146 940 1212 977 oum
1226 940 1260 978 so
1276 940 1292 978 a
1307 923 1477 994 semetipsis
1497 924 1536 977 ita
1551 923 1722 994 impugnari
1741 922 1892 991 conspice-

175 1014 441 1084 stipendia,quibus
454 1013 823 1081 sustentarentur,abunde
832 1026 1005 1082 percepere,
1060 1017 1134 1080 rent,
1158 1011 1269 1082 etjam
1294 1012 1420 1083 amplius
1442 1012 1585 1065 resistere
1608 1011 1732 1065 minime
1755 1010 1889 1073 valerent,

175 1107 329 1174 coeperunt
358 1118 483 1172 quaequc
508 1102 678 1156 monasterii
703 1101 894 1169 pertinentia,
926 1115 1007 1154 moro
1061 1104 1216 1155 cernentes
1232 1101 1337 1154 durum
1351 1101 1407 1156 sibi
1431 1115 1501 1155 esse
1517 1103 1617 1154 contra
1634 1098 1789 1153 stimulum
1813 1099 1890 1151 calci-

176 1199 364 1246 strenuorum
380 1192 515 1259 militum,
541 1191 668 1244 inimicis
688 1190 776 1260 longo
797 1188 936 1259 repulsis
954 1188 1010 1242 eir·
1062 1194 1138 1243 trare
1153 1189 1192 1258 (et
1207 1189 1397 1260 quodcoutra
1408 1205 1441 1244 se
1453 1189 1582 1243 divinam
1594 1187 1749 1257 dexteram
1760 1187 1890 1241 dimicare

176 1281 322 1334 cumoirra
353 1279 491 1333 nobiliter
511 1279 694 1348 frrloliterquc
723 1278 892 1332 defendere.
917 1278 1009 1346 lgitur
1063 1280 1291 1349 cognoscerent)
1309 1279 1383 1332 facta
1397 1278 1544 1332 deditione
1556 1277 1585 1330 in
1596 1276 1738 1331 manibus
1750 1275 1889 1330 abbatiset

176 1384 241 1423 euru
259 1367 530 1437 praedictusabbas,
542 1371 570 1421 ct
580 1368 629 1437 qui
645 1367 672 1420 ei
687 1367 715 1420 in
725 1367 868 1438 regimine
878 1366 1008 1420 seomulo
1062 1365 1273 1420 monachorum
1290 1382 1323 1421 so
1340 1366 1458 1421 tradunt
1474 1383 1480 1420 ι
1498 1383 1513 1420 o
1528 1366 1638 1436 quibus
1654 1364 1705 1419 νίκ
1722 1364 1835 1419 defensi
1857 1363 1885 1416 ad

176 1458 272 1529 gradu
295 1460 495 1525 successerat,
512 1458 716 1526 supervixere,
739 1456 875 1510 conducti
901 1455 1010 1509 milites
1063 1454 1175 1522 socios,
1192 1456 1241 1525 qui
1258 1456 1287 1509 in
1312 1457 1464 1510 aversano
1488 1455 1596 1526 oppido
1623 1453 1884 1520 commorabantur,
1918 1500 1920 1505 .

176 1547 250 1600 satis
265 1545 390 1600 honeste
405 1545 434 1599 in
450 1561 551 1599 eorum
569 1545 707 1599 fulolitato
723 1547 895 1598 manserunt
911 1545 1010 1612 :post-
1069 1543 1185 1597 remissi
1202 1547 1280 1598 sunt.
1299 1543 1407 1615 Sisque
1423 1544 1531 1597 factum
1546 1547 1592 1597 est
1607 1546 1639 1597 ut
1655 1543 1691 1595 ab
1707 1557 1745 1596 eo
1760 1545 1882 1611 tempore,

176 1650 264 1707 quam
275 1651 346 1689 vero
360 1635 433 1704 ipsis
455 1634 509 1688 liae
520 1636 577 1687 vita
587 1634 757 1699 subtractis,
771 1633 1010 1688 fortunanostro·
1066 1631 1144 1686 boati
1160 1632 1310 1687 Benedicti
1326 1633 1450 1698 meritis,
1468 1631 1532 1686 boec
1546 1633 1577 1685 in
1592 1646 1650 1702 qua
1670 1631 1807 1702 degimus
1821 1635 1880 1685 terra

176 1740 242 1778 rum
257 1724 423 1795 principum
439 1728 558 1791 mutata,
575 1722 786 1792 aliquantulum
802 1721 940 1775 vacillare
957 1737 1013 1775 coe·
1067 1721 1103 1773 ab
1120 1737 1222 1775 corum
1238 1721 1424 1776 infestatione
1440 1721 1532 1775 illaesa
1544 1722 1727 1791 permaneat,
1742 1722 1822 1790 atquo
1836 1717 1878 1771 sub

176 1813 227 1883 pit,
245 1812 455 1866 Nortmanniea
472 1811 591 1878 cohors,
611 1826 677 1879 quaa
706 1811 743 1864 ob
761 1815 890 1864 nostram
907 1810 1011 1864 defen·
1027 1838 1050 1901 Β
1069 1809 1163 1879 ipsius
1175 1810 1269 1864 saneti
1283 1812 1423 1864 tutamine
1448 1825 1554 1864 secura
1569 1809 1722 1879 persistat.

178 1902 293 1955 sionem
308 1901 440 1953 admissa
456 1899 561 1967 fuerat,
579 1900 664 1952 nobis
681 1898 768 1951 infida
784 1904 870 1968 atque
886 1899 1012 1953 adversa
1103 1899 1210 1953 Modus
1226 1898 1316 1953 libelli
1332 1897 1424 1969 hujus
1440 1914 1495 1951 nos
1510 1897 1544 1952 ad
1565 1898 1654 1952 ilnom
1671 1897 1790 1951 tendere
1806 1896 1873 1967 cogit.

178 1989 317 2059 paulatim
328 2004 397 2041 esse
410 1988 508 2056 clepit,
527 2003 593 2056 quae
605 1986 734 2058 quotidie
752 1987 787 2040 ad
805 1990 933 2040 nostram
947 2002 1013 2055 per·
1068 1988 1126 2043 Sed
1140 1988 1250 2042 bonum
1265 1988 1441 2042 obedientie
1461 2003 1527 2057 qaae
1543 1986 1620 2041 inter
1634 1989 1761 2041 caeteras
1776 1985 1873 2038 uirtutes

178 2077 286 2132 uiciem
302 2081 333 2130 ut
349 2077 431 2130 cunis
453 2079 481 2129 et
504 2091 645 2146 seipsae,
671 2077 756 2129 modo
783 2075 846 2129 haec
863 2076 949 2129 modo
964 2075 1012 2128 illa
1068 2078 1162 2147 prima
1178 2080 1233 2145 est,
1246 2078 1383 2131 nonsinit
1399 2092 1454 2131 nos
1469 2077 1605 2129 virtutem
1619 2074 1776 2146 cujusdam
1787 2073 1873 2136 fratris,

180 2164 469 2232 nobisaufercus,ud
481 2165 706 2219 dominationem
718 2164 853 2235 suijuris
866 2164 1012 2234 sacrilega
1069 2165 1119 2235 qui
1135 2180 1199 2217 earn
1225 2168 1282 2218 tota
1305 2164 1404 2218 cordis
1431 2163 1591 2218 humilitate
1616 2178 1714 2233 usque
1728 2160 1764 2215 ad
1778 2164 1874 2215 morteu

179 2254 257 2309 ducti
270 2253 438 2322 cupiditate,
461 2253 631 2307 devolvunt.
647 2253 731 2307 Unde
750 2252 858 2307 facttum
875 2256 920 2306 cst
934 2256 1013 2305 ulex
1069 2268 1186 2323 quoque
1201 2256 1331 2306 sectatus
1357 2256 1420 2321 est,
1443 2253 1561 2321 penitus
1585 2250 1704 2305 silentio
1728 2250 1874 2322 praeterire:

178 2346 256 2398 tanta
268 2344 488 2412 tamqucampla
499 2343 694 2412 possessione
704 2343 774 2396 nihil
787 2343 863 2397 aliud
874 2341 1013 2395 adnostri
1069 2342 1150 2397 illum
1175 2342 1313 2396 videlicet
1337 2341 1464 2407 imitans,
1482 2340 1531 2410 qui
1555 2339 1652 2395 faetus
1667 2340 1805 2394 obediens
1816 2337 1875 2392 Patri

181 2433 328 2487 oouunodi
344 2449 429 2498 usae,
447 2436 555 2500 praeter
570 2431 727 2498 ciuitatem,
745 2448 811 2502 quae
826 2432 861 2485 ad
884 2431 1012 2484 radicem
1069 2446 1164 2501 usque
1189 2429 1224 2482 ad
1250 2433 1373 2484 mortem
1395 2429 1537 2500 (l’lrilipp.
1561 2431 1602 2498 u),
1622 2428 1796 2484 obedientia
1810 2426 1875 2480 uobis

179 2521 280 2575 Casini
296 2521 404 2574 montis
421 2520 476 2573 sita
501 2523 555 2587 est,
582 2536 648 2573 curn
673 2524 800 2590 quatuor
821 2520 867 2572 vol
883 2519 1012 2588 quinque
1068 2521 1179 2590 pariter
1195 2535 1228 2571 aa
1244 2519 1390 2588 patientias
1406 2519 1524 2589 reliquit
1539 2519 1718 2587 exemplum.

178 2610 314 2663 villarum
331 2609 442 2674 fundis,
460 2609 656 2662 remanserit:
674 2609 724 2678 qui
738 2609 823 2662 etiam
839 2608 928 2669 (sicut
942 2609 1014 2665 bar·
1104 2607 1158 2672 Qui
1173 2607 1311 2661 videlieet
1327 2607 1418 2661 frater
1432 2607 1523 2677 hujus
1534 2610 1646 2661 nostroe
1657 2602 1874 2678 congregationis

179 2697 277 2752 barica
294 2697 415 2751 avaritia
439 2697 534 2750 nescit
554 2699 654 2750 tenere
673 2697 805 2762 moduml
829 2697 958 2766 quotidie
977 2699 1013 2753 ah
1073 2696 1239 2766 ltaynerius
1256 2696 1372 2749 nomino
1389 2695 1455 2763 (llil,
1466 2695 1586 2765 juvenis
1602 2695 1723 2766 quidem
1737 2697 1825 2757 aetate,
1838 2690 1875 2745 sed

181 2787 225 2840 cis
241 2786 389 2855 oppressi,
407 2786 466 2840 illis
483 2801 555 2854 opes
571 2785 741 2839 auferentes
761 2785 847 2839 nobis
864 2787 1014 2841 nriseriam
1070 2785 1203 2839 moribus
1227 2785 1409 2856 grandaevus
1435 2784 1511 2839 fuit:
1533 2785 1580 2838 eui
1599 2784 1685 2838 multi
1702 2799 1737 2838 ex
1752 2781 1877 2842 fratribus,

181 2878 268 2943 atque
285 2873 411 2943 inopiam
424 2874 599 2927 tribuebant.
614 2872 686 2927 Cum
703 2873 793 2944 igitur
808 2889 860 2943 per
874 2874 1013 2945 aliquanti
1071 2875 1120 2945 qui
1136 2873 1232 2927 adbuc
1248 2877 1420 2942 supersunt,
1438 2877 1466 2927 ot
1481 2889 1547 2927 eum
1563 2874 1826 2943 optimenovcrunt,
1838 2874 1878 2922 tes·

181 2963 307 3032 spatium
324 2963 465 3031 temporis
482 2962 546 3016 sine
562 2962 621 3016 ullu
643 2963 732 3015 animi
747 2963 853 3032 pietate
869 2963 897 3016 id
915 2964 1014 3017 inoes-
1071 2963 1224 3016 timonium
1240 2961 1405 3032 perbibent,
1422 2962 1498 3033 quod
1515 2964 1602 3016 tantae
1617 2961 1790 3015 humititatis
1803 2962 1877 3013 tanta

181 3051 1015 3122 santecagerent,etmiscricorsacpiusllominusservis
1071 3066 1128 3122 que
1143 3050 1317 3105 obedientiae
1333 3049 1435 3120 fucrit,
1450 3055 1480 3104 ut
1496 3065 1533 3105 ex
1555 3049 1612 3105 hoc
1627 3050 1772 3104 mirabilis
1787 3048 1819 3102 ab
1832 3062 1876 3101 ou-

181 3140 245 3195 suis
256 3141 331 3194 famo
343 3144 429 3211 atque
440 3141 536 3209 inopia
546 3140 758 3208 laborantibus,
767 3156 821 3194 sua
832 3141 1015 3212 benignitate
1072 3140 1160 3194 nibus
1176 3138 1345 3194 baberetur.

182 3229 341 3283 subvenire
366 3230 561 3291 decrevisset,
579 3227 772 3282 beatissimus
786 3230 819 3283 l‘.
838 3184 1057 3283 llencdictusG
1107 3228 1161 3282 Cui
1176 3227 1245 3282 dum
1260 3229 1384 3298 quadam
1400 3227 1447 3282 die
1464 3227 1596 3283 essetab
1612 3227 1720 3281 abbate
1735 3242 1788 3281 suo
1802 3224 1877 3296 injoc-

181 3318 296 3372 cuidam
313 3318 424 3371 rustico
440 3317 469 3369 iu
484 3317 580 3388 agello
602 3316 758 3387 cujusdam
775 3321 886 3372 nostrae
901 3318 1012 3373 villulae
1072 3320 1159 3386 etum,
1176 3317 1211 3370 ad
1228 3316 1344 3388 aliquod
1361 3333 1436 3387 opus
1451 3333 1505 3387 pro
1520 3317 1642 3370 utilitate
1658 3315 1877 3383 monasteriiper·

183 3406 449 3475 commoranti,per
461 3405 605 3459 visionem
622 3406 765 3475 apparuit,
783 3406 868 3476 eique
884 3410 914 3461 ut
926 3421 1015 3478 egre·
1071 3404 1229 3478 agendum,
1247 3405 1400 3459 Teuticum
1415 3396 1495 3460 adiro
1511 3405 1703 3472 territorium,
1721 3405 1770 3459 ille
1786 3402 1878 3463 lateat

182 3494 267 3548 diens
284 3508 317 3547 se
334 3492 643 3563 sequerenturjussit.
652 3493 783 3564 Cumque.
794 3494 870 3548 idom
883 3495 1015 3550 rusticus
1074 3510 1202 3565 semper,
1214 3495 1311 3548 animo
1322 3495 1357 3548 ad
1371 3494 1567 3548 obedientiam
1578 3496 1744 3564 promptus,
1756 3491 1836 3563 jussa
1846 3490 1879 3541 in·

182 3582 218 3636 ud
235 3581 522 3636 eamdemvisionom
536 3581 663 3635 animum
682 3583 855 3653 intenderet,
863 3583 961 3638 visum
971 3587 1017 3639 est
1073 3583 1156 3654 plere
1172 3582 1393 3647 festinans,iter
1407 3583 1541 3653 arripuit.
1557 3583 1612 3648 Qui
1626 3582 1697 3636 dum
1715 3580 1879 3653 pergeret,el

183 3671 209 3724 oi
227 3670 304 3740 quod
320 3669 513 3723 beatissimus
530 3670 708 3724 Benedictus
724 3675 847 3726 cunctos
864 3673 1016 3727 Nortman·
1073 3673 1213 3744 aliquanti
1223 3671 1284 3743 jam
1296 3672 1410 3726 itineris
1422 3671 1785 3743 spatiunrpfolligassct,a
1796 3672 1879 3723 latrun-

183 3774 249 3826 nas,
266 3758 315 3828 qni
339 3758 406 3828 ejus
428 3757 505 3811 bona
529 3759 707 3814 invaserant
731 3776 796 3815 oum
816 3761 911 3832 virga,
928 3776 1016 3832 quam
1075 3761 1150 3816 culis
1160 3761 1314 3831 cujusdam
1326 3761 1454 3830 potentis
1466 3760 1522 3814 viri
1537 3759 1678 3830 Oderisii,
1692 3761 1742 3831 qui
1754 3777 1790 3814 ex
1799 3769 1882 3830 prere·

184 3863 269 3901 mono
281 3846 424 3918 gestabat,
437 3848 546 3916 potenti
558 3848 664 3902 virtuto
676 3866 691 3902 a
703 3849 811 3903 finibus
826 3850 918 3920 liujus
929 3854 1016 3905 terrae
1074 3854 1123 3921 pta
1139 3849 1216 3921 ejus,
1233 3850 1259 3904 si
1268 3851 1336 3921 quid
1346 3865 1383 3904 ox
1395 3850 1564 3904 monasterii
1579 3849 1770 3921 hujusrobus
1781 3849 1880 3916 diripere

184 3936 355 4006 expelleret,
364 3950 475 4005 eosque
490 3951 601 3990 vacuos
612 3937 713 4005 rebuS,
726 3943 923 4009 oneratosque
934 3939 1017 4009 igno·
1075 3944 1207 4009 possent,
1219 3940 1296 3992 viam
1313 3938 1521 4001 observabant,
1534 3938 1747 4010 omnibusquae
1756 3933 1881 3993 deferebat

186 4025 275 4078 minia
290 4041 305 4077 a
323 4025 370 4077 sui
386 4025 556 4079 haereditate
581 4026 751 4081 monasterii
768 4028 942 4083 eliminaret.
958 4027 1018 4082 Eo·
1076 4029 1213 4096 sublatiS,
1229 4028 1402 4083 interfectus
1418 4034 1473 4083 est.
1490 4027 1583 4098 Cujus
1595 4028 1715 4098 quidem
1727 4019 1881 4097 corpusve!

186 4114 363 4185 domitaque
378 4130 454 4168 auno
471 4115 592 4184 praefatu
608 4115 717 4170 cohors
732 4116 949 4186 Nortmauniea,
961 4132 1019 4171 am·
1075 4122 1197 4189 propter
1213 4117 1397 4172 inimieorum
1413 4117 1601 4185 insidiasve}
1613 4117 1681 4186 quia
1693 4116 1781 4188 longe
1797 4107 1883 4179 erat,ud

186 4203 264 4274 plius
280 4218 366 4273 quam
384 4203 499 4257 solebat
523 4220 576 4273 por
595 4205 745 4259 audaciam
767 4206 964 4276 insolescensr,
982 4205 1018 4260 ad
1076 4207 1132 4261 hoo
1148 4207 1314 4261 coenobium
1331 4205 1439 4260 deferri
1455 4221 1513 4260 non
1537 4206 1639 4275 potuit,
1667 4206 1720 4259 sed
1741 4205 1770 4257 in
1784 4201 1884 4273 quadan

187 4296 318 4346 nostram
328 4291 531 4361 calamitatem,
549 4308 657 4361 arcem,
674 4310 740 4363 quae
756 4294 786 4348 S.
804 4295 930 4349 Andreae
946 4310 1019 4348 nun·
1075 4297 1202 4351 eeclesia
1216 4295 1299 4366 juxta
1316 4296 1410 4365 positu
1428 4294 1508 4348 burni
1519 4293 1658 4348 traditum
1672 4298 1728 4348 ost.
1746 4292 1802 4348 Sed
1816 4303 1884 4361 quau·

187 4384 321 4450 cupatur,
334 4385 364 4433 ut
383 4381 618 4435 securiusnobis
639 4383 753 4435 sublata
771 4384 1018 4453 retinerepossct,
1075 4389 1135 4439 tum
1152 4385 1232 4438 illius
1247 4382 1413 4437 obedientia
1433 4383 1623 4452 omnipotenti
1647 4382 1700 4436 Dei
1720 4382 1806 4436 fuerit
1820 4390 1886 4433 acce·

187 4470 358 4538 occupavit:
371 4470 601 4539 quoeutiqueres
612 4470 907 4525 illorumanimumad
924 4472 1019 4526 domi·
1076 4478 1133 4544 pta,
1150 4473 1184 4526 ud
1195 4474 1372 4527 exstinctum
1384 4471 1450 4543 ejus
1463 4487 1572 4542 eorpus
1582 4471 1743 4525 ostendere
1755 4474 1800 4526 est
1809 4469 1888 4539 eligat·

187 4557 346 4625 nationem,
363 4559 495 4610 nostrum
508 4545 1058 4626 addesperationemadduxit.rost·D
1076 4567 1134 4617 tus.
1159 4563 1318 4632 Coeporunt
1342 4563 1440 4631 itaquo
1463 4560 1544 4614 multi
1569 4560 1738 4614 intirmitate
1753 4550 1886 4614 detentiad

187 4661 275 4716 quam
292 4660 363 4715 ergo
380 4645 480 4699 eadem
497 4662 564 4699 arco
588 4648 670 4716 politi
689 4654 768 4717 suut,
786 4648 911 4718 quadam
927 4649 974 4703 die
990 4650 1019 4703 in
1077 4651 1144 4722 ejus
1167 4652 1336 4721 sepulcrum
1352 4664 1519 4720 properare,
1548 4652 1577 4703 et
1595 4652 1715 4720 recepta
1735 4648 1849 4703 sanitate
1861 4638 1888 4696 att

188 4750 278 4790 unum
294 4733 471 4804 conglobati,
486 4750 590 4805 magna
602 4736 815 4806 eunrsuporbia
827 4737 1018 4806 inpraefatum
1078 4757 1132 4795 sua
1155 4740 1318 4794 incolumes
1341 4754 1483 4793 remeare.
1501 4737 1580 4791 Inter
1601 4754 1680 4808 quos
1704 4739 1772 4792 Atto
1797 4745 1888 4797 comes,

188 4822 287 4877 Cusini
303 4824 450 4876 civitatem
466 4824 825 4880 venientesintraverunt:
842 4826 1020 4897 ilnquenutu
1078 4830 1176 4900 magni
1196 4828 1311 4883 Attonis
1327 4827 1442 4882 comitis
1467 4827 1555 4895 filius,
1572 4826 1688 4896 praefati
1702 4842 1816 4898 quoque
1829 4821 1889 4878 Ode·
1917 4874 1920 4893 ,

188 4913 240 4965 Uei
258 4910 390 4980 apopulo
406 4911 533 4965 civitatis
549 4914 846 4984 oppressi,aliquanti
862 4915 1018 4969 corumvel
1080 4919 1143 4972 risii
1160 4934 1254 4990 gouer
1268 4917 1335 4988 (tl),
1353 4933 1418 4971 cum
1435 4921 1567 4988 graviter
1585 4915 1724 4970 detentus
1744 4932 1760 4968 a
1777 4910 1890 4969 febribus
1917 4924 1920 4963 t

189 5001 433 5070 occisivelcapti
455 5004 533 5066 sunt,
560 5003 659 5055 caeteri
679 5007 773 5057 autem
799 5004 1018 5074 quiremanse-
1080 5007 1263 5078 fatigaretur,
1284 5006 1319 5059 ad
1347 5004 1516 5076 sepulcrum
1539 5005 1638 5073 istius,
1670 5004 1747 5058 fama
1775 5001 1889 5062 ducente,
1918 5015 1920 5027 ·

190 5093 265 5152 runt,
282 5089 311 5142 in
335 5089 526 5144 munitionem
549 5092 698 5156 praedictae
720 5093 798 5146 arcis
821 5093 969 5165 fugientes
985 5109 1019 5149 so
1080 5098 1168 5164 venit,
1186 5095 1284 5165 ibique
1296 5095 1324 5148 in
1335 5094 1466 5148 oratioue
1483 5097 1650 5163 prostratus
1660 5094 1816 5148 recedente
1827 5089 1891 5144 febre

189 5177 384 5231 contulerunt.
398 5178 491 5249 lgitur
506 5179 688 5234 habitatores
704 5181 795 5252 hujus
812 5186 898 5237 terrae
914 5183 1020 5237 unani·
1080 5185 1117 5238 ita
1133 5200 1224 5238 santis
1250 5184 1379 5237 surrexit
1395 5186 1426 5236 ul
1448 5182 1533 5237 maloe
1548 5182 1628 5236 illius
1644 5182 1831 5249 valetudinis,
1849 5189 1891 5249 qut

190 5264 275 5318 miter
290 5262 366 5319 facto
382 5283 484 5338 grego,
496 5269 602 5324 vicinis
619 5269 747 5341 undique
758 5271 1020 5339 auxiliantibus,ad
1079 5274 1162 5325 antea
1178 5269 1347 5339 laborabat,
1364 5268 1436 5323 nihil
1456 5282 1582 5339 prorsus
1598 5268 1625 5321 in
1647 5284 1683 5324 se
1697 5269 1840 5336 sentiret,
1856 5257 1892 5335 qui

214 5475 281 5559 titii
298 5478 339 5533 De
356 5479 502 5550 Repuerio
518 5483 661 5539 monacho
678 5484 814 5540 Casinen.
833 5484 933 5540 occiso
950 5485 1020 5539 alu·
1077 5486 1173 5541 lorum
1188 5483 1280 5540 duces
1300 5483 1449 5539 adversus
1470 5482 1685 5540 Nortmannos.
1706 5483 1780 5539 Vide
1799 5475 1897 5538 Guillel.

190 5549 327 5638 tronrbus
344 5552 404 5622 agit
419 5568 536 5635 quoque
551 5556 629 5610 Petr.
645 5556 738 5625 Diuo,
755 5556 806 5611 lib.
824 5557 866 5610 lle
882 5556 1018 5629 ortjust.
1077 5558 1267 5627 Apuliensem
1284 5555 1305 5610 l.
1323 5572 1343 5608 u
1361 5556 1474 5611 lterum
1488 5554 1518 5609 iu
1534 5553 1617 5609 ltalia
1632 5570 1668 5611 ae
1680 5570 1779 5630 regno
1794 5548 1897 5626 Neaptl·

189 5619 345 5704 basrneus.
362 5639 425 5692 cap.
442 5623 486 5678 lb.
1078 5628 1364 5685 Nortmanniearum.

107 5730 133 5751 .ι
225 5692 282 5767 tt'l)
298 5693 443 5749 Vivehaat
458 5710 534 5750 anno
551 5696 666 5754 Domini
682 5698 762 5771 1053,
780 5702 808 5758 et
830 5698 949 5757 fuerunt
969 5699 1021 5758 lta·
