3900 6112
122 224 200 293 1219

687 219 910 287 WlLLELMI
929 218 1267 297 OONQUESTORIS.

1767 224 1839 297 aab

123 449 189 488 cum
204 425 529 495 neccssarioincidunt,
541 439 600 479 non
615 441 631 478 a
647 423 746 477 charta
758 423 955 478 semovendas
971 408 1110 491 Avaluit,
1127 427 1158 477 ut
1174 422 1374 480 directissima
1392 426 1463 481 belli
1483 425 1581 484 fronte
1603 428 1787 486 valesdunis
1810 432 1836 488 in

123 526 271 593 putamus,
287 521 318 573 ut
333 517 370 571 ab
393 514 550 569 imitatione
575 513 643 566 facti
667 511 855 565 semovendae
875 517 953 566 sunt.

160 609 307 665 Heraldus
323 622 380 660 non
395 603 485 657 multo
494 605 561 672 post
573 601 711 661 decessit,
725 598 770 653 cui
783 599 873 653 frater
885 600 954 653 llar-

124 689 954 756 decbuautuschmmaliduardimat1·enatus‚reversus

123 805 139 843 a
156 785 360 842 Dauimarchia
377 781 534 836 successit.
549 780 602 833 llic
620 777 721 848 generi
733 775 952 829 maternosimi·

122 876 190 945 lior,
211 891 268 929 non
284 889 339 944 qua
358 874 438 940 parter
449 872 497 923 aut
508 869 597 922 frater
614 866 784 921 crudelitate
798 863 951 936 regnabat,

123 980 218 1037 neque
233 962 380 1017 interitum
405 957 553 1025 Edwardi,
570 957 622 1010 sed
639 960 810 1025 provectum
825 952 951 1007 volebat.

122 1052 165 1106 Ob
182 1051 303 1105 morbos
316 1048 411 1111 etiam,
433 1062 509 1116 quos
522 1042 871 1114 frequenterpatiebatur,
885 1041 952 1109 plus

124 1141 215 1194 lleum
232 1139 262 1192 in
271 1137 365 1192 oculis
375 1135 501 1189 habebat
512 1136 539 1187 ct
549 1133 615 1186 vitae
626 1129 952 1185 humantebrcvitatam.

123 1228 268 1282 Caeterum
284 1227 320 1281 dc
336 1241 428 1297 regno
440 1223 506 1293 ejus
517 1225 566 1275 aut
581 1223 639 1275 vita
651 1219 856 1274 scriherealiis
866 1218 953 1273 relin-

122 1309 951 1389 quamus,nelangiusamateriapropositadigrediamur.

157 1406 255 1460 llluxit
279 1403 395 1458 tandem
418 1402 557 1473 gaudium
584 1400 821 1464 festivissimum,
838 1412 953 1452 summe

1010 511 1159 566 dominum
1183 527 1270 567 suum
1291 516 1466 586 congregati
1492 516 1581 589 longe
1612 534 1667 588 per
1692 518 1837 577 circuitum

1011 601 1107 654 omnia
1122 600 1246 657 tumultu
1261 607 1461 658 concuterent.
1477 604 1667 676 Sequebatur
1686 608 1837 677 impictatis

1011 688 1151 742 vexilium
1158 704 1228 758 pars
1237 688 1437 745 Nortmanniae
1448 692 1668 761 major.l'erum
1677 695 1837 766 totgladioa

1013 777 1132 831 minime
1148 777 1301 832 exhorruit
1314 779 1407 848 partis
1418 780 1596 836 vindicantis
1607 783 1718 838 durator
1728 783 1837 839 Vt'ilfel·

1012 881 1090 919 mus.
1116 865 1235 921 lrruens
1252 867 1330 921 enim
1355 871 1456 941 strage
1480 885 1621 939 pavorem
1645 870 1762 942 injecit,
1785 889 1837 944 quo

1011 951 1075 1007 fere
1090 954 1177 1008 corda
1193 954 1377 1009 adversariis
1392 960 1492 1028 erepta
1507 961 1587 1028 sunt,
1605 959 1732 1014 brachia
1747 962 1836 1016 debili·

1010 1046 1076 1096 tata.
1094 1042 1162 1097 Sola
1179 1059 1262 1098 mens
1279 1060 1345 1114 quae
1362 1046 1390 1098 iu
1409 1046 1508 1117 fugam
1522 1049 1736 1119 praecipitarat,
1754 1050 1835 1105 relin-

1008 1132 1162 1200 quebatur.
1192 1131 1396 1187 lusectabatur
1423 1134 1472 1189 ille
1501 1152 1553 1207 per
1581 1137 1712 1191 miliaria
1736 1138 1834 1208 aliquot

1009 1219 1120 1273 duriter
1135 1221 1298 1291 castigans.
1317 1223 1389 1274 Avia
1400 1223 1559 1294 plerosque
1568 1228 1619 1279 aut
1634 1225 1696 1280 vias
1706 1225 1832 1282 difficiles

1010 1308 1171 1363 iamet-tem
1188 1308 1408 1364 subverterunt.
1426 1310 1585 1367 Nonnullis
1600 1313 1630 1367 in
1647 1313 1832 1383 planitietrita

1008 1397 1144 1451 celeritas
1159 1397 1195 1453 ad
1211 1398 1344 1468 ruinam,
1357 1400 1532 1470 constipatio
1547 1401 1585 1455 ad
1607 1401 1776 1458 lethiferam
1785 1404 1831 1459 col·

122 1495 239 1551 cunctis
264 1493 315 1564 qai
335 1507 438 1562 pacem
462 1494 490 1544 ct
510 1489 655 1559 ‚iustitiam
676 1488 882 1542 desiderabant
897 1502 951 1541 ex·
1007 1485 1144 1539 lisionem
1163 1485 1227 1540 fuit.
1253 1486 1415 1542 absorbuit
1429 1503 1489 1543 non
1503 1504 1617 1559 paucos
1638 1490 1751 1547 fluvius
1769 1492 1828 1548 Olna

122 1587 297 1654 spectatum.
323 1581 388 1635 ltux
412 1583 524 1646 noster,
550 1578 617 1647 plus
637 1576 828 1647 intelligentia
852 1590 952 1629 rerum
1006 1574 1122 1642 equites
1138 1589 1204 1627 cum
1220 1575 1316 1644 equis.
1343 1574 1477 1631 Interfuit
1500 1577 1570 1631 huic
1586 1577 1696 1648 praelio
1714 1579 1828 1635 Francia

121 1673 311 1727 honestarum
323 1673 351 1723 et
361 1669 390 1721 vi
401 1667 535 1736 corporis
547 1681 634 1735 quam
645 1669 728 1719 aetate
740 1664 951 1732 adultus,arma
1006 1676 1060 1714 rex
1076 1661 1224 1717 lleuricus
1237 1664 1350 1718 victrici
1367 1681 1466 1719 causae
1481 1666 1644 1722 auxilians.
1663 1667 1826 1723 l'ructiosia·

122 1760 256 1814 militaria
268 1759 374 1821 sumit;
393 1756 444 1825 qui
458 1769 560 1808 rumor
578 1757 686 1807 metuar
708 1751 838 1806 Francius
849 1751 952 1806 detulit
965 1785 988 1846 Β
1005 1750 1081 1804 sima
1095 1767 1166 1805 sane
1182 1754 1268 1822 atque
1284 1752 1459 1807 notificanda
1477 1755 1602 1809 saeculis
1615 1757 1710 1810 unius
1725 1757 1776 1811 diei
1787 1773 1826 1827 pu·

121 1849 209 1902 omni.
222 1847 319 1900 Aliam
333 1860 390 1898 non
402 1841 640 1905 hahebatGalliu,
653 1841 702 1911 qui
718 1841 784 1894 talis
804 1840 951 1910 praedica·
1007 1854 1075 1909 gua,
1092 1856 1169 1908 qum,
1187 1855 1253 1893 eum
1269 1841 1435 1911 exemplum
1456 1844 1645 1899 tremendum
1662 1846 1824 1915 surchetut

121 1941 202 1990 ratur
219 1950 311 2005 eques
331 1937 358 1987 et
372 1934 512 1986 armatus.
524 1928 730 1998 Spectaculum
745 1933 807 1981 erat
821 1928 950 1982 delecta·
1004 1927 1138 1981 cervices
1154 1928 1275 1982 nimium
1286 1929 1377 1984 elatas
1390 1929 1467 1984 ferro
1482 1932 1626 2001 contudit,
1641 1938 1671 1988 et
1682 1948 1823 2005 propugna-

120 2023 178 2078 bilc
199 2023 335 2077 simulac
352 2019 491 2087 terribile,
516 2033 581 2074 eum
606 2032 728 2071 ceruerc
748 2018 831 2071 frena
847 2017 949 2071 mode·
1006 2016 1071 2068 cula
1087 2015 1251 2071 facinorum
1267 2017 1391 2087 plurima
1405 2019 1526 2074 castella
1541 2022 1682 2076 victoriae
1693 2038 1772 2077 manu
1784 2022 1821 2076 ina

121 2115 243 2179 raatom,
260 2125 332 2165 cnse
348 2108 499 2174 decorum,
517 2107 619 2176 clypeo
635 2104 797 2175 fulgentem
814 2110 842 2159 ct
852 2106 947 2176 galea,
1005 2103 1140 2171 pelleudo
1156 2103 1285 2175 disjecit,
1307 2111 1335 2160 et
1356 2107 1433 2161 bella
1447 2108 1612 2163 domestica
1636 2110 1716 2180 apud
1729 2127 1776 2166 nos
1796 2112 1819 2165 in
1861 2172 1863 2183 Ι

120 2200 236 2270 teloque
247 2199 437 2252 minitantem.
459 2195 533 2248 Nam
553 2200 582 2248 ut
597 2194 813 2262 pulchritudine
824 2197 949 2262 praesta-
1006 2190 1440 2265 longumsopivitTurpissime
1453 2195 1682 2267 clapsusGuido
1693 2199 1819 2254 Briouian
1861 2216 1863 2265 !

119 2288 169 2341 bat
180 2304 246 2342 cum
261 2287 430 2340 indumenta
442 2283 584 2352 principis
600 2286 731 2353 gestaret
745 2285 796 2334 aut
813 2282 894 2352 pacis
910 2283 949 2337 ita
1010 2296 1075 2334 cum
1091 2296 1199 2352 magno
1214 2283 1344 2353 equitatu
1359 2284 1518 2339 contendit.
1535 2284 1686 2356 Oppidum
1704 2287 1754 2342 hoc
1767 2303 1818 2341 cun
1861 2292 1863 2365 l

119 2370 950 2446 ornatusquicontralrostemsumiturcumsingularitcr
1009 2368 1066 2423 loci
1086 2373 1197 2435 natura,
1215 2372 1274 2424 tum
1302 2387 1391 2441 apere
1418 2373 1656 2445 inexpugnabile
1679 2377 1819 2431 videbator.

119 2461 471 2518 decebat.llincvirilisiu
482 2460 641 2514 coanimas
659 2462 687 2513 et
698 2459 793 2512 virtus
804 2460 950 2514 enitescc-
1008 2457 1082 2511 Nam
1096 2461 1205 2528 praeter
1218 2459 1273 2512 alia
1290 2459 1471 2516 firmamenta
1489 2479 1558 2533 quaa
1574 2463 1675 2517 moliri
1691 2465 1822 2520 cousuevit

119 2553 168 2606 bat
179 2552 301 2623 egregia
313 2550 495 2604 claritudine.
506 2549 580 2602 lline
591 2562 716 2617 namque
726 2562 841 2600 summo
850 2547 948 2602 studio
1006 2544 1076 2599 belli
1091 2546 1291 2617 necessitudo,
1302 2549 1397 2603 aulam
1407 2549 1494 2604 habet
1500 2549 1650 2622 lapideam
1667 2554 1744 2607 arcis
1752 2567 1821 2607 nsua

120 2641 205 2709 coepit
217 2638 361 2693 Ecclesiis
376 2638 424 2692 llci
433 2637 620 2707 patrocinari,
629 2652 736 2689 causas
748 2635 948 2706 impotentium
1005 2634 1205 2705 pugnantibus
1214 2636 1411 2705 praebentem,
1423 2654 1510 2710 quam
1522 2639 1637 2694 fluvius
1653 2640 1821 2696 llisclanallo

118 2728 215 2796 tutari,
231 2727 299 2798 jura
315 2727 465 2797 imponere
489 2742 555 2796 quae
571 2741 629 2779 non
645 2730 813 2795 gravarent,
836 2723 949 2793 judicia
1007 2722 1125 2792 quidem
1145 2726 1240 2778 tractu
1262 2725 1329 2779 vadi
1350 2726 1505 2795 impatiens
1531 2728 1723 2785 circumlinit.
1738 2729 1821 2783 l’ietor

118 2816 293 2886 facerequto
311 2829 495 2884 nequaquam
508 2812 745 2881 abaequitrrtevcl
757 2813 949 2882 temperantia
1004 2815 1116 2864 matura
1132 2811 1284 2867 insecutus
1313 2819 1426 2868 arctam
1442 2815 1552 2871 locavit
1568 2816 1765 2885 obsidionem,
1781 2833 1820 2871 ca·

118 2904 279 2958 deviarent.
304 2901 450 2973 Imprimis
473 2901 630 2971 prohibere
653 2901 771 2967 caedes,
801 2901 947 2972 incendia,
1005 2899 1089 2952 stella
1101 2899 1280 2970 utrinquead
1295 2902 1375 2972 ripas
1386 2903 1662 2975 fluminisbipartiti
1677 2922 1822 2978 opponens.

118 2994 248 3063 rapinas
263 2992 364 3046 liebus
375 2990 452 3045 enim
464 2988 574 3043 illicitis
585 2989 802 3061 nimiuubiquc,
817 2994 949 3060 utsupra
1006 2986 1116 3042 lleiudc
1135 2991 1353 3061 oppugnatione
1378 2991 1482 3046 diurna
1497 2992 1652 3063 territans,
1668 2993 1822 3067 egrediendi

117 3082 283 3148 docuimus,
308 3080 424 3134 lieentia
446 3077 509 3132 fuit.
536 3077 668 3148 Denique
690 3078 776 3148 caepit
794 3079 949 3133 oaurinoa
1005 3074 1171 3131 facultatem
1195 3079 1314 3147 penitus
1331 3080 1507 3135 interclusit.
1532 3082 1693 3138 Postremo
1719 3084 1822 3154 penuria

117 3170 310 3224 familiaritate
340 3183 394 3222 sua
421 3182 574 3221 removere
602 3182 678 3237 quos
710 3166 864 3235 imperitos
899 3139 982 3221 autC
1003 3164 1090 3217 etiam
1106 3166 1274 3221 victualium
1290 3169 1437 3225 obsessus
1452 3170 1820 3242 Burgundio,intcrvente

116 3255 735 3330 pravosdignoscebat,sapientissimorum
747 3271 817 3309 vero
828 3255 947 3324 optimo·
1008 3268 1057 3307 res
1073 3269 1125 3324 pro
1135 3253 1289 3309 clementia
1304 3256 1820 3333 missitabat.hlotusduxconsangui·

115 3364 245 3419 rumque.
270 3346 405 3401 consiliis
433 3346 482 3413 uti,
515 3343 647 3398 externis
674 3342 802 3396 inimicis
832 3343 946 3398 fortiter
1004 3343 1102 3411 nitate,
1119 3342 1533 3415 supplicitate,miseriavicti,
1545 3363 1606 3402 non
1618 3349 1755 3404 acerbius
1769 3348 1817 3401 vin·

115 3436 269 3505 resistcre,
286 3433 429 3504 obsequia
444 3432 568 3486 debitua
584 3431 648 3484 suis
663 3435 796 3501 potenter
811 3431 945 3503 exigere.
1004 3429 1120 3485 dicavit.
1146 3432 1275 3501 llcccpto
1300 3437 1398 3488 castro
1414 3433 1443 3487 in
1465 3435 1547 3488 curia
1575 3451 1633 3491 sua
1652 3450 1815 3492 commanere

150 3522 223 3578 Cum
239 3522 304 3577 hacc
320 3522 400 3574 initia
416 3536 503 3573 saum
517 3519 707 3590 splendorem
725 3519 947 3576 Northmaaniae
1003 3533 1069 3571 eum
1085 3518 1396 3591 concessitSupplieia
1409 3521 1477 3575 item
1492 3523 1658 3589 consociis,
1671 3540 1737 3595 quae
1751 3523 1815 3593 capi·

116 3614 144 3665 ct
159 3612 270 3681 antiqui
295 3613 390 3663 status
409 3607 648 3678 tranquillitatem
661 3607 724 3677 jam
749 3608 905 3663 redderent
919 3612 947 3664 et
1003 3605 1070 3660 talia
1085 3621 1215 3678 exaequo
1227 3607 1439 3679 irrogarentur,
1454 3609 1626 3666 condonare
1638 3614 1737 3667 maluit
1747 3613 1816 3668 obre·

115 3695 945 3769 meliorapromitterant,bonisobscquentcrjuvantibus
1002 3695 1158 3749 tiouabiles
1174 3710 1292 3749 causas.
1310 3696 1459 3769 Nigellum
1474 3698 1687 3771 aliotcmpore‚
1698 3702 1814 3773 quonian

115 3790 258 3840 rectorem
271 3790 411 3840 consueta
424 3785 558 3839 libertate
576 3785 697 3854 perfrui,
718 3785 863 3840 malebant
878 3787 945 3858 qui·
1002 3783 1135 3852 improbe
1150 3782 1314 3839 offensabat
1329 3784 1433 3839 casilia
1449 3786 1582 3855 punitum
1600 3787 1699 3844 fuisse
1716 3802 1815 3859 compe·

114 3874 179 3927 dam
199 3890 251 3944 pro
270 3874 353 3928 libitu
368 3891 422 3928 sua
434 3874 573 3942 retinere,
586 3874 681 3928 aliena
691 3874 828 3943 diripere.
846 3872 945 3946 liujus
1000 3872 1154 3927 rio.Guido
1170 3872 1200 3926 in
1212 3872 1412 3944 Burgundiam
1426 3879 1531 3942 sponte
1542 3875 1632 3930 rediit
1641 3881 1757 3947 propter
1768 3890 1814 3931 me

114 3964 245 4017 vesanias
265 3963 392 4035 signifer
409 3963 546 4033 prosiluit
565 3961 741 4017 ll'idolllius
759 3963 945 4034 burgundio·
999 3960 1116 4015 lestiam
1137 3960 1248 4030 probri.
1274 3959 1364 4015 Ferre
1389 3961 1466 4032 apud
1492 3962 1696 4021 Nortmanuos
1715 3965 1815 4038 pigebat

111 4066 182 4113 uum
194 4052 311 4107 comitis
321 4052 487 4123 llaginaldi,
500 4052 550 4123 qui
563 4051 744 4105 validissima
757 4055 853 4106 castra
862 4052 944 4107 ltrio-
999 4048 1086 4103 vilem
1103 4065 1135 4104 se
1146 4049 1270 4118 canatis,
1289 4050 1426 4104 odiosum
1441 4066 1511 4105 esse
1522 4052 1636 4108 multis.
1653 4052 1689 4108 Et
1697 4054 1815 4126 Burgun-

111 4163 180 4203 utrm
190 4138 406 4201 erernonium
418 4141 503 4194 ducis
515 4141 591 4195 dono
608 4141 734 4209 tenebat,
753 4141 944 4212 apuerilibus
999 4138 1046 4191 dia
1063 4137 1205 4192 tolerabat
1220 4152 1287 4193 eum
1304 4139 1405 4191 invita.
1418 4136 1563 4209 Equidem
1579 4142 1608 4195 si
1624 4142 1764 4197 valuisset
1778 4140 1814 4195 ille

110 4237 196 4293 annis
213 4229 359 4301 cumipse
375 4227 558 4283 familiariter
568 4228 708 4284 nutritus
724 4230 782 4285 Sed
801 4232 850 4284 aut
864 4230 943 4300 prin·
998 4229 1139 4298 quantam
1155 4226 1360 4297 contendebat,
1372 4242 1544 4298 germanum
1559 4244 1651 4285 suum
1663 4231 1815 4301 ipsiuspre

111 4325 249 4395 cipetum,
274 4322 324 4377 aut
346 4318 500 4373 maximam
530 4317 692 4387 portionem
722 4318 943 4374 Northmanniae
997 4315 1103 4370 vinciae
1115 4315 1250 4370 comitem
1267 4315 1456 4371 Guillelmum
1470 4318 1623 4386 potentatu
1636 4318 1815 4390 privassetet

110 4411 267 4466 ambiebat.
280 4412 387 4463 Secum
398 4407 494 4476 itaquo
505 4407 531 4460 in
544 4406 692 4476 pessimas
706 4407 942 4477 conspirationes
996 4405 1065 4458 vita.
1086 4406 1187 4459 Annos
1202 4404 1304 4458 decem
1321 4404 1460 4458 inarmis
1479 4407 1508 4459 et
1527 4406 1657 4476 amplius
1672 4422 1814 4463 consume·

111 4496 362 4568 univitNigcllum
375 4495 533 4566 praesidem
543 4495 726 4548 Cerastautini
737 4495 815 4566 pagi,
835 4496 941 4550 ltanul·
953 4493 976 4552 D
996 4494 1054 4563 bat,
1068 4508 1180 4548 venans
1186 4493 1299 4562 praeliis
1316 4496 1373 4546 tam
1384 4497 1543 4564 cognatum
1557 4495 1746 4568 sanguinem.
1755 4491 1814 4560 Quid

110 4586 173 4640 fam
186 4585 380 4656 bajocensem
396 4584 599 4638 vicecomitem
608 4586 636 4638 ot
649 4584 830 4653 fluitantium,
846 4601 940 4656 aguo-
995 4582 1137 4652 laborem,
1155 4586 1185 4636 ut
1201 4581 1367 4637 evidentius
1382 4581 1520 4651 nequitias
1530 4584 1814 4640 testimoniumadrlo·

111 4675 188 4730 minc
213 4675 377 4742 Dentatum,
403 4677 430 4726 et
458 4671 532 4726 alios
558 4675 701 4741 potentes.
723 4672 788 4726 Nou
811 4672 942 4727 cohibuit

109 4763 203 4835 iniqui
220 4762 348 4816 hominis
363 4761 576 4816 contumaciam
591 4762 711 4832 generis
727 4761 939 4833 propinquitas,

109 4867 166 4906 non
185 4850 552 4906 tantorumbeneticiorum
562 4850 696 4918 impensa
709 4849 941 4918 liberalitas,non

108 4939 236 5010 denique
251 4938 336 4992 ducis
361 4938 472 4992 ineam
496 4937 613 4991 sincera
635 4937 751 4992 dilectio
768 4953 940 5009 summaque

108 5027 321 5082 benevolentia.
340 5026 476 5081 lasontcs
492 5027 599 5081 multos
620 5041 773 5097 necavere,
796 5042 871 5097 qnos
887 5042 940 5081 nc-

108 5117 265 5185 quicquam
279 5119 463 5170 tentaverunt
479 5115 515 5169 ad
531 5115 786 5170 transvertendum
804 5117 850 5169 vel
865 5132 940 5187 quos

108 5202 213 5269 maiori
233 5203 386 5258 obstaculo
403 5204 459 5258 sibi
476 5203 939 5275 eesaperviderant.Fasquidem

107 5288 298 5359 negligebant
313 5309 408 5358 ornae,
420 5294 504 5348 nefas
516 5293 627 5347 nullum
642 5293 771 5347 devitare
785 5293 938 5364 curabant,

110 5375 938 5453 ‹lammodopotentiamconsequerenturamplioremFst

108 5477 318 5530 nonnunquam
347 5468 411 5523 haec
439 5471 608 5527 ambitionis
637 5471 765 5526 caecitas.
795 5471 937 5526 Paulatim

108 5565 181 5626 &80
197 5549 226 5603 id
241 5549 369 5621 perium
384 5559 534 5617 societatis
550 5560 848 5635 iocoeptnmeousque
864 5578 936 5618 con-

998 4673 1081 4726 cam?
1097 4669 1270 4725 hartmanni
1280 4669 1410 4740 superati
1421 4668 1513 4725 semel
1530 4672 1667 4727 universi
1676 4673 1750 4728 eolla
1758 4670 1813 4728 suh

996 4760 1097 4814 didere
1113 4759 1231 4814 domino
1250 4774 1316 4829 suo,
1334 4761 1421 4828 atque
1435 4758 1559 4814 obsides
1574 4760 1685 4817 dedere
1703 4758 1812 4834 plurimi.

1000 4848 1072 4902 [lein
1089 4848 1125 4902 ad
1143 4846 1265 4919 iussum
1280 4846 1347 4917 ejus
1370 4846 1546 4902 festinanter
1566 4864 1603 4903 ac
1627 4849 1755 4906 funditus
1771 4848 1812 4903 dc·

999 4942 1134 4993 struxere
1147 4936 1323 4991 munitiones
1347 4951 1489 4991 novarum
1516 4951 1618 4992 rerum
1638 4938 1736 4994 studio
1752 4952 1811 4993 con·

996 5030 1135 5081 structas.
1145 5024 1335 5080 Insolentiam
1347 5025 1435 5079 humo
1445 5029 1531 5079 tenus
1541 5041 1673 5096 posuere
1687 5030 1811 5095 mctrope

995 5116 1053 5170 litae
1072 5114 1339 5185 liothomagenses,
1362 5129 1449 5184 quam
1465 5116 1568 5168 contra
1583 5115 1722 5171 tenellum
1735 5110 1809 5169 coni·

994 5206 1052 5259 tem
1062 5207 1287 5273 usurpaverant.
1297 5201 1469 5258 Gaudebant
1484 5201 1594 5258 dehinc
1603 5200 1808 5275 ucuasiaqati

994 5292 1125 5346 divinum
1143 5291 1171 5345 ia
1182 5291 1391 5362 tranquillitate
1407 5290 1561 5347 celebrare
1572 5290 1804 5364 mysteriumliec·

992 5380 1208 5447 bat;exultabat
1218 5380 1394 5452 negotiator,
1404 5382 1465 5434 tato
1474 5395 1533 5450 quo
1542 5381 1632 5436 veltet
1642 5382 1805 5452 iturua3grv

993 5471 1139 5526 tulabatar
1153 5468 1293 5541 agricola,
1306 5468 1534 5540 quodsecurum
1548 5474 1612 5525 erat
1622 5469 1732 5527 novalia
1741 5465 1804 5522 scin·

994 5560 1074 5630 dere,
1083 5575 1167 5631 apem
1175 5559 1294 5631 frugum
1305 5571 1517 5631 spargerem
1528 5558 1643 5618 auara
1649 5559 1733 5617 milite
1740 5554 1802 5611 viro.
