3900 6112
106 281 177 390 Qtl¹

610 280 747 343 onsm
769 279 1181 359 nssronturaeenns
1202 280 1331 347 oasin.
1523 234 1528 239 ’
1779 282 1830 344 aaa

109 479 179 536 licet
205 479 392 552 omnipotens
420 479 500 534 Deus
512 481 614 535 nostro
629 478 686 534 boc
713 481 843 548 tempore
857 478 944 532 etiarn
960 467 982 529 Α
1004 494 1080 547 rum,
1097 480 1196 550 utpote
1209 478 1260 550 qui
1273 494 1320 535 me
1336 478 1462 549 simplici
1477 479 1627 534 intellectu
1649 478 1766 550 legisse
1779 495 1828 533 ne-

111 570 304 640 corporaliter
312 568 513 640 evangelicam
525 567 602 621 illam
612 567 849 638 pollicitationem
858 568 942 623 visus

112 659 158 713 est
187 655 357 725 adimplere,
389 672 446 726 qua
470 656 589 710 dicitnr:
611 679 621 703 a
646 659 739 711 Amen
759 656 825 712 dico
845 657 942 724 vobis,

112 745 192 817 quod
207 744 304 799 omnis
328 745 379 816 qui
403 744 521 815 reliquit
547 745 664 799 domum
693 746 741 801 vel
760 746 877 814 tratres,
897 748 946 799 aut

113 847 246 902 sorores,
262 834 311 887 aut
326 834 448 902 patrem,
473 839 521 886 aut
537 837 670 901 matrem,
688 837 737 889 aut
752 850 875 888 uxorem
896 835 945 887 aut

113 921 202 990 illios,
219 922 269 974 aut
291 935 381 991 agros
398 925 519 991 propter
535 938 640 976 nomen
657 939 764 992 meum,
777 922 946 992 centuplum

113 1009 248 1080 accipiet,
265 1012 293 1064 et
307 1009 397 1063 vitam
412 1013 552 1064 aeternam
563 1012 728 1080 possidebit
743 1013 851 1082 (dlattlr
863 1019 944 1079 xixti

114 1097 215 1169 Hujus
226 1098 310 1167 plane
326 1098 508 1152 admirabilis
523 1104 551 1153 et
569 1099 731 1171 singularis
747 1117 816 1156 vero
834 1103 881 1155 sui
898 1117 948 1155 or-

118 1187 196 1242 dinis
211 1187 268 1240 viri
282 1189 341 1241 tarn
366 1187 461 1254 diveS,
478 1192 534 1242 tam
563 1189 724 1259 multiplex,
742 1194 799 1244 tam
823 1191 949 1262 denique

116 1276 237 1345 copiose
246 1278 292 1331 est
303 1278 456 1347 gestorum
468 1279 598 1342 materia,
613 1282 642 1331 ut
654 1280 708 1348 ipsi
719 1280 908 1349 Hieronymo,
922 1281 947 1332 si

115 1364 246 1432 adesset,
264 1363 309 1418 vet
325 1363 455 1434 Sulpicio
472 1382 529 1419 non
542 1372 644 1436 posset
659 1368 755 1422 videri
771 1369 805 1421 ad
816 1369 886 1422 scril
896 1385 950 1422 cn-

117 1454 187 1509 dum
201 1453 333 1525 indigna,
347 1453 410 1526 Ego
426 1459 533 1523 tamen,
561 1457 696 1527 quamvis
713 1458 843 1510 omnium
859 1458 949 1526 impc-

117 1542 292 1612 ritissimus,
304 1545 416 1597 ettanto
429 1544 484 1597 sim
494 1546 768 1615 operinequaquarn
784 1544 950 1615 sussiciens,

117 1633 180 1686 tum
196 1646 248 1701 pro
269 1630 393 1700 imperio
413 1633 596 1686 sanctissimi
617 1633 755 1702 Oderisii,
776 1635 803 1686 is
818 1639 864 1687 ost
887 1635 952 1705 ipse

119 1722 169 1793 qui
181 1719 343 1774 Desiderio
355 1721 386 1772 in
400 1722 891 1792 monaster-iirepiminesuccessit,
903 1724 955 1776 rni-

1006 568 1155 622 minerim:
1175 590 1185 618 a
1203 568 1325 637 Perdes,
1343 567 1476 637 Domino,
1493 583 1598 622 omnes
1613 569 1665 639 qui
1683 568 1830 638 loquuntur

1007 657 1190 711 mendacium
1206 656 1301 723 (Psal.
1312 673 1341 724 v,
1357 655 1497 726 l)›salvo
1514 657 1614 727 utique
1626 655 1830 710 intellectualia

1007 762 1065 817 quo
1091 746 1198 800 dictum
1214 745 1242 800 id
1267 745 1303 800 de
1331 744 1480 800 haereticis
1501 743 1679 799 affirmatur.
1710 745 1787 809 Quod
1808 746 1829 799 si

1008 834 1082 889 torte
1099 835 1217 906 aliquis,
1240 834 1399 888 invidentia
1423 849 1478 888 seu
1494 834 1602 889 malitia
1618 834 1738 902 ductae,
1755 834 1831 888 fidem

1009 923 1055 977 his
1072 923 1295 977 accommodare
1310 923 1446 990 noluerit,
1467 925 1496 977 ot
1510 921 1623 977 favoris
1634 921 1736 992 potius
1747 924 1830 994 gratia

1008 1011 1077 1065 huic
1088 1012 1129 1065 roi
1143 1026 1188 1065 me
1204 1025 1323 1081 opernm
1339 1010 1460 1064 dedisse
1476 1011 1643 1080 putaverit;
1661 1011 1729 1078 huc,
1740 1010 1765 1063 si
1776 1011 1830 1080 pla-

996 1101 1112 1170 ¹ouerit,
1130 1115 1292 1171 properans
1308 1099 1419 1170 aperiat
1430 1099 1552 1153 visusot
1567 1100 1685 1162 rideat;
1702 1115 1735 1152 ac
1750 1115 1830 1168 peren

1010 1206 1076 1260 qum
1092 1190 1238 1254 videntur,
1255 1188 1304 1241 illu
1314 1203 1431 1258 quoque
1443 1203 1509 1258 qum
1521 1188 1616 1242 videri
1631 1203 1691 1241 non
1707 1191 1829 1257 possunt,

1011 1282 1124 1331 semoto
1156 1278 1249 1331 livore
1271 1277 1466 1331 considerans
1494 1276 1659 1331 admiretur
1687 1276 1831 1343 eterednt3

1012 1366 1208 1437 credensque,
1239 1366 1384 1420 bonorum
1407 1365 1536 1419 omnium
1561 1365 1712 1436 Largitori
1741 1364 1829 1418 laudes

1012 1470 1104 1524 super
1119 1455 1174 1508 hoc
1191 1457 1220 1508 et
1234 1455 1345 1525 gratias
1360 1453 1478 1523 roserat,
1496 1454 1600 1524 sicque
1612 1453 1729 1508 tandem
1746 1468 1788 1506 me
1802 1453 1830 1506 de

1013 1544 1113 1597 multis
1131 1543 1209 1596 illius
1229 1559 1333 1613 pauca,
1359 1543 1453 1613 deque
1472 1543 1611 1597 maximis
1627 1543 1746 1595 minima
1761 1557 1831 1611 pror-

1015 1648 1068 1686 sus
1084 1632 1246 1702 scripsisse
1263 1634 1435 1703 cognoscat.

1052 1739 1207 1793 Desiderii
1213 1737 1832 1810 qenns.Adlrucpueripictas-Desiderias

120 1808 992 1902 ssiffi⁰⁰0ss30ffiss⁰¹¹d⁰dssffllll0maximaqssssfflidssmpflies3
1016 1827 1117 1898 igitur,
1135 1826 1368 1882 exnobilissima
1388 1827 1664 1881 Beneventanorum
1681 1826 1831 1894 principum

121 1896 296 1951 Desiderius
312 1897 342 1950 in
357 1911 404 1949 me
423 1898 459 1951 ab
482 1899 547 1967 ipsa
564 1899 624 1953 iere
641 1901 761 1955 infantia
786 1902 896 1956 habore
912 1903 954 1956 di-

121 1987 230 2058 gnatus
249 1988 295 2038 est
311 1984 487 2054 dilectione,
511 2002 577 2041 cum
592 2004 638 2043 me
654 1990 773 2043 vixdum
790 1994 916 2061 quatuor
927 1995 956 2045 et

122 2073 226 2129 decem
250 2088 345 2127 annos
372 2090 530 2145 egressum
544 2078 574 2131 in
599 2077 655 2131 hoc
670 2081 771 2131 sancto
788 2078 851 2133 loco
868 2076 955 2149 quarn

123 2161 252 2217 libenter
269 2164 411 2233 suscepit,
441 2164 590 2234 instruxit,
617 2167 735 2220 enutriit
760 2182 794 2220 ac
809 2166 954 2236 provexit.

123 2250 258 2307 Cernens
269 2251 393 2323 insuper
408 2258 436 2308 et
452 2254 556 2309 dolens
572 2256 956 2326 cumtantiutilitateopcris

123 2341 422 2413 memoriamquoque
432 2343 503 2397 tanti
514 2344 567 2398 viri
584 2346 763 2415 scriptorum
777 2345 956 2417 negligentia

124 2429 264 2500 paulatim
278 2430 307 2483 in
318 2431 507 2500 oblivionem,
520 2449 553 2486 ac
570 2449 621 2502 per
638 2434 692 2487 hoo
713 2434 743 2487 in
759 2436 956 2504 contemptum

126 2518 190 2575 fore
201 2521 355 2573 venturam
362 2537 368 2584 ;
380 2520 448 2574 licet
459 2537 517 2574 non
528 2523 678 2590 decenter,
692 2523 760 2577 licet
770 2539 827 2577 non
838 2525 959 2594 elegan-

125 2609 181 2678 ter,
197 2606 465 2677 licetdeniquenon
479 2607 663 2664 sufficienter
673 2610 958 2682 valeamejusopera

126 2710 164 2752 ox
180 2696 240 2750 toto
249 2694 413 2763 complecti,
428 2696 701 2767 aggrediartamen,
713 2700 844 2752 conlisus
856 2699 891 2753 de
908 2716 957 2753 au·

126 2783 200 2839 xilio
215 2781 278 2850 Dei,
293 2797 410 2854 quoque
425 2785 511 2839 modo
521 2785 568 2839 itta
580 2787 792 2858 perstringere,
809 2790 837 2841 et
851 2788 885 2840 ad
896 2787 959 2858 glo-

127 2869 202 2926 riam
218 2869 270 2925 Dei
283 2871 413 2942 tantique
429 2874 485 2927 viri
500 2877 631 2929 sanctam
647 2877 826 2945 memoriam,
844 2892 959 2931 necnon

128 2959 960 3034 adsolatiumtlliorumojus,fratrumnostrorum,titteris

127 3040 436 3121 utcunquemandare3
446 3051 961 3123 aequiusutiquejudicansoumobe-

128 3137 237 3193 dientia
253 3141 281 3193 et
296 3138 452 3194 devotione
467 3141 698 3197 inscitiaenotam
706 3143 816 3212 subire,
829 3161 915 3215 quam
924 3144 960 3197 do

129 3229 188 3283 tam
202 3226 333 3298 pretiosa
355 3229 477 3283 materia
499 3244 535 3284 ex
563 3233 623 3285 toto
638 3231 737 3301 silere,
760 3236 787 3286 et
803 3203 1001 3303 indignumG

129 3330 257 3389 prorsus
275 3331 344 3371 esse
359 3316 524 3372 decernens
537 3321 577 3388 ut,
588 3319 649 3373 etsi
665 3321 761 3374 omnia
777 3336 901 3392 nequeo,
913 3321 960 3375 vel

129 3403 279 3477 aliquanta
292 3419 351 3459 non
376 3406 510 3460 studeam
534 3407 569 3461 de
585 3410 625 3462 tot
652 3409 800 3479 tantisque
820 3409 960 3479 operibus

130 3491 331 3565 ejusreterre,
347 3494 577 3564 prudentissimo
587 3497 686 3568 utique
700 3513 783 3551 more
794 3497 961 3552 venantium

130 3581 962 3657 insectantiumiarns,quietsiomneseaperenequcunt,

131 3687 318 3744 nequaquam
333 3677 429 3727 tamen
445 3677 587 3744 quotquot
602 3679 728 3744 possunt
744 3690 849 3746 capere
864 3675 961 3746 negli-

131 3765 215 3834 gunt.
227 3761 264 3816 Et
272 3763 409 3833 quoniam
421 3764 545 3832 plurima
556 3780 683 3833 prorsus
698 3767 726 3818 ct
739 3763 799 3818 tere
810 3763 962 3818 innumera

132 3851 205 3905 tanti
219 3850 276 3905 viri
288 3853 357 3906 sunt
371 3867 472 3922 opera,
489 3852 578 3906 multa
596 3869 641 3908 me
657 3869 693 3907 ex
708 3853 783 3923 ipsis
798 3854 885 3907 etiam
897 3868 963 3924 quae

134 3940 198 3994 scio
209 3939 481 4008 praetermissurum
506 3942 658 4011 confiteor,
676 3943 814 4012 qnoniam
831 3942 965 3996 scribere

134 4028 160 4083 si
175 4026 272 4082 omnia
282 4028 455 4097 voluissem,
467 4029 610 4100 prolixam
625 4034 704 4085 certe
715 4035 901 4085 etenormem
912 4029 964 4083 lli·

134 4118 257 4174 storiam
272 4118 472 4174 condidissem
485 4138 491 4185 ;
509 4118 645 4191 quamvis
656 4118 692 4173 ob
706 4120 785 4173 hoca
798 4119 897 4172 multis
909 4134 964 4172 no·

134 4211 274 4278 strorum,
286 4209 467 4279 quimocum,
476 4209 584 4279 pariter
595 4207 643 4262 illa
655 4209 797 4276 recolunt,
812 4207 966 4261 meredor-

133 4298 284 4370 guendum
307 4299 444 4353 torenon
469 4298 609 4353 dubitem.
639 4297 696 4351 Sed
732 4313 788 4367 ego
821 4296 966 4351 lectorum

134 4388 253 4443 fastidio
267 4389 386 4443 utuliter
405 4386 575 4457 consulens,
589 4387 615 4441 si
628 4403 662 4441 en
677 4389 861 4457 tantumque)
873 4385 967 4440 relatu

134 4481 238 4534 esseut
253 4476 431 4548 dignissima
450 4476 655 4530 scriberentur
669 4474 809 4528 sulficere
820 4472 964 4543 judicavi.

134 4568 209 4623 Nam
221 4582 277 4638 qua
293 4565 391 4620 minus
407 4565 518 4619 nostris
533 4564 605 4618 litter
614 4563 640 4618 is
652 4562 848 4632 reperiuntur,
859 4562 888 4614 in
899 4561 967 4631 eJ'us
981 4567 1004 4627 t)

135 4656 276 4729 operibus
288 4656 354 4709 luce
369 4654 478 4708 clarius
488 4651 902 4723 conspiciuntur-liujussane
914 4649 970 4703 viri

134 4745 309 4820 primordia,
320 4732 470 4816 quoniam,
488 4743 648 4813 opitulante
664 4741 793 4807 Christo,
806 4740 969 4793 hincexor·

135 4837 215 4892 dium
223 4849 340 4893 sumere
356 4833 463 4905 gestio,
480 4832 516 4886 ab
533 4831 638 4901 hisqui
655 4828 765 4901 ejusab
780 4827 968 4882 incunabulis

135 4927 276 4981 exstitere
293 4924 422 4991 sodales,
437 4921 572 4975 addidici.
589 4919 830 4988 llnltapraeterea
846 4933 882 4971 ex
893 4915 972 4987 ejus·

135 5015 202 5069 dem
231 5030 282 5069 ore
311 5013 454 5080 veridico,
471 5027 538 5065 cnm
554 5025 599 5064 me
616 5009 787 5079 frequenter
807 5004 969 5060 sibinimia

135 5100 385 5164 benitatetacerot
400 5101 565 5167 adhaerere,
583 5097 704 5169 percepi
717 5112 724 5160 3
735 5095 874 5150 nonnulla
883 5093 970 5148 etiarn

137 5191 331 5269 alprioribus
347 5191 526 5264 quibusdam
547 5189 662 5256 audivi3
687 5189 795 5240 caetera
821 5186 969 5253 postremo

136 5280 218 5350 illius
233 5283 262 5335 et
276 5280 370 5336 oeulis
386 5280 515 5350 propriis
537 5277 663 5349 plurima
680 5274 751 5340 ridi,
775 5277 803 5327 et
819 5269 969 5324 universis

137 5369 202 5445 iere
217 5383 314 5439 usque
327 5368 363 5422 ad
379 5369 489 5423 obitum
508 5367 574 5439 ejus
586 5362 717 5421 intertui.
733 5361 818 5416 Unde
831 5359 973 5413 lectorem

138 5473 238 5515 meum
262 5456 386 5512 reddero
411 5457 612 5513 certissimum
628 5453 695 5511 volo
719 5451 798 5506 nulla
814 5463 860 5502 mo
873 5448 903 5501 in
915 5447 973 5501 hoc

138 5547 283 5623 opusculo
299 5547 487 5602 extrinsecas
499 5546 695 5600 additamenta
720 5541 875 5603 iacturum,
895 5535 972 5589 natta

136 5654 262 5714 prorsus
278 5637 314 5696 de
342 5635 402 5707 illo,
423 5635 482 5690 nist
501 5636 646 5691 veraciter
660 5633 819 5702 comperta,
846 5624 971 5695 scriptu·

1017 1916 1132 1987 origine
1162 1915 1317 1986 sanguinis
1342 1915 1446 1968 lineam
1467 1915 1597 1983 dueens3
1615 1914 1723 1984 spiritu
1750 1915 1832 1982 potius

1017 2021 1103 2076 quam
1120 2021 1208 2059 carne
1223 2004 1332 2058 nobilis
1349 2019 1418 2057 esse
1434 2004 1471 2057 ab
1487 2003 1561 2073 ipsis
1573 2003 1749 2057 rudimentis
1760 2002 1835 2055 intan-

1018 2096 1066 2150 tiae
1083 2094 1179 2164 coepit,
1197 2097 1225 2147 ct
1241 2093 1292 2147 llei
1306 2092 1401 2163 magis
1416 2092 1538 2146 servitio
1554 2107 1643 2161 quam
1653 2091 1757 2146 saeculi
1769 2089 1833 2142 rani-

1018 2184 1128 2238 tatibus
1140 2198 1258 2252 opernm
1274 2182 1344 2235 dare
1359 2182 1395 2235 nb
1407 2180 1491 2250 ipsis
1508 2180 1697 2247 utitadioam,
1709 2180 1834 2233 uberibus

1020 2274 1122 2328 matris
1151 2272 1250 2343 etegit.
1281 2270 1422 2326 Studebat
1437 2285 1562 2340 namque
1587 2270 1731 2339 puerulus
1754 2268 1835 2322 adbuc

1022 2362 1207 2433 frequentare
1223 2359 1389 2425 ecclesiam,
1411 2360 1526 2414 ‹livinas
1542 2359 1688 2413 lectiones
1701 2363 1731 2413 et
1746 2359 1831 2412 audire

1020 2452 1148 2505 libenter
1163 2449 1314 2521 ellegere,
1331 2465 1397 2502 cum
1411 2448 1588 2519 quibusdam
1604 2449 1692 2500 etiarn
1701 2447 1836 2518 religiosis

1022 2555 1102 2610 saepe
1118 2539 1154 2593 de
1170 2539 1217 2592 his
1233 2553 1388 2593 sermones
1403 2538 1599 2605 innectere,et
1614 2552 1742 2608 quaeque
1757 2537 1837 2589 abeis

1023 2632 1059 2685 de
1074 2629 1161 2685 bonis
1176 2628 1309 2682 moribus
1323 2627 1477 2680 addiscere
1493 2629 1616 2697 poterat,
1643 2626 1671 2679 in
1692 2626 1837 2694 semetipso

1024 2720 1178 2790 satagebat
1205 2718 1381 2786 exprimere.
1398 2716 1436 2770 nt
1449 2719 1533 2786 pater
1556 2715 1637 2769 itlius
1658 2715 1837 2769 saecutaribus

1023 2826 1089 2864 oum
1104 2808 1233 2880 negotiis
1250 2807 1371 2877 cupiens
1387 2805 1547 2874 implicare,
1558 2807 1596 2870 et,
1608 2807 1709 2874 utpote
1724 2804 1837 2869 unicum,

1024 2900 1109 2954 unire
1139 2896 1277 2968 diligens,
1308 2910 1361 2964 per
1384 2892 1654 2964 posteritatisillins
1669 2892 1837 2945 lincamsue

1023 2987 1184 3043 nobilitatis
1201 3000 1305 3039 nomen
1318 2984 1487 3054 disponeret
1502 2997 1678 3053 propagare,
1695 2979 1839 3051 puellamoi

1024 3077 1146 3146 adaeque
1176 3074 1314 3140 nobilem,
1341 3087 1407 3127 oum
1425 3071 1488 3142 jam
1510 3071 1655 3140 inciperet
1671 3069 1837 3131 adolescere,

1025 3165 1136 3221 studuit
1155 3165 1347 3232 desponsare,
1364 3166 1452 3231 utque
1460 3160 1608 3231 parentela
1623 3159 1727 3213 eadem
1741 3156 1838 3211 adinvi-

1025 3271 1090 3309 cem
1105 3253 1272 3307 firmaretur
1287 3251 1382 3304 modis
1398 3249 1705 3304 omnibusmaturore.
1715 3247 1837 3316 Sedqoo

1025 3347 1103 3398 niam
1121 3344 1173 3397 Dei
1189 3342 1316 3411 Spiritus
1331 3355 1386 3393 suo
1403 3339 1530 3410 ignacor
1545 3337 1696 3392 Desiderii
1710 3335 1745 3390 ad
1757 3332 1838 3389 mundi

1027 3435 1224 3501 contemptum
1249 3429 1465 3496 accenderat,e
1488 3426 1635 3480 contrario
1661 3425 1749 3496 longe
1771 3424 1837 3476 aliter

1028 3538 1116 3594 quam
1130 3526 1213 3590 pater
1227 3518 1413 3588 disposuerat
1428 3531 1518 3588 agere
1534 3530 1607 3583 puer
1623 3513 1766 3585 egregius
1784 3511 1836 3563 des·

1026 3612 1146 3678 tinabat,
1173 3623 1264 3677 seque
1289 3606 1387 3675 potius
1415 3619 1545 3659 eremum
1568 3619 1656 3673 quam
1673 3601 1785 3670 nuptias
1798 3614 1836 3666 ap-

1027 3702 1128 3770 potere
1144 3695 1270 3749 secretis
1286 3693 1394 3764 quibus
1410 3695 1523 3761 poterat
1537 3689 1674 3761 gestibus
1700 3686 1834 3748 indicabat,

1027 3793 1054 3843 et
1071 3786 1193 3840 iecisset
1204 3783 1269 3836 suis
1284 3781 1432 3836 desideris
1444 3780 1527 3848 satis,
1544 3778 1602 3832 nisi
1627 3777 1706 3848 quod
1732 3776 1834 3844 diligens

1027 3876 1180 3948 parentum
1195 3870 1329 3925 custodia
1339 3867 1534 3939 etsingularis
1550 3882 1632 3921 amor
1646 3880 1680 3920 ac
1694 3859 1835 3919 sollicitudo

1027 3965 1135 4037 ingens
1146 3958 1331 4031 impediebat.

1065 4070 1198 4142 Fupr'tia
1215 4082 1353 4121 ercnrtrm.
1377 4064 1464 4118 l'cste
1477 4064 1640 4116 rrrnnastr'ca
1662 4061 1798 4116 induitur.
1813 4080 1836 4092 ,

1030 4163 1096 4217 Non
1112 4160 1180 4231 post
1195 4156 1303 4211 nmltos
1319 4155 1393 4222 dies,
1410 4152 1676 4222 Deijudieiopatrc
1692 4167 1707 4203 a
1723 4150 1835 4204 Nor-rann·

1030 4253 1077 4306 nis
1092 4251 1253 4321 perempto,
1271 4243 1455 4310 DesideriuS,
1474 4240 1663 4312 aliquomodo
1686 4244 1784 4292 nactus
1800 4248 1835 4287 et·

1031 4339 1181 4395 cesionem
1204 4331 1416 4406 quamdudum
1441 4333 1601 4399 optaverat,
1620 4328 1759 4383 omnibus
1773 4321 1835 4392 capit

1031 4428 1137 4492 medie,
1165 4424 1238 4478 olam
1262 4422 1339 4487 licet,
1367 4422 1503 4489 satagere
1524 4420 1554 4470 nt
1579 4405 1835 4483 desideriumqnol

1031 4517 1160 4589 cogitatu
1171 4511 1357 4579 conceperat,
1370 4521 1459 4576 opere
1467 4506 1634 4575 parturiret.
1643 4505 1763 4559 tluidam
1773 4501 1836 4572 igilur

1032 4603 1175 4660 monacho
1190 4602 1265 4655 bene
1279 4596 1336 4652 sibi
1352 4600 1431 4664 noto,
1444 4594 1701 4665 prudentisatisin
1711 4587 1836 4647 saeculari·

1031 4698 1088 4752 bus
1104 4695 1179 4759 viro,
1198 4686 1471 4756 nominelaqninto,
1486 4683 1575 4754 cnjus
1589 4683 1647 4736 hoo
1659 4699 1715 4754 ego
1725 4681 1836 4735 relatam

1032 4782 1162 4855 percepi,
1190 4777 1346 4832 consilium
1360 4779 1452 4828 totum
1469 4772 1677 4840 communicat,
1695 4771 1791 4841 pandit
1804 4777 1836 4814 vt·

1032 4878 1103 4941 tum,
1115 4869 1293 4924 voluntatem
1306 4863 1443 4930 ostendit,
1456 4864 1483 4915 et
1498 4862 1563 4914 utci
1573 4877 1665 4928 super
1676 4861 1733 4914 hoc
1742 4857 1837 4912 fidenter

1033 4961 1235 5023 auxiliaretur,
1246 4955 1322 5009 tidrti
1335 4967 1422 5022 proce
1432 4949 1579 5021 deposcit.
1591 4948 1660 5002 Erat
1670 4953 1737 5002 tunc
1748 4943 1836 5000 circittt

1033 5043 1305 5117 annorumviginti:
1322 5040 1418 5108 Nosti,
1436 5039 1585 5110 inquiens,
1601 5038 1642 5090 mi
1662 5041 1754 5108 pater,
1769 5028 1838 5105 quati·

1033 5144 1079 5196 ter
1094 5155 1140 5192 me
1157 5134 1268 5191 seeculo
1283 5132 1352 5186 lmic
1368 5130 1478 5184 misero
1496 5127 1654 5196 propinqui
1671 5117 1838 5179 innexuerat

1036 5229 1089 5284 scd
1111 5225 1258 5298 quoniam,
1276 5225 1307 5274 ut
1336 5234 1406 5273 rere
1432 5217 1483 5270 tibi
1499 5215 1602 5284 fateor,
1617 5214 1786 5285 jamdudum
1798 5209 1839 5261 tlto

1036 5331 1152 5381 rorare,
1170 5309 1300 5377 decrevi,
1325 5322 1377 5377 per
1392 5306 1488 5375 ipsum
1500 5307 1528 5357 te
1547 5302 1684 5356 obtestor
1698 5306 1725 5356 et
1741 5301 1837 5354 absarro

1035 5407 1075 5474 ut,
1088 5403 1171 5474 juxta
1185 5397 1262 5469 quod
1278 5395 1339 5449 scis
1349 5397 1377 5447 et
1392 5395 1486 5461 polee,
1500 5381 1843 5473 lrismerincnlisensntts

1037 5500 1108 5560 tum,
1126 5491 1187 5544 Deo
1202 5485 1326 5541 liberius
1338 5482 1518 5537 serviturum
1535 5478 1609 5531 olam
1620 5477 1759 5532 omuibus
1772 5465 1841 5562 editt·

1035 5597 1122 5655 quam
1139 5575 1370 5632 remotissimam
1393 5567 1582 5624 solitudinem
1598 5567 1772 5622 transieras.
1791 5550 1839 5626 Quid
