3900 6112
832 356 1085 468 blrtomn'rn

86 539 1787 584 m

333 690 746 825 Wlllulul
778 694 1265 831 NORMANNIAE
1299 701 1527 832 DUGlS

629 950 899 1015 POSTMODUM
921 953 1093 1015 ANGLIAE
1115 954 1240 1016 REGIS

138 1092 385 1212 dedero
399 1092 496 1210 lu
525 1082 935 1212 uxuuclvull
962 1097 1151 1214 SUUM
1177 1096 1369 1212 ANTE
1390 1100 1716 1218 PRAELlUM

400 1327 533 1397 (Henric.
550 1326 742 1396 Huurnrmou,
757 1326 807 1382 lib.
826 1343 865 1394 vr,
882 1341 951 1399 pag.
966 1325 1029 1397 210,
1047 1328 1076 1382 in
1091 1328 1164 1384 lter.
1178 1328 1268 1400 Anpl.
1285 1329 1410 1402 Script.)

806 1505 1025 1515 ..—

106 1643 171 1698 Vos
187 1643 323 1714 alloquor
337 1642 510 1711 Normanni,
529 1642 658 1714 gentium
675 1641 903 1711 tortissimi,non
917 1640 943 1694 Α
955 1641 1055 1695 bolum
1072 1641 1266 1711 corporaliter
1288 1642 1461 1714 colluctans
1483 1649 1511 1698 et
1521 1647 1737 1719 prosternens!
1751 1648 1788 1702 li-

63 1733 153 1805 quasi
168 1735 277 1786 vestrae
293 1731 448 1802 probitatis
464 1731 608 1802 incertus,
625 1747 684 1786 non
702 1731 790 1801 quasi
804 1731 840 1785 de
855 1731 900 1784 vi·
955 1744 1092 1801 gensque
1104 1745 1209 1785 manus
1222 1731 1361 1801 ejuspost
1373 1735 1456 1803 terga
1468 1735 1684 1806 confusumque
1693 1737 1787 1792 victor

63 1820 159 1877 cloria
175 1836 232 1875 nou
247 1835 384 1887 securus,
401 1837 468 1891 quae
483 1835 634 1891 nunquam
650 1819 836 1891 casualiquo
853 1821 901 1874 vel
954 1818 1119 1890 Anglorum
1135 1820 1278 1891 reliquit?
1294 1819 1350 1874 Sed
1363 1822 1539 1893 quidprisca
1554 1826 1666 1879 uarro?
1682 1825 1786 1880 Nonne

64 1910 277 1981 impedimento
292 1910 406 1964 avobis
422 1909 548 1964 evadere
558 1906 754 1979 potuit.Quod
766 1910 792 1962 si
807 1908 900 1964 semel
952 1906 1039 1960 vobis
1055 1908 1318 1978 congredientibus
1334 1910 1363 1963 in
1380 1925 1414 1964 eo
1430 1913 1560 1980 tempore
1582 1913 1659 1981 apud
1675 1913 1786 1967 Morte-

62 2014 125 2054 non
132 1999 252 2054 vincere
262 1998 447 2068 potuissetis,
460 1997 633 2053 exhortandi
641 1996 765 2051 forsitan
777 1998 897 2062 essetis,
952 2010 1025 2064 mer,
1042 1995 1160 2063 Franci,
1177 1997 1347 2066 praecipites
1362 2015 1554 2068 praeposuere
1570 2000 1670 2072 lugam
1686 2002 1783 2070 bellis,

63 2092 97 2142 ut
108 2087 559 2159 probitasvestrapraeradlaret.
571 2084 653 2150 Quod
665 2087 899 2139 autemnativum
953 2083 1183 2138 calcariatclis‘?
1207 2085 1390 2156 Vosautem,
1422 2087 1681 2144 ltadullosummo
1710 2091 1785 2145 duce

64 2176 155 2232 vobis
171 2180 226 2241 est,
243 2180 271 2230 ct
283 2176 368 2247 quasi
378 2176 592 2244 necessarium,
605 2189 662 2244 qua
671 2174 898 2246 indigetexbor-
952 2170 1135 2226 Francorum
1152 2173 1318 2243 interiecto,
1335 2174 1412 2228 lama
1432 2176 1596 2247 spoliisque
1612 2178 1791 2248 potiti‚natu·

62 2265 196 2320 tatione?
210 2263 233 2318 0
247 2263 414 2318 mortalium
437 2263 632 2330 validissimi,
649 2264 718 2334 quid
732 2264 826 2332 potuit
846 2277 898 2316 rex
951 2260 1012 2314 rale
1027 2262 1137 2315 bonum
1155 2261 1242 2316 solita
1258 2264 1789 2335 necessitatetenuisti.Eiaprocedat

64 2351 900 2424 Francorumbellisprolicerecumemulgentequaesunt
952 2348 1058 2420 aliquis
1068 2350 1243 2421 Anglorum,
1255 2367 1331 2421 quos
1339 2353 1450 2406 centies
1467 2356 1676 2408 antecessores
1692 2356 1787 2410 nostri
1844 2406 1847 2411 .

62 2442 263 2513 aLotaringia
274 2441 411 2513 usquead
420 2441 592 2512 Hispaniam
602 2445 702 2495 contra
711 2440 838 2511 Hastlng
848 2456 897 2494 an·
951 2438 1326 2509 etDaoietNorwagences
1335 2439 1423 2494 bellis
1432 2441 1579 2496 vicerunt:
1591 2442 1787 2498 demonstret-

62 2533 250 2586 teeessorem
266 2531 426 2585 nostrum?
440 2527 495 2593 Qui
508 2531 648 2600 quantum
658 2529 751 2583 voluit
765 2528 898 2582 Franciae
951 2541 1007 2596 que
1022 2529 1141 2598 gentem
1157 2527 1221 2581 Rou
1231 2543 1268 2582 ex
1278 2527 1483 2599 ejustempore
1499 2545 1682 2600 usquenunc
1692 2533 1786 2587 semel

64 2617 812 2691 sibiucquisivit3quantumvoluitregipermisit3
829 2617 898 2671 dum
951 2614 1062 2669 militiae
1084 2615 1241 2687 naufragia
1269 2632 1447 2688 perpessum
1464 2633 1543 2686 esse,
1561 2622 1588 2672 et
1604 2636 1660 2690 ego
1689 2622 1785 2676 vietus

61 2709 183 2780 placuit,
200 2709 311 2774 lenuil;
327 2708 396 2762 dum
412 2709 536 2762 satiatus
556 2709 603 2761 est
618 2707 654 2759 ad
669 2708 784 2778 majora
805 2706 897 2760 anbe-
952 2704 1100 2758 abscedo?
1108 2705 1212 2759 Nonne
1222 2704 1313 2777 igitur
1320 2706 1425 2775 pudori
1434 2707 1521 2762 vobis
1529 2710 1575 2762 est
1583 2710 1788 2780 gentemvinci

62 2798 141 2864 lans,
159 2797 287 2868 reliquit.
302 2796 407 2851 Nonne
423 2797 488 2852 llou
501 2799 583 2867 pater
597 2811 692 2865 meus,
709 2796 769 2850 dux
783 2796 897 2865 primus
952 2792 1082 2863 solitam,
1099 2796 1217 2864 gentem
1232 2793 1302 2848 belli
1328 2810 1456 2865 cassam,
1475 2800 1593 2866 gentem
1620 2813 1675 2852 nec
1700 2799 1787 2853 etiam

61 2890 93 2942 et
109 2889 212 2941 auctor
226 2887 337 2940 uostrae
352 2886 450 2957 gentis
460 2900 526 2939 cum
535 2883 785 2955 patribusnostris
794 2898 896 2955 regem
915 2877 937 2931 B
950 2882 1075 2953 sagittas
1090 2882 1256 2952 habentem,
1284 2888 1384 2937 contra
1398 2899 1465 2953 vos,
1481 2901 1498 2938 o
1515 2884 1680 2952 tortissimi,
1697 2888 1783 2958 quasi

61 2974 397 3040 FrancorumParisius
409 2974 438 3028 in
455 2973 551 3028 medio
566 2973 650 3045 regni
661 2971 794 3027 suibello
805 2973 897 3027 vicit?
949 2970 1028 3025 bello
1044 2970 1205 3025 ordinatam
1221 2972 1409 3041 procedere?
1425 2973 1529 3028 Nonne
1547 2975 1632 3029 vobis
1641 2976 1729 3046 pudet
1738 2992 1785 3030 re-

61 3080 120 3120 nec
135 3062 319 3119 Francorum
333 3078 394 3117 rex·
405 3063 498 3132 potuit
508 3078 630 3133 sperare
646 3060 782 3130 salutem,
794 3061 852 3115 nisi
869 3064 897 3116 et
950 3074 1017 3131 gem
1036 3059 1195 3114 Heraldnm
1206 3064 1306 3115 contra
1323 3076 1369 3115 me
1384 3061 1584 3132 inpraesentia
1597 3065 1690 3117 vestri
1715 3080 1785 3135 per-

61 3152 155 3208 llliam
171 3166 265 3219 suam,
282 3156 311 3207 et
333 3155 442 3206 terram
458 3167 525 3222 quaa
549 3166 586 3206 ex
601 3151 687 3205 vobis
716 3150 896 3205 Normannia
944 3147 1048 3219 jurum
1063 3148 1169 3203 faciem
1185 3164 1270 3203 suani
1286 3150 1544 3206 vobisostendere
1559 3167 1664 3206 ausum
1675 3152 1786 3207 luisse?

60 3244 197 3309 vocatur,
214 3241 342 3312 supplex
361 3239 542 3295 obtulisset?
559 3238 664 3294 Nonne
680 3240 779 3310 patres
805 3238 897 3294 vestri
949 3237 1020 3292 Mihi
1032 3241 1130 3292 tamen
1145 3239 1261 3308 stupori
1272 3241 1409 3310 estquod
1425 3256 1478 3295 eos
1494 3241 1544 3312 qui
1561 3244 1701 3310 parentes
1712 3256 1783 3295 ves-

60 3346 165 3403 regem
176 3329 395 3384 Francorumin
408 3329 591 3400 llolbomago
602 3331 896 3398 ceperuntettenue-
947 3330 1010 3381 tros
1021 3343 1088 3382 cum
1104 3326 1224 3382 Allredo
1241 3331 1366 3399 cognato
1383 3344 1448 3384 meo
1466 3330 1632 3400 proditione
1656 3330 1783 3385 nefanda

58 3424 132 3476 runt
152 3420 245 3474 donec
258 3409 409 3472 ¹Richardo
424 3432 517 3488 puero
533 3417 601 3472 duci
630 3419 730 3471 vestro
746 3417 894 3472 Norman-
948 3416 1189 3487 excapitaverunt
1199 3418 1411 3472 oculisvestris
1423 3419 1785 3489 vidistiseteorumcapi-

60 3510 143 3564 niam
157 3508 293 3573 reddidit,
312 3523 346 3562 eo
362 3510 447 3578 pacto
463 3506 551 3577 quod,
565 3508 594 3560 in
610 3506 689 3561 omni
700 3505 894 3562 collocutione
946 3509 975 3560 ta
985 3505 1081 3560 adbuc
1095 3504 1229 3560 humeris
1245 3521 1346 3560 eorum
1356 3510 1528 3576 supersunt.
1540 3506 1652 3578 Erigite
1663 3507 1782 3578 vexilla,

58 3599 147 3669 regis
162 3597 296 3652 Franciae
311 3601 339 3651 et
352 3596 437 3650 ducis
453 3595 653 3663 Normanniae‚
664 3595 762 3666 gladio
778 3597 838 3651 dux
846 3611 894 3649 ec·
945 3596 1022 3649 viri:
1038 3610 1092 3649 nec
1101 3595 1139 3650 sit
1147 3594 1199 3649 irae
1208 3596 1374 3665 promeritae
1384 3595 1489 3650 modus
1499 3596 1547 3650 vel
1557 3596 1709 3650 modestia.
1737 3597 1781 3652 db

60 3688 243 3759 cingeretur,
260 3701 364 3758 regem
393 3701 466 3739 vero
488 3700 542 3739 nec
572 3684 701 3756 gladium
728 3700 783 3739 nee
807 3685 894 3740 etiam
945 3683 1064 3738 Oriente
1088 3683 1125 3737 ad
1154 3683 1344 3738 Occidentem
1373 3684 1508 3739 videatur
1537 3684 1647 3739 fulmen
1676 3684 1782 3756 gloriae

61 3775 300 3832 cultellumlerre
315 3775 441 3829 liceret‘l
454 3773 537 3827 Hanc
553 3776 694 3828 aeternam
711 3773 894 3828 sanctionem
947 3777 1068 3839 vestrae,
1085 3772 1221 3826 audiatur
1233 3772 1393 3826 tonitruum
1408 3773 1537 3842 impetus
1558 3774 1662 3841 vestri,
1682 3774 1781 3828 vindi-

58 3870 163 3937 patres
172 3864 264 3919 vestri
272 3865 450 3936 regimagno
459 3866 601 3934 cogentes
609 3860 893 3917 statuerentNonne
947 3876 1057 3931 cosque
1071 3860 1301 3933 generosissimi
1317 3861 1488 3932 sanguinis.

60 3954 141 4009 idem
152 3954 211 4008 dur
219 3957 318 4023 patres
330 3955 448 4008 vestros
457 3952 594 4023 usquead
605 3950 796 4005 llirmandam
810 3949 894 4022 juxta
982 3949 1121 4004 Nondum
1136 3953 1338 4019 peroraverat
1354 3950 1414 4003 dux
1429 3949 1721 4019 Willelmus,omnes
1736 3953 1781 4007 ira

59 4043 154 4113 Alpes
170 4043 298 4111 adduxit,
316 4046 343 4098 et
367 4043 452 4097 urbis
471 4042 586 4111 ducem,
612 4055 755 4112 generum
780 4039 895 4094 scilicet
947 4040 1065 4094 accensi
1083 4039 1261 4109 ultraquam
1287 4037 1490 4106 credipotest,
1508 4039 1671 4093 secundum
1698 4043 1779 4096 acies

60 4148 161 4201 suum,
179 4147 299 4201 sponsae
316 4147 379 4186 suaa
393 4131 533 4202 praelians
548 4146 652 4200 parere
668 4130 787 4202 coegit‘l
808 4128 843 4182 Et
857 4144 893 4184 ne
948 4143 1019 4183 suas
1036 4129 1145 4198 impetu
1160 4125 1298 4180 ineffabili
1316 4124 1509 4196 provolabant
1522 4127 1552 4179 in
1581 4126 1706 4198 hostem,
1723 4129 1779 4182 du-

59 4237 168 4292 parum
179 4223 218 4275 sit
232 4221 319 4276 vobis
335 4220 471 4276 homiues
486 4221 609 4291 vicisse,
625 4219 695 4273 vicit
705 4222 734 4273 et
747 4219 813 4289 ipse
829 4218 892 4272 dia·
948 4231 1070 4287 cemque
1083 4215 1144 4291 jam
1161 4214 1218 4270 sibi
1234 4214 1291 4269 soli
1306 4214 1474 4285 loquentem
1489 4214 1704 4284 relinquebant.

1527 4385 1769 4396 -——---—-..

181 4527 773 4729 warunnam
816 4517 1657 4709 concrescente

711 4742 1173 4909 mrmulm
1632 4778 1635 4787 ·

472 5088 482 5142 l
943 5086 1001 5156 qod
1018 5083 1072 5140 luit
1085 5084 1176 5140 Godae
1192 5085 1364 5155 comitissae,
1380 5088 1409 5139 et
1423 5079 1565 5156 quidquid
1580 5083 1615 5137 ad
1626 5083 1697 5139 illud
1707 5100 1777 5155 per·

203 5179 264 5233 Pro
279 5179 387 5233 eclesia
404 5178 435 5233 S.
453 5178 585 5232 Andreae
600 5173 745 5232 Hellensi.
943 5175 1025 5241 tinet,
1041 5175 1081 5227 ita
1105 5174 1233 5228 solidum
1252 5178 1280 5227 et
1293 5173 1418 5228 liberum
1429 5177 1457 5227 et
1471 5173 1601 5244 quietum
1619 5174 1777 5245 sicutipse

251 5268 449 5337 (Monasticon
463 5267 582 5338 Anglic.
600 5266 625 5320 l.
642 5266 700 5335 ru.)
946 5263 1099 5318 comitissa
1114 5262 1216 5317 habuit
1230 5262 1300 5316 illud
1317 5276 1445 5332 unquam
1460 5261 1576 5330 melius,
1593 5263 1704 5316 etsicut
1719 5278 1776 5334 ego

96 5354 276 5410 Wrnnnnuus
292 5372 344 5410 rex
360 5356 533 5428 itnglorum,
564 5355 710 5409 Waltcric
725 5353 891 5408 vicecomiti
945 5354 1010 5423 ipse
1025 5353 1111 5406 etiam
1122 5351 1193 5405 illud
1211 5350 1299 5404 babui
1320 5351 1349 5403 in
1365 5366 1429 5405 mco
1443 5350 1583 5420 dominio,
1600 5367 1667 5406 cum
1682 5354 1787 5407 omni-⁷

55 5449 88 5501 et
103 5445 241 5500 omnibus
261 5445 423 5500 baronibus
439 5446 513 5516 suis,
532 5443 725 5516 Freneigenis
742 5445 771 5498 ct
784 5442 890 5515 Anglis
944 5443 1001 5497 bus
1017 5439 1355 5510 consuetudinibusquoe
1371 5439 1777 5511 AnglicenominanturSOca

53 5535 94 5590 de
110 5535 248 5589 comitatu
259 5535 295 5589 dc
310 5534 463 5590 Glocestre
479 5533 613 5591 salutem.
943 5535 972 5588 et
986 5531 1070 5602 Saea,
1088 5530 1162 5585 Toln
1177 5532 1206 5584 et
1223 5528 1323 5600 ¹Teum
1344 5530 1372 5583 et
1389 5527 1643 5600 infangenetheof.
1661 5528 1696 5584 Et
1718 5529 1775 5585 hoc

94 5623 203 5679 Sciatis
218 5638 264 5678 me
281 5623 402 5680 dedisse
417 5624 554 5679 ecclesiae
569 5622 669 5678 Sancti
698 5622 826 5677 Andreae
854 5621 890 5676 de
942 5620 1020 5675 lucio
1035 5636 1088 5691 pro
1104 5618 1200 5673 anima
1223 5618 1316 5689 patris
1331 5617 1390 5673 mei
1404 5622 1433 5674 et
1453 5617 1558 5673 matris
1573 5633 1648 5673 meae
1663 5621 1691 5672 et
1720 5633 1774 5687 pro

56 5710 889 5789 RovecestraetepiscopoGundullomaneriumEstona,
942 5714 1040 5769 aalma
1053 5723 1129 5768 mea.
1144 5706 1326 5768 Testimonio
1341 5707 1501 5767 Walcelini
1517 5705 1650 5780 episcopi
1660 5704 1775 5767 Wintc
