3900 6112
58 341 100 407 65
759 338 888 400 LIBER
913 338 1087 402 PRIMUS.
1747 338 1789 407 66

63 542 168 610 Futco,
196 542 304 614 partim
327 540 456 595 senioris
481 540 603 595 servitio
624 540 770 606 detentus,
794 522 942 609 partimA
958 538 1064 595 alieetu
1079 541 1114 594 ad
1131 541 1245 610 potiora
1261 543 1454 610 provexerat,
1471 542 1719 614 sedetquomodo
1730 545 1788 600 Ro-

64 648 221 702 corporeae
236 630 483 685 incommoditatis
498 629 632 684 molestia
644 628 826 699 prepedituS,
836 628 902 698 jux·

63 725 90 774 ta
101 719 273 774 condictum
283 720 385 774 venire
395 718 576 788 nequiverat.
584 718 731 771 Admonet
740 717 826 772 etiam
835 733 901 771 eum

64 811 241 864 meminisse
257 810 376 876 debere,
394 807 489 878 qualis
505 808 570 876 ipse
585 823 656 878 erga
672 821 739 860 eum
754 807 901 877 quondam

65 899 212 966 extiterit,
229 899 357 969 quntitcr
373 898 437 950 sinc
454 911 545 967 rege,
561 895 626 949 sine
642 895 700 948 ullo
715 895 811 965 ipsius
826 896 899 964 parti

65 988 242 1041 consulente
253 987 349 1042 modis
361 985 498 1041 omnibus
510 985 659 1053 institerit,
669 989 697 1038 ut
706 985 742 1038 ad
752 984 830 1038 huno
841 985 901 1053 epi-

64 1077 219 1145 scopalem
235 1076 404 1146 perveniret
419 1074 571 1140 honorem,
582 1089 648 1126 cum
659 1073 754 1128 adhuc
770 1072 901 1143 perfecte

63 1168 152 1217 notus
164 1180 225 1218 non
236 1168 332 1229 csset;
347 1165 387 1217 ita
404 1168 501 1217 tamen
517 1177 572 1233 pro
583 1177 618 1216 eo
631 1162 735 1233 egerit,
748 1161 837 1216 veluti
848 1177 900 1231 pro

65 1251 155 1307 tratre
167 1254 338 1322 carissimo,
355 1254 422 1324 quia
434 1251 601 1306 crediderat
618 1255 646 1305 et
665 1250 804 1304 credebat
820 1250 848 1302 iu
865 1265 900 1304 eo

64 1342 232 1411 simplicem
250 1342 444 1411 prudentiam,
455 1341 609 1395 fitlemnon
620 1340 726 1406 fictam,
744 1339 858 1393 firmam
873 1341 901 1392 ct

63 1431 307 1485 indemutabilem
333 1430 532 1485 stabilitatem.
559 1429 736 1499 Speraverat
760 1428 846 1481 etiam
870 1427 900 1480 in

64 1518 206 1572 omnibus
222 1519 280 1573 sihi
297 1522 521 1588 cooperatorem
536 1521 564 1572 et
580 1517 746 1589 adjutorem
758 1515 831 1570 lore.
843 1517 901 1571 Per

64 1608 143 1661 illam
154 1624 230 1679 ergo
243 1608 393 1662 sinceram
404 1608 599 1671 dilectionem,
614 1621 701 1676 quam
715 1606 820 1674 inipso
832 1622 899 1660 cre-

64 1696 160 1765 debat,
174 1712 243 1752 eum
256 1712 290 1751 se
304 1697 374 1750 ‹licit
384 1712 515 1765 monere,
531 1686 674 1748 man'dans
689 1697 719 1748 ut
733 1694 900 1763 posthabita

63 1786 143 1839 omni
158 1786 301 1840 dilatione
318 1785 363 1838 vel
380 1785 583 1855 occupatione,
599 1784 635 1837 ad
651 1784 818 1839 condictum
834 1798 900 1837 con-

63 1879 184 1928 ventum
197 1875 407 1945 episcoporum
419 1889 544 1943 presens
555 1873 663 1928 adesse
677 1873 802 1941 studeat,
820 1871 898 1926 nulla

957 628 1057 682 duitas
1073 630 1119 682 vir
1133 629 1258 683 devotus
1270 630 1416 683 abhatiam
1426 631 1573 701 quandam
1582 633 1612 685 in
1623 632 1714 702 hujus
1727 633 1788 687 He-

956 716 1055 771 tilonis
1069 718 1225 788 parrochia
1247 719 1349 788 sitam,
1373 720 1512 773 ilemensi
1533 720 1713 791 delegaverit
1728 737 1788 776 aec-

956 805 1075 874 clasiae,
1103 807 1292 861 committens
1313 807 1401 861 simul
1423 808 1518 862 eidem
1531 805 1571 850 1⁰²
1585 824 1695 878 corpus
1710 809 1788 863 beati

955 893 1056 948 Calisti
1071 911 1156 965 papae
1172 900 1200 950 et
1214 896 1364 966 martyria,
1381 897 1458 966 qnod
1479 897 1665 967 impetratum
1689 913 1705 949 a
1729 897 1787 951 Ro·

955 999 1040 1036 mana
1049 984 1192 1038 detulerat
1202 985 1284 1038 urhe.
1296 985 1410 1039 Intimat
1420 1000 1502 1057 ergo,
1515 985 1640 1056 qualiter
1650 988 1787 1055 precatus

956 1073 993 1125 sit
1002 1073 1195 1127 amicabiliter
1205 1074 1351 1143 prelatum
1363 1074 1534 1128 Deditonem
1544 1074 1579 1128 ad
1591 1075 1787 1129 Atraliatense

955 1160 1109 1215 castellum
1126 1163 1241 1229 venire,
1264 1167 1291 1216 et
1307 1163 1373 1217 inde
1389 1164 1511 1235 pignera
1528 1163 1633 1232 prelati
1649 1163 1787 1233 martyris

956 1250 1117 1304 honorifice
1137 1250 1235 1305 levare
1256 1255 1342 1321 atquc
1359 1267 1455 1321 usqne
1470 1253 1505 1306 ad
1521 1253 1677 1307 cenobium
1693 1252 1785 1306 sancti

954 1338 1083 1402 Quintini
1095 1339 1241 1394 deducere
1252 1341 1351 1408 (Fauo.
1365 1357 1404 1408 iv,
1418 1341 1472 1409 16).
1486 1341 1570 1394 Hune
1582 1342 1669 1395 etiam
1680 1341 1787 1395 Hetilo·

954 1442 1021 1481 nam
1030 1428 1201 1498 expetierat,
1212 1435 1243 1482 ut
1252 1429 1285 1482 ad
1295 1430 1392 1498 ipsum
1402 1429 1748 1494 cenobiumoccnrreret,
1759 1433 1787 1483 et

954 1517 1052 1571 tandiu
1069 1533 1136 1571 eum
1151 1533 1237 1572 sacro
1253 1519 1444 1573 comitaretur
1458 1534 1592 1588 corpore,
1610 1519 1705 1572 donec
1719 1518 1785 1587 ipse

954 1605 1080 1660 domnus
1096 1605 1186 1660 Falco
1208 1608 1334 1674 reniret,
1357 1610 1384 1660 et
1403 1607 1542 1662 decenter
1561 1607 1632 1661 illud
1649 1607 1785 1675 excipere

954 1695 1102 1765 usquead
1119 1695 1295 1750 lismensem
1312 1696 1424 1750 valeret
1439 1695 1542 1749 urbem
1563 1695 1719 1762 deducere,
1735 1695 1788 1748 ubi

953 1783 1064 1838 tamdiu
1075 1787 1418 1855 servareturquousque,
1426 1799 1498 1853 pace
1511 1785 1632 1853 reddita,
1641 1783 1705 1837 loco
1714 1799 1785 1852 pro-

955 1873 1028 1942 prio,
1039 1873 1136 1942 ipsius
1146 1873 1291 1928 Hetilonis
1300 1874 1455 1943 parrochia
1465 1874 1521 1927 sito
1533 1871 1578 1941 ¹⁰³,
1590 1872 1704 1926 restitui
1713 1888 1785 1942 pos·

63 1978 154 2017 causa
163 1966 300 2032 excepta,
308 1963 366 2016 nisi
376 1967 486 2017 tantum
495 1962 661 2016 infirmitate
671 1977 822 2032 corporea.
832 1961 900 2015 Per·
913 1970 940 2034 Β
955 1964 1010 2015 set.
1023 1963 1059 2014 ht
1070 1962 1174 2016 llodito
1186 1978 1251 2015 cnm
1263 1962 1418 2016 debuisset
1429 1978 1518 2034 agere
1530 1961 1609 2032 quod
1620 1959 1784 2030 petebatur,

63 2067 154 2105 sonas
165 2053 257 2106 etiam
271 2052 448 2122 premissae,
463 2066 537 2122 quas
547 2066 601 2120 per
613 2050 733 2104 alteram
750 2049 899 2120 signitica-
954 2066 970 2105 e
987 2055 1086 2104 contra
1104 2050 1252 2105 filiationis
1268 2067 1302 2105 ac
1318 2051 1509 2106 fraternitatis
1525 2050 1691 2120 posthabita
1701 2065 1786 2104 reve·

62 2145 146 2194 verat
168 2140 345 2210 epistolam,
372 2140 551 2194 commoneri
575 2139 717 2192 canonice
741 2139 843 2207 laetat,
870 2141 901 2193 ut
954 2140 1062 2209 reatin,
1077 2141 1106 2192 in
1121 2140 1217 2194 medio
1235 2156 1397 2195 occurrens
1411 2141 1468 2194 viae
1479 2144 1506 2195 et
1518 2141 1553 2194 do
1564 2140 1701 2194 manibus
1711 2154 1785 2210 ges·

61 2235 229 2299 preparatae
255 2229 292 2283 ad
314 2229 479 2283 solemnem
498 2231 606 2282 caetum
626 2228 835 2297 episcoporum
852 2227 899 2282 die
952 2229 1074 2283 tantiam
1085 2233 1219 2283 sanctum
1231 2229 1340 2300 pignus
1350 2228 1599 2298 abripiens,npud
1609 2244 1643 2282 se
1651 2228 1785 2296 reposuit

63 2318 175 2386 prefixa
197 2333 232 2370 se
253 2321 389 2390 satagant
408 2320 594 2386 presentare.
615 2316 688 2370 ltem
707 2332 773 2369 cum
791 2317 899 2370 ceteris
953 2317 1055 2374 dicens
1068 2334 1126 2372 non
1138 2318 1208 2372 illud
1223 2333 1256 2372 se
1267 2318 1402 2388 cuiquam
1415 2318 1608 2383 redditurum,
1620 2316 1677 2369 nisi
1689 2315 1784 2369 eidem

63 2406 257 2475 coepiscopis
273 2405 386 2460 Didone
403 2404 610 2474 laudunensi,
636 2403 899 2459 HetiloncNovio-
952 2405 1079 2460 Hetiloni
1104 2407 1134 2459 in
1162 2406 1249 2477 eujus
1272 2407 1482 2460 dinoscebatur
1506 2405 1600 2459 tuisse
1628 2403 1784 2474 parrochia

63 2495 170 2561 mensi,
190 2494 311 2548 liicutto
326 2493 516 2562 suessorum,
530 2493 709 2548 Herimando
725 2492 897 2562 litorinensi,
953 2494 1137 2564 depositum3
1153 2499 1181 2548 et
1195 2496 1252 2548 hec
1268 2496 1363 2565 ipsum
1381 2511 1465 2549 novae
1480 2494 1593 2548 fraudis
1609 2494 1782 2564 argumento

66 2582 206 2636 scribens
223 2582 292 2635 huic
307 2582 420 2653 presuli
435 2582 566 2636 Deditoni
583 2582 745 2654 signifieat,
763 2581 818 2635 hos
834 2598 898 2651 pre·
952 2583 1100 2654 gessisse,
1114 2583 1445 2654 quoralerctpretatum
1459 2599 1567 2652 corpus
1584 2597 1704 2637 sacrum
1719 2580 1783 2634 cni-

64 2672 176 2726 missos
193 2672 222 2724 in
238 2671 345 2725 urbem
363 2672 539 2726 lismensem
557 2672 735 2725 convenisse
751 2670 897 2740 presules,
953 2671 1018 2724 dam
1035 2671 1189 2726 Hucboldo
1202 2673 1298 2727 comiti
1314 2672 1438 2727 tradere.
1451 2672 1595 2737 Quocirca
1608 2671 1690 2742 petiit
1705 2671 1783 2724 bunc
1863 2722 1866 2733 ,

63 2762 96 2814 ad
107 2760 296 2815 tractandum
306 2760 342 2814 de
351 2761 526 2830 pervasione
534 2760 678 2828 Balduini‚
689 2760 725 2813 de
736 2775 793 2830 quo
805 2760 898 2828 scrip·
953 2760 1129 2828 Hetilonem,
1145 2765 1175 2815 ut
1191 2762 1315 2816 missum
1332 2778 1418 2816 suum
1433 2762 1467 2816 ad
1485 2777 1551 2816 eum
1568 2761 1675 2832 dirigat
1690 2763 1719 2814 et
1733 2774 1783 2828 pa·

64 2849 252 2903 serateidem
264 2849 548 2917 Dodilo,admoncre
559 2849 652 2917 illum,
666 2852 696 2901 ut
707 2848 899 2919 resipisceret
953 2851 1035 2903 terno
1050 2866 1084 2904 nc
1100 2851 1229 2905 fraterno
1246 2866 1344 2906 aurore
1365 2852 1462 2920 ipsum
1480 2851 1667 2921 redarguens
1687 2847 1782 2902 corri-

63 2953 177 3007 apraro
187 2936 899 3008 temeritatissuaelastu.Sedquoninmidempre·
952 2941 1011 3010 gat,
1024 2943 1053 2993 et
1070 2941 1097 2992 in
1113 2941 1282 2994 memoriam
1298 2941 1324 2995 ei
1336 2942 1456 2995 revocet
1467 2939 1615 3010 quomodo
1626 2937 1783 3008 religionis

64 3028 107 3080 sul
118 3027 333 3095 rescripserat,
343 3042 504 3081 occurrere
513 3042 546 3080 se
558 3026 671 3081 eisdem
681 3025 854 3097 presulibus
865 3040 898 3078 se
952 3028 1048 3081 solius
1070 3032 1097 3082 et
1117 3029 1199 3096 tidei,
1221 3045 1311 3098 qnam
1332 3029 1361 3083 in
1376 3044 1410 3083 eo
1427 3028 1492 3083 tore
1507 3028 1661 3096 credebat,
1678 3025 1783 3078 intuitu
1837 3060 1840 3067 ·

63 3116 249 3187 nequivisse,
258 3115 332 3185 ‘quia
344 3131 431 3168 suum
446 3116 503 3168 iter
514 3115 744 3169 Nortmanorum
754 3113 899 3184 preripuit
952 3115 1035 3169 illum
1050 3116 1163 3187 absque
1180 3118 1261 3188 regis
1277 3121 1325 3170 aut
1341 3117 1484 3186 principis
1500 3116 1628 3187 atiqu'us
1644 3118 1783 3184 expecta·

65 3205 192 3276 gladius,
205 3220 262 3258 een
272 3204 309 3257 de
319 3203 751 3274 communiconpatiturexitio.
761 3202 898 3257 Ceterum
952 3205 1030 3259 tione
1046 3206 1075 3258 in
1092 3206 1162 3259 sede
1177 3207 1336 3275 pontificati
1351 3206 1513 3270 locaverit;
1530 3207 1704 3275 moneatque
1720 3206 1752 3256 ut
1766 3218 1784 3255 a

65 3294 139 3364 quud
149 3294 280 3364 petierat
294 3292 330 3346 de
345 3292 500 3359 Balduino,
516 3293 546 3346 in
561 3292 618 3347 hoc
634 3292 799 3363 adquiescit
814 3291 850 3360 ei,
869 3294 898 3344 ut
953 3299 1046 3364 coepta
1063 3295 1224 3349 temeritate
1243 3295 1347 3365 pedem
1370 3299 1497 3362 revocet,
1521 3310 1557 3348 ne
1577 3293 1686 3364 aliquid
1704 3292 1783 3345 hune

66 3383 263 3450 admonendo,
276 3381 459 3436 exhortando
476 3386 502 3435 et
519 3381 696 3451 increpando
710 3381 815 3435 sedulo
831 3395 897 3433 eum
953 3384 1077 3438 eundem
1087 3384 1342 3454 archiepiscopum
1355 3386 1455 3438 contra
1467 3399 1510 3453 se,
1521 3383 1599 3454 quod
1611 3383 1688 3437 idem
1698 3380 1782 3449 nolit,

66 3472 218 3541 corripiat,
236 3473 268 3523 ut
282 3487 298 3523 a
314 3486 369 3524 sua
385 3470 551 3540 corrigatur
567 3470 723 3539 pravitate,
740 3468 855 3524 divinas
871 3467 896 3521 ei
952 3487 1041 3544 agere
1058 3473 1212 3543 conpellat,
1231 3473 1315 3527 Hune
1331 3489 1448 3544 quoque
1464 3475 1602 3544 precatur
1618 3470 1784 3524 Hetilonem

67 3575 235 3631 proponens
252 3563 424 3614 sanctorum
440 3560 602 3612 sententias
619 3559 747 3612 Petrum.
770 3558 897 3612 Litteras
952 3562 1071 3631 obnixe,
1082 3578 1117 3616 ne
1127 3562 1167 3615 itti
1179 3578 1337 3617 assensum
1348 3563 1375 3616 iu
1386 3578 1417 3617 re
1428 3562 1477 3616 tali
1488 3562 1619 3632 prebeat,
1632 3557 1784 3630 sedjustae

68 3647 898 3716 etiameidemBalduinoabipsorumepiscoporumparte
952 3651 1027 3719 parti
1053 3651 1081 3705 in
1106 3652 1244 3705 omnibus
1269 3651 1383 3716 lavent,
1409 3655 1437 3705 et
1456 3652 1628 3705 thesaurum
1644 3648 1783 3703 celestem

68 3728 148 3810 dirigi
160 3736 324 3808 signifieat.
336 3736 379 3791 Do
390 3735 500 3807 quibus
518 3737 660 3802 hortatur,
678 3739 708 3788 ut
723 3735 748 3789 si
766 3736 854 3790 luerit
869 3735 897 3787 in
954 3739 1095 3794 ilamensi
1110 3740 1257 3795 oeeclesiae
1282 3757 1297 3793 a
1321 3743 1535 3810 prememorato
1555 3740 1619 3792 viro
1634 3737 1782 3805 traditum,

68 3842 200 3895 presens,
217 3826 247 3879 oi
262 3826 442 3894 recitentur3
459 3826 486 3879 si
501 3825 612 3880 absens
630 3826 726 3892 luerit,
744 3840 897 3894 persuum
953 3828 1019 3881 urbi
1034 3844 1068 3882 ac
1084 3828 1216 3882 basilicae
1232 3829 1328 3899 ipsius
1344 3828 1459 3883 restitui
1475 3844 1532 3882 non
1548 3827 1646 3882 solum
1662 3840 1787 3880 eonsen-

67 3917 308 3970 archidiaconum
317 3915 374 3984 ipsi
386 3915 573 3984 transmittat,
586 3915 634 3984 qui
646 3915 733 3968 etiam
744 3929 795 3968 aas
805 3913 896 3982 illum,
952 3917 1015 3986 tint,
1031 3918 1085 3971 scd
1100 3918 1186 3971 ctiam
1201 3919 1269 3972 totis
1285 3919 1399 3972 virilius
1415 3916 1558 3989 allinunt]

27 4028 32 4039 ·
66 4005 231 4076 intelligere
256 4002 353 4057 iaciat.
375 4001 503 4067 Quodsi
525 4005 553 4057 et
576 4002 711 4058 eumille
732 4002 900 4073 nequiverit
988 4004 1032 4060 61.
1045 4005 1100 4074 (62)
1114 4006 1290 4076 Preccptum
1303 4008 1378 4078 quod
1389 4022 1539 4078 superres
1551 4005 1668 4061 Sanctae
1679 4004 1785 4060 Mariae

65 4095 156 4160 adire,
174 4093 293 4147 litteras
309 4093 373 4162 ipse
386 4093 506 4162 publico
526 4107 624 4146 coram
641 4108 674 4146 se
691 4092 751 4163 legi
765 4092 853 4146 iaciat
869 4092 898 4145 in
954 4093 1785 4165 abArnuliorcgedrmariobtinuit.Deniqueaecclesiam
1817 4090 1820 4095 ’

63 4182 123 4238 loco
133 4182 189 4237 ubi
202 4181 368 4235 Balduinus
380 4181 553 4253 religionem
565 4181 706 4250 pervasit,
719 4184 747 4235 et
757 4180 898 4249 deinceps
954 4199 1069 4237 summo
1085 4182 1185 4237 labore
1202 4183 1391 4254 gubernans,
1409 4183 1508 4237 multis
1525 4181 1784 4235 commoditatibus

63 4272 113 4326 nisi
124 4270 304 4340 resipuerit,
315 4285 373 4325 non
389 4269 416 4324 ei
431 4271 478 4324 vel
493 4270 657 4324 monachus
672 4270 720 4324 vel
735 4269 898 4324 canonicus
954 4273 1067 4327 munire
1088 4273 1229 4326 exercuit.
1248 4273 1298 4326 ltlo
1320 4274 1408 4326 etiam
1429 4274 1545 4340 petente
1565 4269 1711 4323 Arnultus
1731 4283 1784 4324 rea

64 4363 103 4415 ret
126 4360 259 4432 quilibet
281 4359 336 4413 rite
361 4358 549 4413 Christianus
574 4359 770 4430 adjungatur,
793 4359 820 4413 si
840 4373 898 4411 non
953 4356 1785 4432 preceptnmimmunitetisliujusrnodisanetaelieigeni-

64 4449 260 4504 anathematis
282 4447 401 4501 viuculo
427 4447 570 4517 implicari
594 4448 728 4502 veltrarii.
745 4447 776 4502 Si
801 4448 897 4502 Hetilo
953 4452 1037 4506 tricis
1058 4451 1204 4505 aecclesiae
1225 4451 1368 4519 scriptum
1386 4449 1560 4503 roboravit:
1587 4445 1784 4502 «innomine

65 4553 181 4609 qnoque
196 4537 234 4590 ad
248 4536 394 4590 civitatem
405 4536 595 4590 adtrabatem
607 4537 731 4606 venerit,
742 4536 846 4592 Dodilo
856 4537 897 4591 itti
954 4541 1068 4594 Domini
1084 4539 1178 4594 nostri
1195 4544 1222 4594 et
1238 4539 1398 4594 salvatoris
1415 4539 1488 4593 iesu
1502 4538 1624 4607 Christi,
1641 4535 1784 4591 Arnulius

64 4631 199 4681 occurrat
216 4628 248 4678 ut
263 4624 299 4678 de
315 4625 370 4677 hac
388 4640 418 4678 re
436 4625 514 4695 quod
534 4626 681 4695 agendum
697 4629 743 4680 cst
757 4627 898 4680 canonice
953 4629 1052 4683 ‹livina
1068 4629 1161 4700 gratia
1176 4644 1240 4682 rex.
1258 4626 1330 4683 Cum
1350 4627 1541 4699 petitionibus
1560 4640 1716 4681 servomm
1732 4622 1785 4678 Dei

64 4730 207 4786 peragere
219 4714 348 4783 possint,
362 4718 390 4767 ct
400 4713 542 4783 quidquid
559 4715 624 4768 iude
639 4715 773 4784 iecerint,
791 4715 898 4769 litteris
949 4718 1043 4789 justis
1059 4722 1086 4771 et
1102 4717 1296 4772 rationalibus
1311 4718 1404 4771 divini
1419 4718 1625 4772 cultusamoro
1637 4714 1783 4777 iuvemus,

65 4805 115 4857 nbi
130 4802 298 4873 significet.
316 4801 443 4855 Hetiloni
460 4802 572 4870 presuli
587 4803 692 4856 litteris
710 4804 845 4873 mandat,
868 4807 899 4858 ut
954 4822 1084 4875 superna
1100 4806 1192 4877 gratia
1208 4822 1263 4860 uos
1281 4806 1389 4860 muniri
1403 4821 1461 4859 non
1473 4804 1645 4859 diffidimus.
1660 4801 1785 4856 Proinde

65 4892 274 4960 proficiscatur
298 4872 364 4941 cum
387 4889 525 4943 latialibus
551 4891 632 4961 regis
656 4891 691 4944 ad
716 4893 894 4961 Atrebatem,
912 4925 938 4985 D
954 4896 1069 4949 noverit
1088 4895 1234 4949 industria
1257 4911 1312 4950 seu
1331 4895 1480 4966 sagacitas
1501 4892 1631 4946 omnium
1655 4890 1786 4945 tidelium

65 4996 152 5051 agens
167 4992 340 5047 proposse,
353 4977 430 5047 quod
443 4978 473 5031 in
489 4978 545 5033 alio
557 4981 668 5050 scripto
680 4981 827 5051 agendum
839 4982 898 5034 sibi
953 4980 1784 5053 nostrorum,tnmpraesentiumquametfuturorum,quia

66 5068 189 5137 repperit
200 5065 414 5136 significatum.
431 5065 502 5120 Item
515 5082 568 5135 pro
583 5067 715 5140 his,quae
727 5084 744 5122 a
755 5069 897 5124 Dodilone
953 5074 999 5126 vir
1013 5073 1193 5127 venerabilis
1209 5073 1324 5142 Dodilo,
1336 5071 1561 5126 Cameracensis
1576 5071 1661 5126 urbis
1673 5072 1786 5142 episco-

66 5155 898 5230 t'ameraceneipatiebaturepiscopo,asserensquomo·

66 5245 96 5299 to
107 5263 163 5316 pro
171 5244 341 5300 benefactis
353 5244 389 5299 ab
399 5261 434 5300 eo
446 5245 504 5299 sibi
513 5248 726 5302 contumeliosa
736 5247 900 5302 retribuan-

66 5340 117 5404 tur,
130 5335 372 5404 adsciscensque
387 5333 465 5389 bunc
477 5333 535 5388 sibi
546 5339 661 5403 testem,
674 5337 802 5407 qualiter
814 5353 898 5392 eum-

67 5423 127 5477 dem
148 5423 328 5478 Deditonem
349 5423 471 5490 paterno
496 5424 683 5495 simplicique
707 5426 898 5496 benignitatis

953 5178 1029 5232 pus,
1052 5162 1155 5217 obtulit
1175 5160 1327 5216 obtutibus
1346 5160 1459 5215 nostris
1479 5160 1671 5215 immunitatis
1690 5162 1784 5215 beatae

954 5252 1104 5306 memoriae
1124 5254 1348 5305 antecessorum
1359 5255 1542 5320 nostrorum,
1553 5250 1636 5323 regis
1647 5249 1785 5304 videlicet

953 5340 1049 5410 Pipini
1063 5355 1097 5394 ac
1110 5339 1319 5409 imperatorum
1330 5339 1430 5393 Karoli
1442 5339 1541 5411 Magni
1553 5354 1608 5393 seu
1618 5337 1783 5403 Ludowici,

953 5428 983 5481 in
1002 5430 1112 5500 quihus
1132 5429 1336 5483 continebatur
1355 5430 1499 5485 insertum
1518 5428 1645 5499 qualiter
1659 5426 1784 5497 predicti

722 5572 869 5635 VARIAE
893 5575 1125 5637 LECTIONES

51 5792 57 5803 ι
96 5724 135 5768 tl!
148 5724 292 5798 ejnadm
306 5725 334 5780 1.
351 5718 392 5768 ¹⁰⁸
406 5723 491 5782 deest
504 5729 602 5801 spatio
615 5727 725 5785 relicto
740 5728 766 5784 1.
783 5728 810 5783 3.
