3900 6112
111 253 161 319 373
445 254 549 319 VITA
570 255 605 320 S.
627 255 821 324 ELPHEGI.
846 295 883 308 -
906 251 1260 330 OBsERVATlONES
1280 265 1479 332 PRAEVIAE.
1763 269 1822 332 374

109 457 345 531 amymlegium
359 461 388 514 et
401 457 637 530 Benedictinum,
656 461 821 517 Romanum
838 447 974 532 etiamst
991 465 1116 538 loquens
1131 466 1203 521 dixit
1218 469 1262 523 ei:
1282 491 1293 516 ιι
1311 471 1399 543 Angli
1414 473 1474 543 isti,
1489 473 1565 529 inter
1579 491 1655 547 quos
1671 475 1818 546 degimus

107 546 290 602 Galesianum
299 550 328 602 et
341 547 398 602 aliu
408 562 475 620 quae
488 552 557 618 post
572 551 715 605 saeculum
724 569 753 606 xr
764 553 932 622 conscripta
996 577 1007 605 ι
1028 555 1217 611 instituerunt
1233 558 1289 611 sibi
1302 560 1445 629 quosdam
1457 578 1532 633 quos
1543 565 1672 618 colerent
1683 565 1818 617 sanctos:

103 640 178 704 eunt,
201 639 429 707 repraesentant
447 637 535 709 idque
552 638 598 692 die
624 639 657 693 le
672 640 795 710 Aprilis,
812 642 861 712 qui
877 642 936 712 ipsi
995 665 1006 690 ιι
1027 645 1182 714 dequibus
1197 661 1263 700 cum
1279 648 1435 717 aliquando
1457 652 1506 721 qui
1522 651 1639 718 tuerint,
1654 652 1820 727 secundum

104 740 260 796 supremus
271 725 333 780 luit.
350 724 426 796 Ejus
443 742 513 781 vero
527 727 730 784 translationis
740 729 851 785 festum
862 732 908 786 die
919 732 936 785 8

104 814 181 871 iunii
194 814 351 886 consignat
366 814 520 870 Osbernus
536 816 602 886 ipse
618 817 648 871 in
663 819 866 874 translationis
886 821 936 874 lli-

108 904 203 959 etoria.
215 901 299 973 Apud
307 903 471 959 Germanos
482 920 539 959 non
552 905 685 978 ignotum
696 906 792 961 tuisse
803 910 886 979 pater
896 926 934 964 ex

111 993 170 1064 ejus
184 993 282 1065 elogio
298 993 375 1064 quud
384 992 564 1048 'l'rithemius
575 995 604 1048 in
615 1010 690 1049 nova
702 995 830 1051 editione
841 997 937 1054 Chro-

69 1106 73 1113 ·
112 1083 164 1136 uici
176 1082 402 1154 llirsaugiensis
418 1083 543 1137 inseruit
562 1083 598 1137 ad
613 1100 722 1140 annum
743 1084 822 1141 1015.
847 1088 935 1143 Anno

116 1172 239 1242 sequenti
254 1170 411 1241 consignat
425 1170 493 1241 ejus
503 1173 674 1243 martyrium
689 1173 828 1230 Chronici
843 1175 936 1232 Saxo·

120 1259 168 1312 uici
180 1259 242 1313 sire
258 1258 529 1330 Magdaburgensis
544 1263 657 1330 auctor,
667 1261 718 1316 ubi
728 1263 846 1318 beatum
858 1266 936 1320 bunc

123 1348 202 1401 airum
215 1349 383 1419 nescioquo
395 1349 509 1403 ratione
520 1347 646 1404 Dustein
659 1351 799 1421 appellat;
810 1354 855 1407 sic
866 1369 936 1410 vero

127 1435 207 1490 hahet:
226 1458 236 1481 ι
249 1435 358 1490 Eodem
373 1439 505 1506 tempore
517 1436 702 1507 Nortmanni,
720 1439 794 1494 duce
804 1441 935 1513 Turkilo,

131 1524 268 1578 Caelueriae
292 1524 420 1578 civitatis
440 1525 595 1596 egregium
623 1527 793 1597 antistitem,
818 1531 936 1586 nomine

134 1613 932 1683 bustain,captumcumcaeteris,vinculisetinediamora

135 1716 171 1754 suo
180 1703 329 1756 crudeliter
337 1702 552 1757 exstinxerunt.
562 1702 617 1768 Qui
628 1704 753 1759 humana
766 1710 861 1761 motus
872 1707 933 1760 ira-

992 754 1003 780 ιι
1026 733 1104 804 quod
1114 733 1231 803 ipsimet
1241 735 1380 806 referunt,
1390 741 1485 791 mente
1497 740 1626 805 revolvo,
1638 740 1673 793 da
1682 741 1819 794 sanctita-

993 843 1003 867 ιι
1025 822 1063 875 tis
1093 837 1195 875 eorum
1223 824 1325 878 merito
1350 826 1516 879 animumn
1540 827 1686 881 duliietate
1702 828 1820 882 flectere

994 933 1005 957 ι
1026 925 1151 981 nequeo.
1178 910 1214 964 Et
1238 926 1307 966 ecce
1325 929 1402 967 unus
1420 914 1535 967 illorum
1551 916 1641 968 estin
1657 917 1757 969 sancta
1773 917 1820 969 cui

993 1021 1003 1044 ιι
1026 1014 1113 1066 nunc,
1130 999 1189 1053 lleo
1205 1002 1333 1068 auctore,
1349 1002 1546 1071 praesidemus
1562 1004 1633 1058 sede
1648 1005 1819 1074 quiescenS,

994 1108 1005 1133 ι
1026 1086 1178 1157 Elphegus
1190 1088 1316 1155 nomine,
1329 1089 1374 1143 vir
1388 1089 1484 1144 bonus
1500 1091 1627 1161 quidem,
1641 1096 1669 1146 et
1680 1108 1734 1146 suo
1745 1095 1819 1146 tem-

992 1197 1003 1221 ι
1025 1190 1095 1246 pore
1111 1175 1216 1246 gradui
1229 1176 1503 1247 archiepiscopatus
1515 1181 1682 1248 praesidens
1698 1181 1818 1235 ibidem.

993 1283 1004 1312 ι
1026 1264 1111 1318 Hunc
1134 1279 1192 1318 non
1214 1265 1300 1318 modo
1324 1265 1400 1320 inter
1425 1269 1820 1335 sanctoS,ve1·umetinter
1917 1281 1922 1290 ·

994 1374 1005 1399 ι
1026 1355 1820 1424 martyresnumerant31iceteumnonprocouiessiene

993 1463 1004 1487 ι
1026 1441 1153 1495 nominis
1162 1440 1343 1511 Christi,sed
1352 1443 1420 1512 quia
1430 1459 1462 1496 se
1474 1445 1597 1512 pecunia
1607 1445 1753 1499 redimere
1761 1461 1820 1501 non

991 1550 1003 1576 ι
1024 1530 1126 1599 voluit,
1142 1530 1272 1584 occisum
1293 1547 1352 1585 non
1368 1535 1486 1602 negent.
1503 1532 1577 1586 Nam
1594 1548 1659 1586 cum
1678 1533 1770 1602 illum,
1787 1537 1820 1587 ut
1923 1528 1924 1531 ’

992 1639 1003 1664 ι
1025 1619 1126 1673 verbis
1142 1622 1205 1673 utar
1221 1619 1394 1690 Anglorum,
1412 1621 1509 1675 aemuli
1525 1621 1591 1691 ejus
1607 1625 1635 1675 et
1645 1623 1757 1675 inimici
1770 1623 1821 1677 llei

993 1729 1004 1754 ιι
1026 1707 1133 1779 pagani
1148 1708 1308 1777 cepissent,
1325 1713 1353 1762 et
1363 1712 1459 1764 tamen
1470 1725 1523 1780 pro
1538 1710 1823 1765 reverentiailliusei

137 1790 386 1861 p'litete,pecuniam
411 1792 557 1860 promisit,
570 1793 739 1848 etinducias
749 1799 894 1866 poposcit,
906 1801 972 1883 utB
991 1817 1002 1842 ι
1019 1797 1823 1867 potestatemseredimendiconcessissent,immensum

138 1878 155 1930 si
161 1878 337 1949 redemptione
348 1880 650 1951 acceptabilimortem
662 1883 788 1938 evadere
797 1901 855 1939 non
867 1901 937 1954 pos·

991 1907 1001 1931 ι
1022 1901 1079 1956 pro
1091 1886 1147 1939 hoc
1158 1885 1194 1938 ab
1206 1901 1240 1939 eo
1252 1886 1404 1955 pecuniam
1414 1888 1634 1957 expetiverunt,·
1650 1904 1738 1958 quum
1753 1889 1822 1959 qnia

141 1972 182 2031 set,
198 1969 381 2039 semetipsum
404 1969 565 2041 gemitibus
585 1976 736 2043 purgaret.
761 1973 935 2029 Transactis

140 2054 240 2123 induciis,
250 2057 429 2126 promissum
440 2058 633 2128 poscentibus
644 2061 697 2115 ait:
713 2083 724 2107 ιι
732 2062 847 2117 Praesto
857 2080 933 2132 sum,

142 2170 149 2196 ι
163 2156 255 2219 paratus
270 2152 306 2205 ad
321 2153 417 2207 omnia
432 2167 485 2223 pro
501 2150 611 2207 Christi
627 2170 737 2226 amore,
759 2160 790 2210 ut
811 2173 936 2212 suorum

991 1997 1002 2021 ι
1024 1975 1104 2030 nullo
1128 1977 1213 2044 pacto
1233 1976 1346 2044 poterut
1369 1976 1488 2045 habere,
1505 1977 1563 2029 nisi
1586 1976 1721 2031 homines
1747 1993 1821 2032 suos

991 2085 1002 2110 ι
1024 2078 1126 2118 eorum
1147 2064 1271 2133 pecunia
1292 2065 1441 2133 spoliaret,
1464 2069 1491 2119 et
1516 2065 1674 2120 nonnullos
1695 2066 1820 2120 forsitan

992 2173 1002 2200 ι
1025 2152 1131 2206 invisae
1140 2151 1510 2225 mendicitatisubjugaret,
1521 2153 1820 2224 elegitvitamperde-

140 2253 288 2294 *Servorum
312 2241 479 2311 exemplum
504 2256 619 2296 mepegp
638 2242 712 2297 ssepi,
729 2244 813 2309 Quod
839 2250 936 2301 autem
992 2264 1003 2288 n
1025 2256 1159 2310 requam
1176 2241 1405 2295 etlmtallllwdo
1422 2241 1823 2313 custodire.Quidhincigi-

141 2327 225 2382 ·rebis
248 2329 372 2384 mendax
393 2329 504 2397 videor,
531 2346 589 2384 nou
615 2330 752 2387 voluntas
782 2350 857 2401 mea,
883 2337 936 2391 sed
993 2351 1004 2376 ι
1026 2333 1072 2382 tur
1087 2334 1136 2383 tua
1150 2328 1319 2383 fraternitas
1336 2330 1452 2397 sentiat,
1470 2330 1571 2383 audire
1587 2330 1736 2384 desidero.
1755 2354 1766 2377 ι»
1786 2331 1822 2386 Et

140 2421 256 2486 regestas
278 2417 413 2472 effecit.»
441 2418 502 2473 lllis
528 2419 723 2476 saevientibus
749 2422 809 2476 drrx
832 2423 935 2478 Turkil
989 2416 1820 2489 quidemillc,sieutinovushngliaecivis,heecsumma-

137 2518 248 2561 accurens
264 2508 376 2578 inquit:
395 2530 406 2555 ι
424 2508 478 2574 Ne,
496 2523 609 2578 quaeso,
623 2509 749 2577 faciatis,
763 2512 936 2582 omniaquae
988 2506 1040 2560 tim
1055 2506 1261 2577 perstringens
1277 2507 1417 2561 Anselmo
1434 2508 1595 2575 proposuit.

138 2615 145 2633 ι
160 2591 243 2664 haheo,
261 2600 384 2666 excepta
400 2596 477 2665 naui,
490 2611 526 2650 ne
541 2596 570 2650 in
580 2597 731 2652 Christum
742 2600 857 2654 Domini
868 2617 935 2670 pec·
1023 2594 1050 2649 4.
1067 2596 1202 2649 Attamen
1217 2610 1337 2648 causam
1353 2595 1435 2649 neeis
1451 2595 1529 2649 beati
1542 2595 1668 2668 lilphegi
1683 2596 1819 2651 historia-

136 2684 223 2752 reetis,
235 2685 330 2739 libens
347 2685 439 2739 trado.
455 2686 516 2739 »nt
531 2685 573 2739 illi
589 2685 716 2741 effrenes
732 2688 821 2742 boum
837 2690 937 2759 capiti·
989 2684 1055 2738 liter
1069 2685 1215 2739 intuentes
1230 2685 1365 2740 ridemus
1382 2702 1439 2739 non
1456 2686 1534 2739 illam
1549 2686 1653 2754 solam,
1672 2687 1723 2741 sed
1735 2687 1820 2740 aliam

133 2768 204 2826 huset
226 2773 353 2845 lapidum
376 2773 522 2828 imbribus
546 2775 735 2831 innocentem
756 2779 934 2849 sanguinem
989 2773 1084 2828 fuisse
1101 2775 1156 2827 ista
1181 2774 1386 2844 antiquiorem.
1403 2775 1535 2847 Denique
1551 2792 1608 2829 non
1629 2775 1695 2830 ideo
1711 2778 1822 2830 tantum

132 2856 264 2916 claudunt.
282 2861 443 2932 Statimque
454 2862 578 2917 unusde
594 2863 774 2934 primiceriis
790 2866 936 2921 membris
990 2862 1057 2933 quia
1073 2878 1106 2916 se
1122 2861 1261 2932 peccunia
1283 2864 1428 2917 redimere
1450 2863 1551 2932 noluit,
1568 2864 1621 2918 sed
1645 2866 1733 2919 etiam
1753 2867 1822 2937 quia

131 2945 211 3004 debilis
222 2949 355 3020 allectus,
365 2951 485 3021 agnovit
495 2938 702 3023 in'semetipso
713 2954 791 3023 quod
802 2955 935 3024 peccauit
988 2951 1113 3022 paganis
1128 2951 1371 3018 persecutoribus
1388 2952 1463 3021 suis,
1476 2952 1623 3006 civitatem
1633 2953 1819 3007 Cantuariam

125 3034 200 3093 inDei
215 3039 344 3094 electo.»
363 3038 505 3109 Ejusdem
522 3041 615 3094 sancti
631 3041 685 3095 viri
697 3042 857 3098 meminere
874 3059 934 3098 om·
988 3042 1017 3092 et
1040 3038 1198 3093 ecclesiam
1213 3037 1323 3093 Christi
1349 3039 1378 3092 iu
1399 3055 1433 3094 ea
1449 3040 1533 3094 sitam
1549 3041 1819 3111 conorcmantibuS,

124 3140 171 3194 rea,
184 3133 323 3200 quotquot
335 3129 437 3199 sciam,
449 3129 605 3201 hnglicani
617 3131 792 3201 scriptores,
806 3133 854 3201 qui
868 3132 935 3203 ejus
989 3127 1130 3197 ciuesque
1145 3142 1218 3181 suos
1233 3128 1324 3181 atroci
1341 3132 1432 3181 morte
1449 3129 1633 3197 necantibus,
1652 3128 1821 3184 Christiana

121 3215 176 3270 dcta
190 3234 225 3273 ex
239 3218 373 3273 Osberno
388 3218 633 3288 desumpserunt;
648 3219 677 3276 si
693 3219 763 3289 quid
780 3221 815 3274 de
832 3224 934 3276 saneto
948 3169 976 3240 ⁰
989 3214 1120 3270 libertate
1131 3216 1291 3284 obsistere,
1305 3231 1441 3288 eosquea
1454 3217 1685 3272 suainfidclitate
1697 3234 1821 3273 conver-

118 3306 235 3380 Elphego
250 3308 279 3362 in
289 3309 336 3362 his
345 3308 475 3363 occurrit
488 3308 632 3378 singulari
647 3309 787 3363 memoria
801 3309 934 3383 dignum,
989 3308 1049 3359 tere
1060 3305 1145 3359 nisus
1156 3309 1211 3371 est,
1225 3304 1260 3358 ab
1272 3306 1316 3359 eis
1329 3307 1432 3374 captus
1443 3309 1471 3360 et
1480 3306 1591 3359 erudeli
1603 3308 1820 3363 exanimatione

115 3396 363 3467 illudpermodum
374 3396 538 3451 notularum
550 3397 586 3450 ad
597 3396 664 3468 ejus
675 3397 769 3452 l’itam
781 3398 934 3454 exhibebi·
989 3396 1036 3448 est
1054 3395 1184 3448 occisus,
1206 3392 1264 3447 Sed
1289 3394 1458 3462 AnselmuS,
1484 3399 1514 3448 ut
1535 3396 1580 3448 vir
1595 3396 1736 3465 prudens,
1753 3395 1818 3451 viro

112 3485 936 3558 nusHicmoneresuificiatsanctumElphcgumcouci·
988 3483 1124 3553 prudenti
1150 3481 1235 3553 juxta
1263 3482 1523 3554 interrogationem
1551 3484 1608 3537 sibi
1636 3485 1819 3554 propositam

111 3572 142 3629 lio
156 3574 355 3627 AEnhamensi
374 3573 507 3645 generali
523 3574 614 3629 totius
630 3574 746 3646 Angliee
761 3576 932 3645 praefuisse,
991 3571 1164 3641 simpliciter
1178 3572 1216 3624 ila
1231 3572 1392 3641 respondit,
1409 3572 1526 3626 dicens:
1545 3595 1555 3618 ιι
1571 3572 1669 3626 Palam
1685 3575 1822 3644 estquod

110 3664 180 3734 quod
205 3661 263 3717 snb
278 3661 453 3717 AEthalredo
469 3677 540 3734 rege
561 3662 607 3716 die
622 3664 725 3717 sancto
740 3663 934 3719 Pentecosees
992 3682 1002 3706 ι
1024 3660 1051 3714 is
1075 3661 1124 3731 qui
1150 3676 1185 3715 ne
1207 3660 1272 3714 leve
1294 3661 1412 3731 quidem
1436 3664 1536 3716 contra
1560 3661 1652 3715 Deum
1667 3665 1820 3731 peccatum

108 3749 233 3806 habitum
243 3752 310 3821 iuit3
321 3751 358 3805 ad
368 3751 447 3822 quod
457 3751 539 3823 regis
550 3751 656 3818 edicto,
669 3766 727 3805 non
739 3753 835 3807 solum
844 3754 934 3808 totius
991 3770 1002 3794 ιι
1024 3749 1163 3817 admittat,
1172 3749 1245 3803 mori
1254 3764 1310 3803 non
1322 3749 1752 3819 dubitat,multomaximemori
1761 3766 1820 3805 non

109 3841 186 3912 regni
201 3840 345 3911 episcopi,
362 3841 415 3894 sed
429 3842 458 3894 et
470 3839 532 3894 allii
553 3841 707 3910 optimates
724 3845 932 3909 convenerant,

111 3928 156 3982 ubi
168 3930 258 3983 multa
267 3929 303 3982 nd
314 3928 501 3998 disciplinam
511 3928 745 3983 ecclesiasticam
756 3933 835 3984 recte
847 3930 934 3983 insti-

113 4018 240 4072 tuendam
249 4019 357 4072 statuta
366 4019 444 4087 sunt,
455 4033 521 4088 quae
532 4018 608 4086 apud
624 4017 843 4088 Spelmannum,
855 4022 934 4072 tomo

992 3949 1002 3975 ι
1024 3928 1224 3982 exacerbaret.
1242 3926 1277 3980 Et
1288 3942 1393 3982 revera
1404 3928 1527 3999 gravius
1538 3931 1691 3998 peccatum
1705 3928 1822 3984 videtur

991 4039 1002 4064 a
1025 4030 1094 4070 esse
1108 4015 1258 4070 Christum
1267 4031 1387 4087 negare,
1399 4033 1487 4087 quam
1498 4018 1657 4087 quemlibet
1667 4019 1821 4074 terrenum

114 4103 324 4161 lCouciliorum
339 4106 455 4178 Angliae
469 4107 625 4175 habentur,
649 4109 675 4160 et
691 4107 720 4161 in
734 4106 933 4163 Conciliorum
992 4127 1002 4151 ιι
1020 4105 1820 4175 dominum,proredemptioneriteesuae,hominessuos

120 4195 288 4261 generalium
302 4195 414 4250 Labbei
425 4197 504 4249 tomo
521 4194 571 4249 [Χ.
627 4233 629 4237 ψ
992 4217 1003 4240 ιι
1025 4209 1078 4264 per
1093 4193 1267 4247 ablationem
1279 4192 1538 4263 pecuniaeillorum
1548 4193 1584 4245 ad
1594 4194 1741 4248 modicum
1752 4210 1822 4266 gra·

147 4278 168 4334 3.
183 4283 286 4350 Nemo,
303 4283 460 4354 utquidcm
476 4285 547 4337 mihi
561 4284 688 4352 videtur,
701 4284 826 4339 inficiari
837 4288 934 4355 potest
993 4304 1003 4330 ι
1024 4281 1465 4352 vare3sedhocquodminusest
1475 4281 1627 4352 Elphegus
1637 4282 1731 4336 noluit
1741 4281 1820 4337 iace·

124 4375 236 4425 sanetum
250 4370 936 4444 Elphcguminterverosmartpresesserecen·
992 4392 1003 4421 r
1024 4354 1662 4442 re,lttultoigiturminusChr·istumnegaret,
1674 4371 1821 4425 sivesana

125 4459 238 4529 seudum,
250 4463 408 4530 postquam
424 4464 548 4515 sanctus
560 4461 720 4517 anselmus
730 4463 867 4533 probavit
878 4478 935 4516 non
991 4482 1002 4506 ι
1025 4475 1129 4514 manus
1145 4475 1211 4514 eum
1227 4459 1262 4512 ad
1278 4459 1334 4513 hoc
1350 4464 1473 4514 mortem
1490 4460 1658 4514 intentando
1670 4459 1820 4514 constrin-

125 4544 200 4602 fflinus
214 4550 271 4619 ipsi
288 4564 376 4620 quam
398 4551 501 4603 sancto
517 4550 623 4604 loanni
639 4551 780 4620 baptistae
795 4552 933 4622 martyris
947 4529 1003 4600 D«
1024 4551 1116 4620 geret.
1141 4549 1225 4603 Unde
1246 4549 1331 4603 detur
1354 4549 1488 4621 intelligi,
1510 4548 1613 4603 miram
1634 4552 1737 4618 pectus
1753 4547 1820 4618 ejus

125 4628 216 4691 titulum
232 4637 344 4692 deberi.
369 4636 400 4691 ld
415 4636 513 4692 fusius
536 4645 635 4693 narrat
657 4639 820 4694 Eadmerus
836 4640 910 4694 libro
927 4657 935 4692 ι
991 4661 1001 4686 ιι
1020 4637 1165 4709 justitiam
1182 4638 1367 4708 possedisse,
1384 4640 1501 4709 qnando
1519 4640 1607 4692 vitam
1618 4655 1702 4692 suam
1718 4637 1821 4690 maluit

125 4713 154 4772 De
170 4728 223 4780 uita
249 4726 346 4781 sancti
370 4727 514 4796 huselmi,
538 4727 627 4798 cujus
642 4729 733 4784 verba
746 4729 804 4784 huc
820 4729 935 4784 reterre
991 4749 1002 4774 ι
1023 4726 1818 4798 dere,quam,spretacharitatc‚proximossuosscan-

121 4805 197 4868 visam
210 4820 267 4883 est,
279 4819 377 4885 utpote
388 4830 405 4867 a
415 4815 727 4886 multispraetermissa
740 4834 745 4871 :
760 4834 827 4889 quae
839 4822 936 4873 lamen
992 4837 1003 4862 ιι
1025 4815 1160 4870 dnlizare.
1178 4814 1374 4879 Quamobrem
1388 4817 1476 4888 longe
1494 4816 1547 4870 tuit
1570 4816 1605 4870 ab
1625 4831 1660 4869 eo
1678 4814 1751 4869 illud
1766 4814 1819 4870 Vae

991 3860 1002 3884 ιι
1024 3838 1179 3906 dubitaret,
1196 3838 1369 3908 priusquam
1384 3839 1482 3910 aliquo
1497 3839 1584 3910 gravi
1595 3841 1715 3909 peceato
1727 3840 1822 3895 Deum
1924 3869 1929 3874 ·

123 4904 226 4960 brume
242 4906 278 4960 ad
302 4905 397 4959 sancti
412 4904 504 4977 huJ'us
521 4906 660 4960 antistitis
677 4905 801 4977 gloriam
817 4907 934 4962 cedunt.

122 4977 157 5043 Sic
177 4995 273 5066 itaque
289 5009 352 5049 rem
376 4997 492 5050 narrat:
520 5016 530 5040 ιι
554 4994 623 5049 Erat
638 4995 822 5050 Lanirancus
839 4996 935 5050 adhue

120 5083 934 5156 quasirudisanglus,necdumquesnderaneanimoejus

118 5173 234 5232 trenam
257 5173 469 5243 institutiones,
491 5189 565 5244 quas
583 5174 739 5242 reperierat
764 5174 793 5226 in
817 5173 930 5245 anglia.

117 5248 286 5333 Quapropter
297 5261 507 5332 compluresde
519 5262 577 5316 ilhs
588 5278 695 5334 magna
702 5262 795 5317 fretus
807 5264 931 5332 ratione,

116 5343 162 5405 ium
176 5351 322 5422 quasdam
338 5351 459 5405 mutavit
475 5351 538 5405 sola
548 5351 731 5407 auctoritatis
745 5367 809 5407 suae
824 5352 934 5407 delibe-

114 5439 225 5495 tatione.
236 5440 337 5510 ltaque
361 5439 430 5494 dum
451 5439 568 5494 illarum
584 5441 737 5495 mutationi
760 5441 934 5507 intenderet,

111 5528 308 5585 ethnselmum
317 5528 494 5583 unamimem
505 5529 619 5583 scilicet
633 5529 760 5585 amicum
775 5534 804 5584 et
813 5529 935 5585 tratrem

110 5627 202 5672 tecum
227 5616 361 5689 haberet,
391 5617 517 5689 quadam
545 5616 592 5673 die
616 5618 790 5675 familiarius
811 5633 878 5674 eum
901 5631 935 5674 eo

992 4925 1004 4956 ι
1026 4905 1104 4977 qued
1120 4905 1262 4960 Dominus
1279 4905 1405 4960 minatur
1426 4905 1452 4959 ei
1477 4919 1632 4975 perquem
1647 4904 1820 4959 scandalum

992 5017 1003 5042 «ι
1026 4995 1114 5049 venit.
1125 4995 1188 5049 Nec
1202 4994 1356 5063 immerito,
1369 4998 1399 5047 ut
1408 5008 1483 5057 reor,
1496 4993 1572 5046 inter
1582 4995 1726 5065 martyres
1741 5009 1820 5048 com·

993 5086 1152 5153 «putatur,
1178 5084 1228 5152 qui
1257 5098 1310 5152 pro
1334 5085 1411 5136 tanta
1431 5082 1548 5154 Justitia
1573 5085 1697 5137 mortem
1713 5086 1819 5153 sponte

993 5194 1004 5223 ι
1026 5172 1207 5227 sustinuisse
1223 5171 1367 5226 ueraciter
1380 5170 1569 5241 praedicatur.
1582 5171 1657 5227 Nam
1671 5174 1701 5227 et
1713 5171 1820 5227 beatus

993 5282 1004 5311 a
1026 5262 1157 5316 loannes
1173 5260 1316 5330 Baptista,
1331 5262 1382 5331 qui
1399 5261 1567 5332 praecipuus
1579 5262 1688 5333 martyr
1698 5263 1821 5334 etvene·

993 5372 1004 5401 ι
1025 5339 1108 5404 ratur
1131 5353 1159 5403 et
1173 5348 1333 5403 creditura
1359 5351 1420 5404 tota
1435 5348 1488 5404 Dei
1506 5349 1652 5421 Ecclesia,
1678 5351 1820 5423 nunquia

993 5462 1004 5486 ιι
1026 5437 1175 5493 Christum
1190 5441 1322 5508 negaret,
1339 5437 1392 5492 sed
1408 5438 1476 5508 quia
1487 5439 1640 5493 veritatem
1653 5441 1752 5494 tacere
1769 5454 1819 5493 no·

994 5550 1004 5573 ιι
1025 5527 1087 5595 luit,
1115 5527 1235 5581 occisus
1260 5528 1314 5580 est.
1339 5525 1374 5581 Et
1394 5526 1465 5598 quid
1479 5529 1567 5583 distat
1585 5528 1751 5583 intermori
1766 5542 1818 5596 pro

991 5639 1002 5664 ι
1021 5615 1147 5687 justitia,
1176 5618 1204 5670 et
1225 5614 1298 5670 mori
1319 5630 1372 5686 pro
1396 5617 1541 5673 veritate?
1572 5616 1719 5689 Amplius,
1740 5630 1819 5685 cum,

1791 5668 1853 5756 1
