3900 6112
173 314 231 379 DE
255 311 386 378 stheus
409 309 555 375 GESTIS
576 305 805 376 NORMANN.
827 306 865 370 Ill
888 303 1052 383 SICILIA,
1077 304 1166 368 ETC.
1187 340 1223 351 -
1239 305 1313 367 LIB.
1335 305 1359 369 1.
1551 304 1631 369 toas

87 528 136 571 lon
150 513 271 583 dedero,
289 527 336 568 me
352 527 410 567 nou
424 511 495 566 dare
511 524 602 581 posse
617 506 735 564 dolebo.
752 488 776 550 Ᾱ
792 506 930 580 argyrus
945 505 1050 562 nolens
1066 505 1125 561 sibi
1139 505 1218 561 desit
1232 508 1263 561 ut
1278 505 1440 576 imperialis

87 603 143 660 lent
157 617 164 658 :
180 602 323 658 Nostrum
338 603 367 655 te
380 600 523 671 principe,
533 597 632 652 nullus
793 595 902 666 Gloria,
919 595 1108 662 Normannos
1123 596 1285 666 compescit
1301 596 1337 651 ab
1353 595 1508 652 obsidione

87 691 148 748 ⁸ael
163 706 278 765 egens3
294 690 369 745 duce
384 692 424 759 te,
440 688 557 743 fortuna
573 685 699 751 lavabit;
794 685 893 753 Trani,
906 685 985 756 quod
999 685 1097 742 solum
1120 687 1191 740 tuae
1207 685 1325 758 agmina
1341 701 1439 758 graeca
1455 685 1576 741 lovebat

95 780 172 849 vias,
189 780 264 835 duce
279 793 354 850 quas
370 778 506 851 genitore
521 776 637 831 solebat
796 772 994 846 Confinosque
1009 774 1093 829 locos
1108 774 1225 829 desistit
1240 774 1422 846 depopulari.

87 869 190 925 inobis
206 865 312 923 eliecto
326 867 460 937 principe
474 865 593 938 pandet.
800 863 926 917 Nuntius
942 863 1052 917 intonen
1068 863 1117 934 qui
1133 865 1254 918 venerat
1274 864 1439 934 imperialis

87 960 197 1027 cerunt,
207 956 369 1011 sublimant
383 953 440 1026 (35)
455 954 592 1025 protinus
608 952 690 1007 illum
797 951 922 1006 Maxilua
940 957 1015 1007 dona
1030 952 1131 1006 ferens
1147 953 1261 1022 capitur
1275 952 1398 1007 mIsera
1414 952 1558 1022 Maniaeo,

86 1045 201 1110 nimes;
219 1043 367 1099 communi
383 1043 414 1098 llt
430 1058 519 1112 prece
533 1041 684 1112 princeps.
799 1039 941 1095 Diversae
957 1056 1062 1111 poenas
1077 1041 1217 1096 adhibent
1231 1043 1260 1096 et
1274 1043 1393 1095 stercus
1410 1041 1550 1112 equinum

87 1148 143 1207 gno
160 1133 293 1188 Danaum
307 1133 464 1188 eomitante
481 1135 596 1202 paratu,
798 1127 995 1200 Purgamento
1010 1128 1143 1183 Immixto
1158 1129 1290 1197 naribus,
1303 1129 1437 1199 auribus,
1449 1129 1495 1184 ori

87 1236 166 1278 ‚enus
180 1222 261 1277 venii
271 1219 327 1291 (33)
342 1219 687 1290 ManiucusHydrontum
798 1206 884 1272 Hua'c
899 1217 969 1272 facit
981 1217 1075 1290 affligi
1090 1217 1231 1289 graviter,
1248 1217 1425 1288 stabuloque
1441 1217 1544 1272 necari

87 1311 164 1367 tium
175 1309 285 1383 jussus
306 1310 462 1365 Michaelis
477 1309 578 1377 adire3
798 1306 864 1378 lpse
874 1306 981 1362 videns
996 1306 1060 1361 auri
1076 1308 1186 1361 tautum
1204 1322 1237 1361 se
1253 1306 1369 1376 pondus
1380 1306 1492 1362 habere

87 1401 198 1456 ormam
224 1399 265 1453 nil
280 1399 403 1470 dignum
418 1397 503 1452 laude
518 1396 651 1469 gerebat.
797 1396 904 1451 Extolli
914 1395 1036 1450 nimium
1053 1395 1150 1466 coepit,
1166 1396 1242 1450 redit
1256 1395 1323 1449 inde
1338 1395 1497 1450 Tarentum
1515 1411 1520 1449 :

87 1487 170 1543 erbus
186 1489 259 1556 erat,
275 1487 341 1541 dira
358 1486 472 1542 feritate
488 1485 669 1540 redundans.
797 1487 893 1557 Atque
903 1484 966 1539 auri
982 1485 1105 1538 multum
1120 1485 1191 1555 (quo
1201 1484 1270 1554 plus
1285 1484 1344 1538 sibi
1359 1484 1566 1555 concilientur)
1678 1528 1682 1533 .

87 1576 219 1648 lpdronti
232 1576 377 1645 dimissis,
394 1589 501 1646 agmen
520 1575 653 1644 iniquum
796 1573 907 1646 Eragat
924 1573 1081 1645 Argolicis,
1098 1574 1261 1628 assumitur
1276 1573 1436 1643 imperialis

87 1668 215 1736 mpactas
228 1663 368 1719 invadere
384 1667 548 1719 commovet
558 1663 669 1730 urbes,
797 1663 941 1733 Purpura,
959 1677 1012 1733 pes
1028 1662 1131 1717 dexter
1145 1662 1303 1716 decoratur
1317 1663 1394 1731 pelle
1408 1662 1536 1732 rubenti,

87 1753 141 1809 leis
156 1753 285 1823 primum
299 1750 474 1807 diffunditur
488 1751 579 1806 arvis.
796 1750 858 1816 Qua
874 1751 949 1805 solet
964 1749 1081 1820 imperii
1095 1751 1145 1820 qui
1160 1766 1261 1806 curam
1277 1751 1402 1820 suscipit
1413 1753 1465 1806 uti.

87 1841 177 1897 mltos
192 1841 356 1911 Mariccus,
380 1845 409 1895 et
422 1841 528 1895 arbore
544 1839 688 1910 quosdam
754 1855 780 1918 Β
797 1840 867 1894 Inde
882 1839 961 1894 venit
977 1839 1066 1893 multo
1081 1839 1208 1893 vallatus
1224 1839 1314 1893 milite
1331 1839 1450 1909 Buram,

87 1972 93 1999 ,
108 1929 185 1986 alios
199 1933 351 1985 truncatos
367 1930 477 1984 vertice
491 1932 607 1984 mactat.
797 1930 947 2001 Argyrum
962 1942 1090 1998 sperans
1105 1927 1266 1997 promissis
1280 1928 1383 1984 fallere
1398 1944 1501 1999 posse.

87 2019 184 2074 iditum
199 2033 296 2091 genus
312 2033 453 2072 exercere
469 2022 611 2090 tyrannus
798 2018 836 2073 Ut
851 2015 965 2089 collega
994 2018 1282 2074 suussseretcontra
1303 2017 1487 2073 Manomaehi
1569 2039 1573 2047 ¹

87 2107 203 2177 dantes,
220 2107 348 2161 viventis
364 2106 470 2175 adhuc,
486 2107 555 2178 quia
570 2106 646 2176 capti
798 2104 1076 2178 lmperIum,Gallos
1089 2107 1175 2161 etiam
1191 2106 1250 2162 sihi
1260 2107 1416 2177 pacificare

87 2211 131 2252 mo
142 2196 248 2267 sepelit
261 2195 358 2266 pueri,
375 2199 462 2266 caput
476 2196 584 2250 eminet
596 2198 691 2250 extra.
798 2193 949 2249 Tentabat.
964 2192 1096 2259 Quorum
1111 2193 1139 2247 si
1153 2196 1256 2264 posset
1266 2193 1376 2248 habere
1387 2193 1539 2265 juvamen,

87 2285 227 2354 tmultos,
240 2289 268 2339 et
283 2285 354 2340 nulli
366 2300 489 2356 parcere
505 2286 599 2340 curat.
798 2281 919 2359 Caedere
934 2296 1024 2352 posse
1040 2282 1105 2337 suis
1121 2282 1259 2352 sperabat
1274 2282 1388 2336 vlribus
1400 2281 1517 2337 hostem

87 2374 202 2429 [ateram
218 2371 285 2445 (37),
300 2390 359 2445 qua
374 2374 431 2428 llxa
446 2373 543 2428 fuisse
555 2372 691 2429 feruntur
799 2371 835 2427 Et
849 2370 1039 2427 Constantino
1055 2370 1132 2425 sacili
1149 2370 1283 2425 diadema
1298 2370 1399 2426 laboro

87 2479 109 2518 ·a
124 2462 220 2532 ducis,
237 2478 304 2517 oum
320 2463 462 2518 subderet
477 2462 603 2518 Annibal
617 2461 698 2515 Afris
799 2460 936 2517 Ablatum
951 2459 1079 2516 retinere
1095 2459 1162 2514 sibi.
1172 2458 1256 2523 Quod
1268 2462 1378 2531 sperat,
1395 2460 1480 2515 inane
1492 2461 1557 2529 est3

87 2550 192 2607 niseus
216 2551 295 2621 adit3
311 2551 483 2623 campisque
498 2552 652 2606 ducentos.
799 2549 980 2620 Numaeque
994 2548 1183 2605 Normanaos
1199 2564 1253 2604 nee
1270 2563 1372 2604 eorum
1396 2551 1529 2604 avertere
1544 2563 1629 2607 men·

87 2643 189 2712 captos
205 2639 364 2696 furibunda
378 2644 475 2695 mente
491 2639 628 2696 trucidat.
1526 2637 1596 2712 [tem

87 2731 114 2785 ut
125 2729 254 2799 vetulus,
266 2729 494 2784 nonmonachus
503 2733 590 2800 atque
602 2728 744 2784 sacerdos
798 2728 948 2800 Principis
957 2729 1075 2799 evaluit,
1088 2732 1275 2801 contemptus
1288 2732 1316 2783 at
1331 2728 1399 2784 inde
1408 2729 1546 2784 recessit.

91 2820 172 2888 erat3
193 2818 266 2874 nulli
281 2819 439 2873 miseretur
453 2819 584 2889 iniquus,
801 2818 885 2874 Unde
901 2818 1003 2873 furore
1018 2819 1101 2890 gravi
1113 2818 1218 2889 plenus
1235 2819 1301 2889 quia
1318 2822 1439 2890 spretus
1456 2818 1565 2887 abibat,

87 2905 167 2960 chael
182 2907 232 2977 qui
248 2907 369 2961 miserat
384 2906 462 2961 hunc
477 2906 654 2975 blaniacum,
801 2908 931 2974 Quatuor
941 2909 969 2962 iu
982 2910 1080 2979 partes
1096 2907 1193 2962 diviso
1207 2907 1308 2977 milite,
1323 2909 1439 2963 mundat

87 2998 176 3064 catur,
193 2998 322 3050 caecatus
338 2994 374 3049 ab
387 3010 456 3050 aree
470 2995 601 3068 fugatur.
802 2997 931 3068 Pergere
941 2995 1103 3066 praedatum
1115 2996 1421 3051 clrcumcursantibus
1431 2997 1517 3067 ipsis.

87 3084 163 3139 tzoe
178 3083 236 3155 (38)
252 3085 340 3139 simul
355 3087 384 3140 et
398 3084 555 3139 Theodora
572 3098 706 3155 sororeS,
803 3085 857 3141 Est
879 3085 1040 3155 hominum,
1057 3099 1196 3154 pecorum
1222 3101 1292 3155 pars
1317 3085 1443 3140 masalma
1473 3085 1560 3140 dueta
1574 3085 1631 3140 Ta-

93 3173 189 3244 patrui
205 3172 336 3244 conjunx
352 3171 517 3244 Michaelis,
532 3173 666 3245 adusque
1423 3174 1518 3246 [rento
1530 3172 1596 3245 (ll).

87 3278 217 3331 cessum,
234 3278 301 3316 cum
316 3278 373 3333 qua
388 3263 456 3334 quia
469 3263 561 3318 noluit
575 3263 640 3334 ipse
803 3265 828 3318 Α
843 3263 1035 3319 Constantino
1052 3263 1108 3318 sub
1124 3264 1227 3319 eodem
1239 3266 1372 3335 ternpore
1387 3264 1490 3318 missis

87 3367 171 3418 num,
192 3353 274 3406 ratus
290 3351 366 3406 hanc
381 3352 555 3422 prohibente
572 3355 675 3408 senatu
804 3356 940 3426 Argyrus
951 3352 1052 3408 multis
1067 3354 1130 3407 auri
1139 3353 1313 3424 argentique
1329 3354 1458 3424 talentis,

87 3440 180 3510 udam,
197 3441 331 3511 privatus
348 3440 456 3496 lumine
471 3445 586 3513 ceptuS,
805 3443 993 3499 Normannos
1004 3441 1118 3496 donans
1139 3442 1196 3496 sibi
1211 3442 1341 3512 postulat
1355 3443 1502 3514 auxiliari,

87 3528 175 3585 rntino
190 3529 303 3584 sociata
318 3529 376 3584 Zoe
391 3530 585 3585 Monomaoho
601 3528 657 3602 (39)
805 3532 931 3586 huxiliis
942 3532 1049 3587 horum
1064 3530 1217 3587 Maniacus
1231 3535 1262 3587 ut
1272 3534 1387 3588 occidat
1397 3533 1493 3589 hostis

87 3620 148 3675 icus
172 3621 234 3674 arat
257 3618 419 3689 Mamaeae,
436 3621 464 3674 et
479 3619 526 3674 hie
541 3619 674 3676 Maniaco
689 3619 747 3692 (le)
805 3621 922 3692 Imperii
938 3622 1033 3676 sancti
1044 3637 1051 3692 3
1064 3621 1108 3675 sic
1122 3622 1249 3692 plurima
1264 3622 1479 3692 promerituros

86 3709 204 3765 uoniam
225 3706 280 3762 fult
294 3708 368 3763 alter
382 3708 496 3763 abusus
510 3710 623 3764 amica:
806 3711 899 3766 Hoste
915 3710 1092 3781 triumphato
1107 3725 1162 3780 pro
1177 3711 1373 3768 votisasserit
1388 3713 1466 3768 illos.

87 3797 186 3868 mperii
200 3796 393 3852 Mouomacho
409 3796 515 3851 tradita
535 3798 624 3854 sedes
806 3799 1001 3870 Quamplures
1011 3798 1102 3869 igitur
1115 3798 1304 3855 Normannos
1318 3818 1377 3857 non
1393 3818 1477 3858 amor
1496 3803 1566 3858 reris

91 3889 218 3942 mentem
232 3887 322 3940 nimio
338 3889 451 3941 terrore
465 3887 591 3958 tyranni,
807 3888 865 3943 Sed
882 3888 967 3942 ducis
982 3887 1091 3958 Argyri
1106 3887 1238 3943 Maniaco
1258 3890 1385 3945 reddidit
1402 3891 1517 3947 hostes.

87 3990 115 4031 aa
129 3975 221 4030 relert
235 3975 311 4030 odiis
328 3974 456 4046 agitatus
471 3978 499 4030 et
514 3976 576 4047 ira;
807 3977 931 4031 Aversa
948 3975 1072 4030 comites
1088 3977 1175 4031 etiam
1190 3979 1407 4048 cumpluribus
1424 3981 1500 4035 ultro

87 4068 112 4120 et
127 4079 231 4120 secum
241 4078 317 4135 quos
329 4063 461 4133 duxerat,
473 4063 597 4134 imperat
612 4064 712 4136 Argis,
808 4066 962 4120 advenere
978 4063 1053 4119 suis.
1070 4064 1214 4121 Tancrcdi
1229 4066 1321 4138 filius,
1337 4068 1443 4123 horum

90 4171 107 4211 e
123 4154 210 4223 lacto,
224 4153 287 4226 jam
302 4153 402 4208 nullus
418 4153 535 4209 obediat
550 4154 601 4208 illl.
809 4153 935 4209 Maxima
961 4169 1042 4226 spes,
1060 4154 1169 4223 aderat,
1195 4155 1369 4210 Guilielmus
1393 4158 1431 4212 ad
1445 4173 1527 4213 arma
1555 4175 1639 4229 para·

103 4244 234 4299 habitum
248 4243 306 4298 sibi
320 4243 452 4313 perlidus
468 4243 652 4315 imperialem
1532 4246 1602 4318 [tus,

90 4334 149 4389 noti
164 4348 222 4387 non
238 4347 344 4387 nomen
358 4332 439 4387 adire
462 4335 590 4388 veretur.
809 4337 895 4392 Hune
930 4335 1128 4390 Drincanocto
1161 4332 1298 4389 comitem
1338 4335 1495 4390 comitante
1529 4335 1640 4391 liedul-

100 4422 234 4492 susoepit
250 4421 318 4477 solii
334 4422 546 4477 Mouomachus
562 4422 714 4493 honorem,
1524 4424 1604 4498 {pho‚

87 4513 172 4568 undat
187 4511 303 4566 studeat
318 4515 490 4567 convertere
505 4512 615 4583 Gallos,
810 4516 865 4582 Qui
879 4520 947 4589 post
964 4513 1111 4586 llanulphi
1127 4515 1287 4571 decessum
1301 4518 1422 4588 praeluit
1437 4518 1504 4574 urbi
1519 4518 1586 4589 (43).

87 4617 123 4657 ue
136 4602 202 4655 suis
218 4600 334 4655 sociare
349 4600 488 4657 lidelibus
504 4602 583 4672 illos,
765 4575 793 4640 ⁰
811 4607 954 4662 Terrebat
969 4607 1086 4661 Danaos
1099 4604 1247 4661 Guilielmi
1264 4607 1362 4663 nobile
1374 4624 1500 4678 nomen;

87 4694 124 4746 lat
138 4690 183 4746 eis
195 4705 228 4745 se
242 4688 363 4760 praemia
378 4705 485 4762 magna
500 4690 647 4748 daturum.
812 4696 842 4752 ls
856 4696 925 4767 quia
936 4694 1022 4751 tortis
1036 4698 1111 4766 erat,
1127 4698 1174 4751 est
1184 4693 1281 4753 terrea
1298 4697 1395 4753 dictus
1411 4697 1520 4753 habere

87 4887 153 4943 nois
168 4887 246 4941 sicut
265 4888 293 4941 et
307 4884 540 4956 Caninelatibus,
554 4889 630 4942 teste
646 4887 758 4955 Tacito,
813 4891 1024 4961 oculorumque
1039 4907 1097 4947 usu
1112 4892 1258 4964 priuatus,
1283 4893 1417 4949 restituta
1437 4892 1474 4946 ad
1489 4892 1644 4964 imperium

87 4962 118 5015 ut
131 4959 320 5030 designatum
335 4973 437 5028 regem
465 4962 550 5012 scuto
564 4958 758 5030 imponerent,
814 4963 882 5018 Zoe.
899 4962 982 5016 Lura.

87 5044 143 5112 que
159 5029 292 5083 humeris
313 5032 475 5099 gestarent.
493 5029 599 5085 Tinna.
850 5031 908 5103 (39)
922 5033 1133 5088 Constantinus
1149 5033 1361 5090 Mouomachus
1377 5036 1482 5091 tertius
1492 5035 1568 5091 Zoes
1582 5049 1645 5088 ma·

87 5102 181 5156 uocis
191 5103 237 5154 est
247 5099 395 5224 Georffiius
406 5100 559 5155 Maniacus
571 5100 759 5173 Byzantinus,
816 5105 893 5159 rItus
908 5104 972 5159 luit.
987 5104 1069 5158 Lara.

87 5171 333 5228 antinIMonomae
357 5170 761 5242 iConstautiuopolitaniCae·
853 5176 910 5244 (lo)
925 5175 1054 5229 Dissidia
1076 5176 1138 5229 vult
1153 5175 1288 5231 Fazellus
1301 5181 1365 5231 orta
1379 5179 1455 5233 iuter
1483 5177 1647 5233 Maniacum

87 5244 169 5298 Loiliae
184 5259 215 5297 re
241 5243 266 5296 is
282 5242 442 5312 praelectus
459 5246 529 5297 erat.
549 5243 630 5297 Lars.
818 5245 1080 5303 etMonomachum
1092 5262 1128 5300 ex
1139 5246 1291 5318 odioquod
1303 5249 1650 5305 llomanusclerusexcr-

87 5315 168 5371 lbera
190 5258 263 5368 urbs
284 5316 315 5367 in
341 5313 456 5386 Apulia,
482 5330 549 5384 quae
573 5315 761 5370 Acherontus
819 5319 980 5373 eebatcum
996 5316 1238 5373 Manroco.lru1s.

87 5390 145 5442 tu'r.
162 5385 246 5440 Lars.
855 5389 912 5459 (ll)
926 5387 1082 5443 Tarentum
1093 5388 1149 5443 fuit
1161 5388 1305 5445 Calabriae
1320 5392 1394 5447 urbs
1406 5393 1435 5447 in
1448 5393 1547 5448 ultimo
1558 5391 1649 5447 ltaliae

87 5480 90 5508 ι
106 5457 261 5512 Michaelis
272 5456 312 5510 Pa
334 5455 764 5528 hlagonisvidua‚lliohaelem
819 5463 899 5516 circa
922 5459 1140 5515 Salentinorum
1165 5461 1303 5534 confinia,
1318 5478 1335 5517 a
1351 5464 1427 5520 Tara
1443 5465 1572 5536 Neptuni
1588 5464 1648 5518 tilio

90 5545 118 5584 m
133 5529 164 5584 in
178 5528 271 5583 illium
286 5473 454 5600 arIbptarit3
471 5530 521 5600 qui
536 5544 613 5599 cum,
630 5526 764 5582 faschus
820 5531 973 5590 aedificata.
989 5529 1072 5586 Lara.

87 5600 256 5673 ,ingratus
273 5603 396 5655 matrem
411 5614 474 5655 suoe
490 5600 655 5672 majestetIs
665 5601 764 5653 aucto·
856 5600 912 5676 (43)
927 5602 1101 5660 Aversanoe.
1117 5602 1199 5660 lists.

87 5675 189 5747 resset,
204 5687 222 5727 a
236 5672 425 5744 conspirante
448 5673 556 5746 populo
584 5674 688 5745 captus
707 5671 764 5742 est,
