<?xml version="1.0" encoding="UTF-8"?>
<!DOCTYPE html PUBLIC "-//W3C//DTD XHTML 1.0 Transitional//EN"
    "http://www.w3.org/TR/xhtml1/DTD/xhtml1-transitional.dtd">
<html xmlns="http://www.w3.org/1999/xhtml" xml:lang="en" lang="en">
 <head>
  <title>
</title>
<meta http-equiv="Content-Type" content="text/html;charset=utf-8" />
  <meta name='ocr-system' content='tesseract 3.04.00' />
  <meta name='ocr-capabilities' content='ocr_page ocr_carea ocr_par ocr_line ocrx_word'/>
</head>
<body>
  <div class='ocr_page' id='page_1' title='image "./patrologiaecurs66unkngoog_0449.png"; bbox 0 0 3908 6112; ppageno 0'>
   <div class='ocr_carea' id='block_1_1' title="bbox 57 266 174 376">
    <p class='ocr_par' dir='ltr' id='par_1_1' title="bbox 57 266 174 376">
     <span class='ocr_line' id='line_1_1' title="bbox 57 266 174 376; baseline 0 -21"><span class='ocrx_word' id='word_1_1' title='bbox 57 266 174 376; x_wconf 64' lang='lat' dir='ltr'><strong>feti</strong></span> 
     </span>
    </p>
   </div>
   <div class='ocr_carea' id='block_1_2' title="bbox 471 230 1478 341">
    <p class='ocr_par' dir='ltr' id='par_1_2' title="bbox 471 230 1478 341">
     <span class='ocr_line' id='line_1_2' title="bbox 471 230 1478 341; baseline 0.005 -8"><span class='ocrx_word' id='word_1_2' title='bbox 471 269 687 336; x_wconf 79' lang='lat' dir='ltr'><strong>WILLELHI</strong></span> <span class='ocrx_word' id='word_1_3' title='bbox 710 230 1257 339; x_wconf 53' lang='lat' dir='ltr'><strong>ancUu&#39;chlltltrlcEltffls</strong></span> <span class='ocrx_word' id='word_1_4' title='bbox 1276 274 1478 341; x_wconf 70' lang='lat' dir='ltr'><strong>mouscin.</strong></span> 
     </span>
    </p>
   </div>
   <div class='ocr_carea' id='block_1_3' title="bbox 114 463 1642 547">
    <p class='ocr_par' dir='ltr' id='par_1_3' title="bbox 114 463 1642 547">
     <span class='ocr_line' id='line_1_3' title="bbox 114 463 1642 547; baseline 0 -15"><span class='ocrx_word' id='word_1_5' title='bbox 114 490 186 533; x_wconf 86' lang='lat' dir='ltr'><strong>vero</strong></span> <span class='ocrx_word' id='word_1_6' title='bbox 195 473 440 544; x_wconf 89' lang='lat' dir='ltr'><strong>archiepiscopus</strong></span> <span class='ocrx_word' id='word_1_7' title='bbox 448 470 636 528; x_wconf 88' lang='lat' dir='ltr'><strong>Coloniensis</strong></span> <span class='ocrx_word' id='word_1_8' title='bbox 646 472 676 526; x_wconf 89' lang='lat' dir='ltr'><strong>in</strong></span> <span class='ocrx_word' id='word_1_9' title='bbox 687 470 847 527; x_wconf 83' lang='lat' dir='ltr'><strong>festivitate</strong></span> <span class='ocrx_word' id='word_1_10' title='bbox 853 471 950 527; x_wconf 87' lang='lat' dir='ltr'><strong>sancti</strong></span> <span class='ocrx_word' id='word_1_11' title='bbox 962 463 987 524; x_wconf 81' lang='grc' dir='ltr'>Α</span> <span class='ocrx_word' id='word_1_12' title='bbox 1006 473 1057 544; x_wconf 90' lang='lat' dir='ltr'><strong>qui</strong></span> <span class='ocrx_word' id='word_1_13' title='bbox 1072 474 1168 547; x_wconf 75' lang='lat' dir='ltr'><strong>magis</strong></span> <span class='ocrx_word' id='word_1_14' title='bbox 1177 475 1315 531; x_wconf 88' lang='lat' dir='ltr'><strong>volebant</strong></span> <span class='ocrx_word' id='word_1_15' title='bbox 1329 477 1464 531; x_wconf 90' lang='lat' dir='ltr'><strong>intereos</strong></span> <span class='ocrx_word' id='word_1_16' title='bbox 1478 491 1549 531; x_wconf 88' lang='lat' dir='ltr'><strong>esse</strong></span> <span class='ocrx_word' id='word_1_17' title='bbox 1563 475 1642 533; x_wconf 75' lang='lat' dir='ltr'><strong>disca</strong></span> 
     </span>
    </p>
   </div>
   <div class='ocr_carea' id='block_1_4' title="bbox 71 560 953 1784">
    <p class='ocr_par' dir='ltr' id='par_1_4' title="bbox 71 560 953 1784">
     <span class='ocr_line' id='line_1_4' title="bbox 113 560 949 635; baseline -0.01 -13"><span class='ocrx_word' id='word_1_18' title='bbox 113 564 219 622; x_wconf 75' lang='lat' dir='ltr'><strong>Jacobi</strong></span> <span class='ocrx_word' id='word_1_19' title='bbox 233 561 401 635; x_wconf 76' lang='lat' dir='ltr'><strong>Magnuciae</strong></span> <span class='ocrx_word' id='word_1_20' title='bbox 416 561 447 614; x_wconf 95' lang='lat' dir='ltr'><strong>in</strong></span> <span class='ocrx_word' id='word_1_21' title='bbox 461 561 595 633; x_wconf 74' lang='lat' dir='ltr'><strong>reginam</strong></span> <span class='ocrx_word' id='word_1_22' title='bbox 618 560 814 630; x_wconf 88' lang='lat' dir='ltr'><strong>consecravit,</strong></span> <span class='ocrx_word' id='word_1_23' title='bbox 831 560 949 615; x_wconf 73' lang='lat' dir='ltr'><strong>ceteris</strong></span> 
     </span>
     <span class='ocr_line' id='line_1_5' title="bbox 116 649 949 724; baseline -0.01 -13"><span class='ocrx_word' id='word_1_24' title='bbox 116 652 306 724; x_wconf 73' lang='lat' dir='ltr'><strong>coepiscopis</strong></span> <span class='ocrx_word' id='word_1_25' title='bbox 318 649 529 705; x_wconf 75' lang='lat' dir='ltr'><strong>assistentibus</strong></span> <span class='ocrx_word' id='word_1_26' title='bbox 537 649 949 720; x_wconf 86' lang='lat' dir='ltr'><strong>etpreeeipuearchiepiscopo</strong></span> 
     </span>
     <span class='ocr_line' id='line_1_6' title="bbox 115 738 949 810; baseline -0.01 -12"><span class='ocrx_word' id='word_1_27' title='bbox 115 740 306 809; x_wconf 86' lang='lat' dir='ltr'><strong>Treverensi‚</strong></span> <span class='ocrx_word' id='word_1_28' title='bbox 323 739 460 810; x_wconf 83' lang='lat' dir='ltr'><strong>quicum,</strong></span> <span class='ocrx_word' id='word_1_29' title='bbox 472 739 540 793; x_wconf 90' lang='lat' dir='ltr'><strong>dum</strong></span> <span class='ocrx_word' id='word_1_30' title='bbox 561 741 798 806; x_wconf 87' lang='lat' dir='ltr'><strong>consecraretur,</strong></span> <span class='ocrx_word' id='word_1_31' title='bbox 810 738 949 792; x_wconf 90' lang='lat' dir='ltr'><strong>intersua</strong></span> 
     </span>
     <span class='ocr_line' id='line_1_7' title="bbox 71 828 948 911; baseline -0.009 -23"><span class='ocrx_word' id='word_1_32' title='bbox 71 898 78 911; x_wconf 19' lang='grc' dir='ltr'><strong>ν</strong></span> <span class='ocrx_word' id='word_1_33' title='bbox 114 830 237 887; x_wconf 88' lang='lat' dir='ltr'><strong>brachia</strong></span> <span class='ocrx_word' id='word_1_34' title='bbox 251 830 422 883; x_wconf 76' lang='lat' dir='ltr'><strong>reverenter</strong></span> <span class='ocrx_word' id='word_1_35' title='bbox 436 828 538 883; x_wconf 90' lang='lat' dir='ltr'><strong>tenuit.</strong></span> <span class='ocrx_word' id='word_1_36' title='bbox 557 828 667 883; x_wconf 83' lang='lat' dir='ltr'><strong>Deinde</strong></span> <span class='ocrx_word' id='word_1_37' title='bbox 681 831 885 882; x_wconf 75' lang='lat' dir='ltr'><strong>consecratam</strong></span> <span class='ocrx_word' id='word_1_38' title='bbox 900 841 948 880; x_wconf 91' lang='lat' dir='ltr'><strong>re-</strong></span> 
     </span>
     <span class='ocr_line' id='line_1_8' title="bbox 115 915 950 993; baseline -0.007 -19"><span class='ocrx_word' id='word_1_39' title='bbox 115 919 217 993; x_wconf 75' lang='lat' dir='ltr'><strong>ginem</strong></span> <span class='ocrx_word' id='word_1_40' title='bbox 239 932 336 989; x_wconf 90' lang='lat' dir='ltr'><strong>usque</strong></span> <span class='ocrx_word' id='word_1_41' title='bbox 360 917 396 972; x_wconf 89' lang='lat' dir='ltr'><strong>ad</strong></span> <span class='ocrx_word' id='word_1_42' title='bbox 418 916 625 987; x_wconf 89' lang='lat' dir='ltr'><strong>tempestivum</strong></span> <span class='ocrx_word' id='word_1_43' title='bbox 647 920 762 987; x_wconf 88' lang='lat' dir='ltr'><strong>ternpus</strong></span> <span class='ocrx_word' id='word_1_44' title='bbox 784 915 950 985; x_wconf 78' lang='lat' dir='ltr'><strong>nuptiarum</strong></span> 
     </span>
     <span class='ocr_line' id='line_1_9' title="bbox 116 1004 949 1076; baseline -0.01 -11"><span class='ocrx_word' id='word_1_45' title='bbox 116 1008 252 1065; x_wconf 87' lang='lat' dir='ltr'><strong>studiose</strong></span> <span class='ocrx_word' id='word_1_46' title='bbox 267 1005 373 1060; x_wconf 86' lang='lat' dir='ltr'><strong>nutriri</strong></span> <span class='ocrx_word' id='word_1_47' title='bbox 389 1006 540 1075; x_wconf 86' lang='lat' dir='ltr'><strong>praecepit,</strong></span> <span class='ocrx_word' id='word_1_48' title='bbox 557 1005 586 1058; x_wconf 91' lang='lat' dir='ltr'><strong>in</strong></span> <span class='ocrx_word' id='word_1_49' title='bbox 602 1021 660 1076; x_wconf 94' lang='lat' dir='ltr'><strong>quo</strong></span> <span class='ocrx_word' id='word_1_50' title='bbox 668 1005 845 1060; x_wconf 88' lang='lat' dir='ltr'><strong>nutrimento</strong></span> <span class='ocrx_word' id='word_1_51' title='bbox 859 1006 888 1060; x_wconf 91' lang='lat' dir='ltr'><strong>et</strong></span> <span class='ocrx_word' id='word_1_52' title='bbox 897 1004 949 1058; x_wconf 91' lang='lat' dir='ltr'><strong>lin-</strong></span> 
     </span>
     <span class='ocr_line' id='line_1_10' title="bbox 115 1093 951 1169; baseline -0.005 -19"><span class='ocrx_word' id='word_1_53' title='bbox 115 1111 206 1169; x_wconf 71' lang='lat' dir='ltr'><strong>guam</strong></span> <span class='ocrx_word' id='word_1_54' title='bbox 214 1095 381 1150; x_wconf 88' lang='lat' dir='ltr'><strong>addisceret</strong></span> <span class='ocrx_word' id='word_1_55' title='bbox 396 1098 425 1148; x_wconf 89' lang='lat' dir='ltr'><strong>et</strong></span> <span class='ocrx_word' id='word_1_56' title='bbox 435 1094 643 1149; x_wconf 87' lang='lat' dir='ltr'><strong>sesecundum</strong></span> <span class='ocrx_word' id='word_1_57' title='bbox 656 1093 834 1149; x_wconf 89' lang='lat' dir='ltr'><strong>Teutonicos</strong></span> <span class='ocrx_word' id='word_1_58' title='bbox 851 1108 951 1148; x_wconf 88' lang='lat' dir='ltr'><strong>moros</strong></span> 
     </span>
     <span class='ocr_line' id='line_1_11' title="bbox 116 1182 951 1256; baseline -0.005 -16"><span class='ocrx_word' id='word_1_59' title='bbox 116 1187 316 1256; x_wconf 86' lang='lat' dir='ltr'><strong>componeret.</strong></span> <span class='ocrx_word' id='word_1_60' title='bbox 334 1183 376 1238; x_wconf 89' lang='lat' dir='ltr'><strong>De</strong></span> <span class='ocrx_word' id='word_1_61' title='bbox 392 1200 450 1254; x_wconf 88' lang='lat' dir='ltr'><strong>qua</strong></span> <span class='ocrx_word' id='word_1_62' title='bbox 465 1182 652 1238; x_wconf 88' lang='lat' dir='ltr'><strong>nobilissima</strong></span> <span class='ocrx_word' id='word_1_63' title='bbox 661 1183 847 1253; x_wconf 87' lang='lat' dir='ltr'><strong>imperatrice</strong></span> <span class='ocrx_word' id='word_1_64' title='bbox 862 1182 892 1235; x_wconf 93' lang='lat' dir='ltr'><strong>in</strong></span> <span class='ocrx_word' id='word_1_65' title='bbox 907 1197 951 1236; x_wconf 91' lang='lat' dir='ltr'><strong>se-</strong></span> 
     </span>
     <span class='ocr_line' id='line_1_12' title="bbox 115 1271 951 1345; baseline -0.006 -16"><span class='ocrx_word' id='word_1_66' title='bbox 115 1273 275 1345; x_wconf 86' lang='lat' dir='ltr'><strong>quentibus</strong></span> <span class='ocrx_word' id='word_1_67' title='bbox 298 1271 415 1342; x_wconf 89' lang='lat' dir='ltr'><strong>plenius</strong></span> <span class='ocrx_word' id='word_1_68' title='bbox 445 1272 640 1327; x_wconf 86' lang='lat' dir='ltr'><strong>disseremus.</strong></span> <span class='ocrx_word' id='word_1_69' title='bbox 665 1271 831 1326; x_wconf 80' lang='lat' dir='ltr'><strong>Praedictus</strong></span> <span class='ocrx_word' id='word_1_70' title='bbox 855 1273 951 1325; x_wconf 85' lang='lat' dir='ltr'><strong>autern</strong></span> 
     </span>
     <span class='ocr_line' id='line_1_13' title="bbox 115 1361 951 1432; baseline -0.008 -14"><span class='ocrx_word' id='word_1_71' title='bbox 115 1361 297 1429; x_wconf 80' lang='lat' dir='ltr'><strong>willelmae,</strong></span> <span class='ocrx_word' id='word_1_72' title='bbox 315 1361 393 1415; x_wconf 86' lang='lat' dir='ltr'><strong>iilius</strong></span> <span class='ocrx_word' id='word_1_73' title='bbox 419 1361 542 1414; x_wconf 89' lang='lat' dir='ltr'><strong>Henrici</strong></span> <span class='ocrx_word' id='word_1_74' title='bbox 556 1361 649 1431; x_wconf 79' lang='lat' dir='ltr'><strong>rogis,</strong></span> <span class='ocrx_word' id='word_1_75' title='bbox 665 1361 715 1432; x_wconf 91' lang='lat' dir='ltr'><strong>qni</strong></span> <span class='ocrx_word' id='word_1_76' title='bbox 737 1363 805 1430; x_wconf 91' lang='lat' dir='ltr'><strong>post</strong></span> <span class='ocrx_word' id='word_1_77' title='bbox 818 1374 951 1414; x_wconf 88' lang='lat' dir='ltr'><strong>sororem</strong></span> 
     </span>
     <span class='ocr_line' id='line_1_14' title="bbox 114 1449 952 1519; baseline -0.007 -13"><span class='ocrx_word' id='word_1_78' title='bbox 114 1450 286 1506; x_wconf 87' lang='lat' dir='ltr'><strong>Mathildem</strong></span> <span class='ocrx_word' id='word_1_79' title='bbox 296 1449 513 1519; x_wconf 83' lang='lat' dir='ltr'><strong>imperatricem</strong></span> <span class='ocrx_word' id='word_1_80' title='bbox 525 1452 612 1502; x_wconf 90' lang='lat' dir='ltr'><strong>natus</strong></span> <span class='ocrx_word' id='word_1_81' title='bbox 628 1451 684 1519; x_wconf 90' lang='lat' dir='ltr'><strong>cst,</strong></span> <span class='ocrx_word' id='word_1_82' title='bbox 699 1449 768 1504; x_wconf 91' lang='lat' dir='ltr'><strong>licet</strong></span> <span class='ocrx_word' id='word_1_83' title='bbox 784 1464 850 1503; x_wconf 90' lang='lat' dir='ltr'><strong>eum</strong></span> <span class='ocrx_word' id='word_1_84' title='bbox 861 1462 952 1502; x_wconf 88' lang='lat' dir='ltr'><strong>causa</strong></span> 
     </span>
     <span class='ocr_line' id='line_1_15' title="bbox 114 1534 953 1608; baseline -0.007 -13"><span class='ocrx_word' id='word_1_85' title='bbox 114 1539 272 1597; x_wconf 75' lang='lat' dir='ltr'><strong>masculini</strong></span> <span class='ocrx_word' id='word_1_86' title='bbox 286 1553 380 1593; x_wconf 86' lang='lat' dir='ltr'><strong>sexus</strong></span> <span class='ocrx_word' id='word_1_87' title='bbox 397 1537 438 1593; x_wconf 91' lang='lat' dir='ltr'><strong>illi</strong></span> <span class='ocrx_word' id='word_1_88' title='bbox 454 1537 685 1608; x_wconf 82' lang='lat' dir='ltr'><strong>praeposuimus,</strong></span> <span class='ocrx_word' id='word_1_89' title='bbox 703 1552 769 1592; x_wconf 90' lang='lat' dir='ltr'><strong>curn</strong></span> <span class='ocrx_word' id='word_1_90' title='bbox 780 1536 843 1608; x_wconf 78' lang='lat' dir='ltr'><strong>jam</strong></span> <span class='ocrx_word' id='word_1_91' title='bbox 858 1536 895 1591; x_wconf 88' lang='lat' dir='ltr'><strong>ad</strong></span> <span class='ocrx_word' id='word_1_92' title='bbox 907 1534 953 1607; x_wconf 84' lang='lat' dir='ltr'><strong>ju·</strong></span> 
     </span>
     <span class='ocr_line' id='line_1_16' title="bbox 114 1623 951 1690; baseline -0.01 -6"><span class='ocrx_word' id='word_1_93' title='bbox 114 1628 243 1684; x_wconf 89' lang='lat' dir='ltr'><strong>venilem</strong></span> <span class='ocrx_word' id='word_1_94' title='bbox 268 1629 383 1682; x_wconf 87' lang='lat' dir='ltr'><strong>aetatem</strong></span> <span class='ocrx_word' id='word_1_95' title='bbox 406 1626 553 1690; x_wconf 81' lang='lat' dir='ltr'><strong>venisset,</strong></span> <span class='ocrx_word' id='word_1_96' title='bbox 575 1628 668 1680; x_wconf 86' lang='lat' dir='ltr'><strong>morto</strong></span> <span class='ocrx_word' id='word_1_97' title='bbox 688 1627 842 1680; x_wconf 90' lang='lat' dir='ltr'><strong>immatura</strong></span> <span class='ocrx_word' id='word_1_98' title='bbox 870 1623 951 1679; x_wconf 90' lang='lat' dir='ltr'><strong>obiit.</strong></span> 
     </span>
     <span class='ocr_line' id='line_1_17' title="bbox 113 1712 952 1784; baseline -0.008 -12"><span class='ocrx_word' id='word_1_99' title='bbox 113 1712 282 1772; x_wconf 72' lang='lat' dir='ltr'><strong>(tamenim</strong></span> <span class='ocrx_word' id='word_1_100' title='bbox 297 1713 505 1770; x_wconf 84' lang='lat' dir='ltr'><strong>transfretaret</strong></span> <span class='ocrx_word' id='word_1_101' title='bbox 513 1714 548 1770; x_wconf 91' lang='lat' dir='ltr'><strong>de</strong></span> <span class='ocrx_word' id='word_1_102' title='bbox 565 1715 745 1770; x_wconf 89' lang='lat' dir='ltr'><strong>Normannia</strong></span> <span class='ocrx_word' id='word_1_103' title='bbox 760 1715 790 1769; x_wconf 92' lang='lat' dir='ltr'><strong>in</strong></span> <span class='ocrx_word' id='word_1_104' title='bbox 805 1712 952 1784; x_wconf 76' lang='lat' dir='ltr'><strong>Angliam,</strong></span> 
     </span>
    </p>
   </div>
   <div class='ocr_carea' id='block_1_5' title="bbox 1007 563 1642 1167">
    <p class='ocr_par' dir='ltr' id='par_1_5' title="bbox 1007 563 1642 1167">
     <span class='ocr_line' id='line_1_18' title="bbox 1007 563 1642 636; baseline 0.006 -21"><span class='ocrx_word' id='word_1_105' title='bbox 1007 577 1122 633; x_wconf 87' lang='lat' dir='ltr'><strong>pacem,</strong></span> <span class='ocrx_word' id='word_1_106' title='bbox 1131 565 1219 634; x_wconf 88' lang='lat' dir='ltr'><strong>coepit</strong></span> <span class='ocrx_word' id='word_1_107' title='bbox 1227 565 1402 620; x_wconf 79' lang='lat' dir='ltr'><strong>occasiones</strong></span> <span class='ocrx_word' id='word_1_108' title='bbox 1414 580 1559 636; x_wconf 72' lang='lat' dir='ltr'><strong>quaerere,</strong></span> <span class='ocrx_word' id='word_1_109' title='bbox 1567 563 1642 621; x_wconf 79' lang='lat' dir='ltr'><strong>trata</strong></span> 
     </span>
     <span class='ocr_line' id='line_1_19' title="bbox 1008 652 1642 709; baseline 0.008 -5"><span class='ocrx_word' id='word_1_110' title='bbox 1008 652 1642 709; x_wconf 80' lang='lat' dir='ltr'><strong>addiscordiamcommovere.llexautemli</strong></span> 
     </span>
     <span class='ocr_line' id='line_1_20' title="bbox 1009 740 1633 814; baseline 0.006 -21"><span class='ocrx_word' id='word_1_111' title='bbox 1009 740 1119 795; x_wconf 89' lang='lat' dir='ltr'><strong>diutius</strong></span> <span class='ocrx_word' id='word_1_112' title='bbox 1128 741 1184 795; x_wconf 92' lang='lat' dir='ltr'><strong>hoc</strong></span> <span class='ocrx_word' id='word_1_113' title='bbox 1196 742 1308 810; x_wconf 84' lang='lat' dir='ltr'><strong>terens,</strong></span> <span class='ocrx_word' id='word_1_114' title='bbox 1321 743 1633 814; x_wconf 71' lang='lat' dir='ltr'><strong>maximequeindigne</strong></span> 
     </span>
     <span class='ocr_line' id='line_1_21' title="bbox 1009 827 1642 901; baseline 0.009 -20"><span class='ocrx_word' id='word_1_115' title='bbox 1009 827 1101 883; x_wconf 84' lang='lat' dir='ltr'><strong>trater</strong></span> <span class='ocrx_word' id='word_1_116' title='bbox 1128 847 1203 885; x_wconf 82' lang='lat' dir='ltr'><strong>suus</strong></span> <span class='ocrx_word' id='word_1_117' title='bbox 1231 833 1269 884; x_wconf 91' lang='lat' dir='ltr'><strong>ita</strong></span> <span class='ocrx_word' id='word_1_118' title='bbox 1294 833 1444 901; x_wconf 87' lang='lat' dir='ltr'><strong>paternam</strong></span> <span class='ocrx_word' id='word_1_119' title='bbox 1466 831 1642 887; x_wconf 84' lang='lat' dir='ltr'><strong>haereditatel</strong></span> 
     </span>
     <span class='ocr_line' id='line_1_22' title="bbox 1010 918 1624 990; baseline 0.007 -20"><span class='ocrx_word' id='word_1_120' title='bbox 1010 918 1126 973; x_wconf 89' lang='lat' dir='ltr'><strong>scilicet</strong></span> <span class='ocrx_word' id='word_1_121' title='bbox 1151 920 1385 989; x_wconf 83' lang='lat' dir='ltr'><strong>Northmanniae‚</strong></span> <span class='ocrx_word' id='word_1_122' title='bbox 1409 920 1624 990; x_wconf 79' lang='lat' dir='ltr'><strong>dissipaverat3</strong></span> 
     </span>
     <span class='ocr_line' id='line_1_23' title="bbox 1010 1006 1642 1081; baseline 0.005 -21"><span class='ocrx_word' id='word_1_123' title='bbox 1010 1006 1156 1063; x_wconf 87' lang='lat' dir='ltr'><strong>civitatem</strong></span> <span class='ocrx_word' id='word_1_124' title='bbox 1183 1009 1456 1081; x_wconf 77' lang='lat' dir='ltr'><strong>llothomagenscm</strong></span> <span class='ocrx_word' id='word_1_125' title='bbox 1480 1008 1551 1063; x_wconf 93' lang='lat' dir='ltr'><strong>nihil</strong></span> <span class='ocrx_word' id='word_1_126' title='bbox 1572 1021 1642 1079; x_wconf 82' lang='lat' dir='ltr'><strong>pene</strong></span> 
     </span>
     <span class='ocr_line' id='line_1_24' title="bbox 1011 1095 1641 1167; baseline 0.005 -19"><span class='ocrx_word' id='word_1_127' title='bbox 1011 1095 1143 1165; x_wconf 87' lang='lat' dir='ltr'><strong>haberet,</strong></span> <span class='ocrx_word' id='word_1_128' title='bbox 1159 1113 1248 1167; x_wconf 89' lang='lat' dir='ltr'><strong>quam</strong></span> <span class='ocrx_word' id='word_1_129' title='bbox 1263 1098 1350 1151; x_wconf 87' lang='lat' dir='ltr'><strong>etiam</strong></span> <span class='ocrx_word' id='word_1_130' title='bbox 1365 1098 1476 1151; x_wconf 85' lang='lat' dir='ltr'><strong>lorsam</strong></span> <span class='ocrx_word' id='word_1_131' title='bbox 1486 1097 1574 1150; x_wconf 88' lang='lat' dir='ltr'><strong>alicui</strong></span> <span class='ocrx_word' id='word_1_132' title='bbox 1586 1099 1641 1151; x_wconf 88' lang='lat' dir='ltr'><strong>uto</strong></span> 
     </span>
    </p>
   </div>
   <div class='ocr_carea' id='block_1_6' title="bbox 1008 1274 1642 1789">
    <p class='ocr_par' dir='ltr' id='par_1_6' title="bbox 1008 1274 1642 1789">
     <span class='ocr_line' id='line_1_25' title="bbox 1009 1274 1627 1346; baseline -0.002 -19"><span class='ocrx_word' id='word_1_133' title='bbox 1009 1274 1068 1342; x_wconf 79' lang='lat' dir='ltr'><strong>liis,</strong></span> <span class='ocrx_word' id='word_1_134' title='bbox 1085 1275 1215 1345; x_wconf 88' lang='lat' dir='ltr'><strong>inquam,</strong></span> <span class='ocrx_word' id='word_1_135' title='bbox 1232 1275 1414 1346; x_wconf 82' lang='lat' dir='ltr'><strong>indignatus,</strong></span> <span class='ocrx_word' id='word_1_136' title='bbox 1435 1290 1516 1328; x_wconf 88' lang='lat' dir='ltr'><strong>mare</strong></span> <span class='ocrx_word' id='word_1_137' title='bbox 1538 1289 1627 1345; x_wconf 89' lang='lat' dir='ltr'><strong>quam</strong></span> 
     </span>
     <span class='ocr_line' id='line_1_26' title="bbox 1009 1363 1642 1434; baseline 0.002 -19"><span class='ocrx_word' id='word_1_138' title='bbox 1009 1363 1169 1432; x_wconf 84' lang='lat' dir='ltr'><strong>transiens,</strong></span> <span class='ocrx_word' id='word_1_139' title='bbox 1187 1370 1274 1434; x_wconf 88' lang='lat' dir='ltr'><strong>atque</strong></span> <span class='ocrx_word' id='word_1_140' title='bbox 1290 1380 1347 1417; x_wconf 92' lang='lat' dir='ltr'><strong>nou</strong></span> <span class='ocrx_word' id='word_1_141' title='bbox 1363 1363 1453 1417; x_wconf 92' lang='lat' dir='ltr'><strong>multo</strong></span> <span class='ocrx_word' id='word_1_142' title='bbox 1469 1366 1537 1432; x_wconf 88' lang='lat' dir='ltr'><strong>post</strong></span> <span class='ocrx_word' id='word_1_143' title='bbox 1549 1377 1608 1417; x_wconf 91' lang='lat' dir='ltr'><strong>non</strong></span> <span class='ocrx_word' id='word_1_144' title='bbox 1622 1377 1642 1430; x_wconf 90' lang='lat' dir='ltr'><strong>p</strong></span> 
     </span>
     <span class='ocr_line' id='line_1_27' title="bbox 1010 1449 1642 1523; baseline 0 -18"><span class='ocrx_word' id='word_1_145' title='bbox 1010 1453 1307 1523; x_wconf 83' lang='lat' dir='ltr'><strong>citumcongregans,</strong></span> <span class='ocrx_word' id='word_1_146' title='bbox 1321 1452 1438 1507; x_wconf 85' lang='lat' dir='ltr'><strong>obsedit</strong></span> <span class='ocrx_word' id='word_1_147' title='bbox 1449 1452 1597 1506; x_wconf 88' lang='lat' dir='ltr'><strong>civitatem</strong></span> <span class='ocrx_word' id='word_1_148' title='bbox 1611 1449 1642 1505; x_wconf 84' lang='lat' dir='ltr'><strong>Bt</strong></span> 
     </span>
     <span class='ocr_line' id='line_1_28' title="bbox 1008 1539 1642 1611; baseline -0.003 -17"><span class='ocrx_word' id='word_1_149' title='bbox 1008 1556 1065 1611; x_wconf 93' lang='lat' dir='ltr'><strong>que</strong></span> <span class='ocrx_word' id='word_1_150' title='bbox 1082 1541 1169 1595; x_wconf 91' lang='lat' dir='ltr'><strong>citius</strong></span> <span class='ocrx_word' id='word_1_151' title='bbox 1193 1541 1324 1611; x_wconf 88' lang='lat' dir='ltr'><strong>capiens,</strong></span> <span class='ocrx_word' id='word_1_152' title='bbox 1341 1540 1404 1596; x_wconf 85' lang='lat' dir='ltr'><strong>fere</strong></span> <span class='ocrx_word' id='word_1_153' title='bbox 1419 1554 1535 1595; x_wconf 90' lang='lat' dir='ltr'><strong>omnem</strong></span> <span class='ocrx_word' id='word_1_154' title='bbox 1553 1539 1642 1595; x_wconf 81' lang='lat' dir='ltr'><strong>destrt</strong></span> 
     </span>
     <span class='ocr_line' id='line_1_29' title="bbox 1010 1629 1642 1699; baseline -0.002 -15"><span class='ocrx_word' id='word_1_155' title='bbox 1010 1630 1087 1699; x_wconf 90' lang='lat' dir='ltr'><strong>cepit</strong></span> <span class='ocrx_word' id='word_1_156' title='bbox 1110 1629 1281 1684; x_wconf 85' lang='lat' dir='ltr'><strong>Cndomum.</strong></span> <span class='ocrx_word' id='word_1_157' title='bbox 1295 1630 1367 1684; x_wconf 88' lang='lat' dir='ltr'><strong>Post</strong></span> <span class='ocrx_word' id='word_1_158' title='bbox 1384 1629 1594 1699; x_wconf 88' lang='lat' dir='ltr'><strong>aliquantulum</strong></span> <span class='ocrx_word' id='word_1_159' title='bbox 1608 1642 1642 1683; x_wconf 89' lang='lat' dir='ltr'><strong>ve</strong></span> 
     </span>
     <span class='ocr_line' id='line_1_30' title="bbox 1009 1716 1642 1789; baseline -0.006 -17"><span class='ocrx_word' id='word_1_160' title='bbox 1009 1734 1076 1773; x_wconf 88' lang='lat' dir='ltr'><strong>cum</strong></span> <span class='ocrx_word' id='word_1_161' title='bbox 1092 1718 1243 1773; x_wconf 85' lang='lat' dir='ltr'><strong>obsideret</strong></span> <span class='ocrx_word' id='word_1_162' title='bbox 1258 1717 1404 1789; x_wconf 79' lang='lat' dir='ltr'><strong>quoddam</strong></span> <span class='ocrx_word' id='word_1_163' title='bbox 1420 1721 1550 1772; x_wconf 88' lang='lat' dir='ltr'><strong>castrum</strong></span> <span class='ocrx_word' id='word_1_164' title='bbox 1561 1716 1642 1771; x_wconf 86' lang='lat' dir='ltr'><strong>comit</strong></span> 
     </span>
    </p>
   </div>
   <div class='ocr_carea' id='block_1_7' title="bbox 114 1801 1640 1898">
    <p class='ocr_par' dir='ltr' id='par_1_7' title="bbox 114 1801 1640 1898">
     <span class='ocr_line' id='line_1_31' title="bbox 114 1801 1640 1898; baseline -0.004 -38"><span class='ocrx_word' id='word_1_165' title='bbox 114 1805 192 1860; x_wconf 89' lang='lat' dir='ltr'><strong>inter</strong></span> <span class='ocrx_word' id='word_1_166' title='bbox 207 1804 464 1858; x_wconf 76' lang='lat' dir='ltr'><strong>Bar-belluviumet</strong></span> <span class='ocrx_word' id='word_1_167' title='bbox 479 1803 665 1873; x_wconf 83' lang='lat' dir='ltr'><strong>Hantonianr,</strong></span> <span class='ocrx_word' id='word_1_168' title='bbox 682 1804 711 1857; x_wconf 93' lang='lat' dir='ltr'><strong>in</strong></span> <span class='ocrx_word' id='word_1_169' title='bbox 722 1802 848 1875; x_wconf 89' lang='lat' dir='ltr'><strong>quodam</strong></span> <span class='ocrx_word' id='word_1_170' title='bbox 860 1801 952 1855; x_wconf 88' lang='lat' dir='ltr'><strong>maris</strong></span> <span class='ocrx_word' id='word_1_171' title='bbox 968 1833 992 1898; x_wconf 61' lang='grc' dir='ltr'>Β</span> <span class='ocrx_word' id='word_1_172' title='bbox 1009 1807 1088 1877; x_wconf 81' lang='lat' dir='ltr'><strong>quod</strong></span> <span class='ocrx_word' id='word_1_173' title='bbox 1103 1810 1226 1861; x_wconf 77' lang='lat' dir='ltr'><strong>vocatur</strong></span> <span class='ocrx_word' id='word_1_174' title='bbox 1236 1805 1465 1874; x_wconf 68' lang='lat' dir='ltr'><strong>Tenerchehrui,</strong></span> <span class='ocrx_word' id='word_1_175' title='bbox 1481 1805 1608 1876; x_wconf 77' lang='lat' dir='ltr'><strong>atquem</strong></span> <span class='ocrx_word' id='word_1_176' title='bbox 1623 1820 1640 1859; x_wconf 91' lang='lat' dir='ltr'><strong>o</strong></span> 
     </span>
    </p>
   </div>
   <div class='ocr_carea' id='block_1_8' title="bbox 113 1889 1642 2410">
    <p class='ocr_par' dir='ltr' id='par_1_8' title="bbox 113 1889 1642 2410">
     <span class='ocr_line' id='line_1_32' title="bbox 113 1889 1642 1965; baseline -0.001 -15"><span class='ocrx_word' id='word_1_177' title='bbox 113 1893 180 1950; x_wconf 91' lang='lat' dir='ltr'><strong>loco</strong></span> <span class='ocrx_word' id='word_1_178' title='bbox 194 1892 379 1963; x_wconf 90' lang='lat' dir='ltr'><strong>periculoso,</strong></span> <span class='ocrx_word' id='word_1_179' title='bbox 396 1891 447 1963; x_wconf 91' lang='lat' dir='ltr'><strong>qui</strong></span> <span class='ocrx_word' id='word_1_180' title='bbox 469 1893 505 1946; x_wconf 93' lang='lat' dir='ltr'><strong>ab</strong></span> <span class='ocrx_word' id='word_1_181' title='bbox 521 1891 627 1946; x_wconf 90' lang='lat' dir='ltr'><strong>incolis</strong></span> <span class='ocrx_word' id='word_1_182' title='bbox 643 1893 764 1947; x_wconf 74' lang='lat' dir='ltr'><strong>cataras</strong></span> <span class='ocrx_word' id='word_1_183' title='bbox 780 1891 898 1959; x_wconf 88' lang='lat' dir='ltr'><strong>dicitur,</strong></span> <span class='ocrx_word' id='word_1_184' title='bbox 914 1889 952 1943; x_wconf 92' lang='lat' dir='ltr'><strong>il·</strong></span> <span class='ocrx_word' id='word_1_185' title='bbox 1008 1896 1128 1951; x_wconf 76' lang='lat' dir='ltr'><strong>horarat</strong></span> <span class='ocrx_word' id='word_1_186' title='bbox 1143 1899 1173 1950; x_wconf 86' lang='lat' dir='ltr'><strong>ul</strong></span> <span class='ocrx_word' id='word_1_187' title='bbox 1182 1894 1253 1949; x_wconf 86' lang='lat' dir='ltr'><strong>illud</strong></span> <span class='ocrx_word' id='word_1_188' title='bbox 1265 1897 1392 1965; x_wconf 86' lang='lat' dir='ltr'><strong>caperet,</strong></span> <span class='ocrx_word' id='word_1_189' title='bbox 1401 1895 1492 1948; x_wconf 89' lang='lat' dir='ltr'><strong>irater</strong></span> <span class='ocrx_word' id='word_1_190' title='bbox 1501 1893 1568 1963; x_wconf 82' lang='lat' dir='ltr'><strong>ejus</strong></span> <span class='ocrx_word' id='word_1_191' title='bbox 1581 1906 1642 1948; x_wconf 82' lang='lat' dir='ltr'><strong>conr</strong></span> 
     </span>
     <span class='ocr_line' id='line_1_33' title="bbox 115 1978 1642 2054; baseline -0.003 -18"><span class='ocrx_word' id='word_1_192' title='bbox 115 1982 173 2038; x_wconf 78' lang='lat' dir='ltr'><strong>lisa</strong></span> <span class='ocrx_word' id='word_1_193' title='bbox 184 1982 253 2036; x_wconf 74' lang='lat' dir='ltr'><strong>navi</strong></span> <span class='ocrx_word' id='word_1_194' title='bbox 268 1980 402 2051; x_wconf 85' lang='lat' dir='ltr'><strong>scopulo,</strong></span> <span class='ocrx_word' id='word_1_195' title='bbox 414 1981 472 2050; x_wconf 86' lang='lat' dir='ltr'><strong>ipsi</strong></span> <span class='ocrx_word' id='word_1_196' title='bbox 484 1980 604 2037; x_wconf 84' lang='lat' dir='ltr'><strong>etmulti</strong></span> <span class='ocrx_word' id='word_1_197' title='bbox 616 1981 772 2052; x_wconf 78' lang='lat' dir='ltr'><strong>optimates</strong></span> <span class='ocrx_word' id='word_1_198' title='bbox 783 1979 875 2050; x_wconf 82' lang='lat' dir='ltr'><strong>patris</strong></span> <span class='ocrx_word' id='word_1_199' title='bbox 887 1978 955 2049; x_wconf 78' lang='lat' dir='ltr'><strong>ejus</strong></span> <span class='ocrx_word' id='word_1_200' title='bbox 1009 1989 1038 2040; x_wconf 83' lang='lat' dir='ltr'><strong>et</strong></span> <span class='ocrx_word' id='word_1_201' title='bbox 1053 1984 1310 2051; x_wconf 80' lang='lat' dir='ltr'><strong>comasltloritolii,</strong></span> <span class='ocrx_word' id='word_1_202' title='bbox 1321 1999 1502 2054; x_wconf 78' lang='lat' dir='ltr'><strong>cummagna</strong></span> <span class='ocrx_word' id='word_1_203' title='bbox 1513 1981 1642 2036; x_wconf 86' lang='lat' dir='ltr'><strong>multitud</strong></span> 
     </span>
     <span class='ocr_line' id='line_1_34' title="bbox 116 2068 1642 2145; baseline -0.004 -19"><span class='ocrx_word' id='word_1_204' title='bbox 116 2070 273 2143; x_wconf 74' lang='lat' dir='ltr'><strong>naufragio</strong></span> <span class='ocrx_word' id='word_1_205' title='bbox 296 2070 456 2140; x_wconf 90' lang='lat' dir='ltr'><strong>perierunt.</strong></span> <span class='ocrx_word' id='word_1_206' title='bbox 482 2068 545 2134; x_wconf 89' lang='lat' dir='ltr'><strong>Quo</strong></span> <span class='ocrx_word' id='word_1_207' title='bbox 570 2069 762 2142; x_wconf 88' lang='lat' dir='ltr'><strong>soloeventu</strong></span> <span class='ocrx_word' id='word_1_208' title='bbox 787 2068 956 2122; x_wconf 83' lang='lat' dir='ltr'><strong>felicitatem</strong></span> <span class='ocrx_word' id='word_1_209' title='bbox 1009 2078 1202 2145; x_wconf 62' lang='lat' dir='ltr'><strong>parentasse</strong></span> <span class='ocrx_word' id='word_1_210' title='bbox 1226 2073 1262 2126; x_wconf 83' lang='lat' dir='ltr'><strong>de</strong></span> <span class='ocrx_word' id='word_1_211' title='bbox 1287 2087 1357 2143; x_wconf 78' lang='lat' dir='ltr'><strong>rege</strong></span> <span class='ocrx_word' id='word_1_212' title='bbox 1384 2072 1511 2126; x_wconf 81' lang='lat' dir='ltr'><strong>Henrico</strong></span> <span class='ocrx_word' id='word_1_213' title='bbox 1535 2069 1642 2125; x_wconf 72' lang='lat' dir='ltr'><strong>vindict</strong></span> 
     </span>
     <span class='ocr_line' id='line_1_35' title="bbox 116 2156 1642 2231; baseline -0.003 -17"><span class='ocrx_word' id='word_1_214' title='bbox 116 2158 363 2216; x_wconf 86' lang='lat' dir='ltr'><strong>excellentissimi</strong></span> <span class='ocrx_word' id='word_1_215' title='bbox 376 2158 460 2230; x_wconf 80' lang='lat' dir='ltr'><strong>regis</strong></span> <span class='ocrx_word' id='word_1_216' title='bbox 478 2156 955 2229; x_wconf 84' lang='lat' dir='ltr'><strong>tortunaaliquantisperobnubi·</strong></span> <span class='ocrx_word' id='word_1_217' title='bbox 1011 2163 1129 2218; x_wconf 76' lang='lat' dir='ltr'><strong>omnino</strong></span> <span class='ocrx_word' id='word_1_218' title='bbox 1145 2162 1181 2217; x_wconf 78' lang='lat' dir='ltr'><strong>de</strong></span> <span class='ocrx_word' id='word_1_219' title='bbox 1196 2166 1273 2216; x_wconf 77' lang='lat' dir='ltr'><strong>term</strong></span> <span class='ocrx_word' id='word_1_220' title='bbox 1291 2160 1401 2231; x_wconf 78' lang='lat' dir='ltr'><strong>delere,</strong></span> <span class='ocrx_word' id='word_1_221' title='bbox 1419 2176 1485 2215; x_wconf 81' lang='lat' dir='ltr'><strong>cum</strong></span> <span class='ocrx_word' id='word_1_222' title='bbox 1502 2173 1609 2231; x_wconf 79' lang='lat' dir='ltr'><strong>magno</strong></span> <span class='ocrx_word' id='word_1_223' title='bbox 1624 2156 1642 2211; x_wconf 89' lang='lat' dir='ltr'><strong>ir</strong></span> 
     </span>
     <span class='ocr_line' id='line_1_36' title="bbox 115 2244 1642 2320; baseline -0.003 -17"><span class='ocrx_word' id='word_1_224' title='bbox 115 2246 198 2316; x_wconf 89' lang='lat' dir='ltr'><strong>lavit,</strong></span> <span class='ocrx_word' id='word_1_225' title='bbox 212 2246 281 2302; x_wconf 90' lang='lat' dir='ltr'><strong>licet</strong></span> <span class='ocrx_word' id='word_1_226' title='bbox 295 2246 326 2301; x_wconf 92' lang='lat' dir='ltr'><strong>in</strong></span> <span class='ocrx_word' id='word_1_227' title='bbox 342 2247 408 2301; x_wconf 91' lang='lat' dir='ltr'><strong>aliis</strong></span> <span class='ocrx_word' id='word_1_228' title='bbox 421 2248 557 2302; x_wconf 90' lang='lat' dir='ltr'><strong>omnibus</strong></span> <span class='ocrx_word' id='word_1_229' title='bbox 573 2246 633 2302; x_wconf 91' lang='lat' dir='ltr'><strong>sibi</strong></span> <span class='ocrx_word' id='word_1_230' title='bbox 647 2244 955 2317; x_wconf 82' lang='lat' dir='ltr'><strong>arrideretjucundis-</strong></span> <span class='ocrx_word' id='word_1_231' title='bbox 1010 2254 1079 2306; x_wconf 81' lang='lat' dir='ltr'><strong>runt</strong></span> <span class='ocrx_word' id='word_1_232' title='bbox 1093 2251 1123 2304; x_wconf 83' lang='lat' dir='ltr'><strong>in</strong></span> <span class='ocrx_word' id='word_1_233' title='bbox 1139 2266 1216 2305; x_wconf 83' lang='lat' dir='ltr'><strong>eum.</strong></span> <span class='ocrx_word' id='word_1_234' title='bbox 1233 2249 1291 2304; x_wconf 82' lang='lat' dir='ltr'><strong>Sed</strong></span> <span class='ocrx_word' id='word_1_235' title='bbox 1310 2248 1424 2320; x_wconf 80' lang='lat' dir='ltr'><strong>jndicio</strong></span> <span class='ocrx_word' id='word_1_236' title='bbox 1449 2249 1500 2303; x_wconf 80' lang='lat' dir='ltr'><strong>Dei</strong></span> <span class='ocrx_word' id='word_1_237' title='bbox 1516 2262 1606 2317; x_wconf 87' lang='lat' dir='ltr'><strong>snper</strong></span> <span class='ocrx_word' id='word_1_238' title='bbox 1620 2260 1642 2301; x_wconf 82' lang='lat' dir='ltr'><strong>a</strong></span> 
     </span>
     <span class='ocr_line' id='line_1_37' title="bbox 116 2333 1642 2410; baseline -0.005 -17"><span class='ocrx_word' id='word_1_239' title='bbox 116 2335 203 2393; x_wconf 88' lang='lat' dir='ltr'><strong>sime.</strong></span> <span class='ocrx_word' id='word_1_240' title='bbox 220 2335 276 2391; x_wconf 89' lang='lat' dir='ltr'><strong>His</strong></span> <span class='ocrx_word' id='word_1_241' title='bbox 291 2336 478 2407; x_wconf 88' lang='lat' dir='ltr'><strong>anticipando</strong></span> <span class='ocrx_word' id='word_1_242' title='bbox 504 2336 755 2407; x_wconf 84' lang='lat' dir='ltr'><strong>commemoratis,</strong></span> <span class='ocrx_word' id='word_1_243' title='bbox 770 2335 806 2390; x_wconf 90' lang='lat' dir='ltr'><strong>ad</strong></span> <span class='ocrx_word' id='word_1_244' title='bbox 823 2333 955 2388; x_wconf 84' lang='lat' dir='ltr'><strong>ordinem</strong></span> <span class='ocrx_word' id='word_1_245' title='bbox 1012 2340 1087 2410; x_wconf 76' lang='lat' dir='ltr'><strong>capti</strong></span> <span class='ocrx_word' id='word_1_246' title='bbox 1104 2345 1174 2393; x_wconf 82' lang='lat' dir='ltr'><strong>sunt</strong></span> <span class='ocrx_word' id='word_1_247' title='bbox 1187 2339 1272 2393; x_wconf 76' lang='lat' dir='ltr'><strong>ambo</strong></span> <span class='ocrx_word' id='word_1_248' title='bbox 1283 2343 1311 2393; x_wconf 79' lang='lat' dir='ltr'><strong>et</strong></span> <span class='ocrx_word' id='word_1_249' title='bbox 1322 2338 1404 2392; x_wconf 80' lang='lat' dir='ltr'><strong>multi</strong></span> <span class='ocrx_word' id='word_1_250' title='bbox 1416 2337 1463 2391; x_wconf 83' lang='lat' dir='ltr'><strong>alii</strong></span> <span class='ocrx_word' id='word_1_251' title='bbox 1478 2353 1545 2391; x_wconf 86' lang='lat' dir='ltr'><strong>cum</strong></span> <span class='ocrx_word' id='word_1_252' title='bbox 1563 2336 1608 2391; x_wconf 86' lang='lat' dir='ltr'><strong>eis</strong></span> <span class='ocrx_word' id='word_1_253' title='bbox 1625 2349 1642 2389; x_wconf 84' lang='lat' dir='ltr'><strong>a</strong></span> 
     </span>
    </p>
   </div>
   <div class='ocr_carea' id='block_1_9' title="bbox 118 2424 636 2588">
    <p class='ocr_par' dir='ltr' id='par_1_9' title="bbox 118 2424 636 2588">
     <span class='ocr_line' id='line_1_38' title="bbox 118 2424 478 2498; baseline 0 -17"><span class='ocrx_word' id='word_1_254' title='bbox 118 2424 266 2498; x_wconf 80' lang='lat' dir='ltr'><strong>reigestae</strong></span> <span class='ocrx_word' id='word_1_255' title='bbox 282 2429 478 2482; x_wconf 81' lang='lat' dir='ltr'><strong>revertamur.</strong></span> 
     </span>
     <span class='ocr_line' id='line_1_39' title="bbox 438 2531 636 2588; baseline -0.01 0"><span class='ocrx_word' id='word_1_256' title='bbox 438 2531 565 2588; x_wconf 76' lang='lat' dir='ltr'>CAPUT</span> <span class='ocrx_word' id='word_1_257' title='bbox 573 2532 636 2587; x_wconf 86' lang='lat' dir='ltr'><strong>llll.</strong></span> 
     </span>
    </p>
   </div>
   <div class='ocr_carea' id='block_1_10' title="bbox 120 2632 961 4291">
    <p class='ocr_par' dir='ltr' id='par_1_10' title="bbox 121 2632 958 2958">
     <span class='ocr_line' id='line_1_40' title="bbox 121 2632 958 2704; baseline -0.008 -10"><span class='ocrx_word' id='word_1_258' title='bbox 121 2636 204 2704; x_wconf 85' lang='lat' dir='ltr'><strong>Quod</strong></span> <span class='ocrx_word' id='word_1_259' title='bbox 226 2637 377 2694; x_wconf 80' lang='lat' dir='ltr'><strong>liebertus</strong></span> <span class='ocrx_word' id='word_1_260' title='bbox 396 2637 458 2692; x_wconf 82' lang='lat' dir='ltr'><strong>dux</strong></span> <span class='ocrx_word' id='word_1_261' title='bbox 480 2638 753 2693; x_wconf 82' lang='lat' dir='ltr'><strong>Nortlrnrannorunr</strong></span> <span class='ocrx_word' id='word_1_262' title='bbox 778 2635 902 2691; x_wconf 85' lang='lat' dir='ltr'><strong>rediens</strong></span> <span class='ocrx_word' id='word_1_263' title='bbox 921 2632 958 2688; x_wconf 86' lang='lat' dir='ltr'><strong>ab</strong></span> 
     </span>
     <span class='ocr_line' id='line_1_41' title="bbox 154 2705 958 2782; baseline -0.009 -18"><span class='ocrx_word' id='word_1_264' title='bbox 154 2708 375 2782; x_wconf 76' lang='lat' dir='ltr'><strong>Hierosolymis</strong></span> <span class='ocrx_word' id='word_1_265' title='bbox 382 2710 506 2763; x_wconf 86' lang='lat' dir='ltr'><strong>transiit</strong></span> <span class='ocrx_word' id='word_1_266' title='bbox 516 2710 547 2762; x_wconf 88' lang='lat' dir='ltr'><strong>in</strong></span> <span class='ocrx_word' id='word_1_267' title='bbox 557 2708 708 2779; x_wconf 77' lang='lat' dir='ltr'><strong>Anpliam,</strong></span> <span class='ocrx_word' id='word_1_268' title='bbox 723 2706 825 2764; x_wconf 75' lang='lat' dir='ltr'><strong>volens</strong></span> <span class='ocrx_word' id='word_1_269' title='bbox 836 2705 958 2760; x_wconf 74' lang='lat' dir='ltr'><strong>auterre</strong></span> 
     </span>
     <span class='ocr_line' id='line_1_42' title="bbox 154 2777 956 2853; baseline -0.009 -18"><span class='ocrx_word' id='word_1_270' title='bbox 154 2795 280 2853; x_wconf 76' lang='lat' dir='ltr'><strong>reqnunr</strong></span> <span class='ocrx_word' id='word_1_271' title='bbox 294 2780 388 2834; x_wconf 76' lang='lat' dir='ltr'><strong>tratri</strong></span> <span class='ocrx_word' id='word_1_272' title='bbox 401 2796 462 2849; x_wconf 86' lang='lat' dir='ltr'><strong>suo,</strong></span> <span class='ocrx_word' id='word_1_273' title='bbox 479 2786 509 2834; x_wconf 89' lang='lat' dir='ltr'><strong>et</strong></span> <span class='ocrx_word' id='word_1_274' title='bbox 532 2780 671 2852; x_wconf 85' lang='lat' dir='ltr'><strong>quomodo</strong></span> <span class='ocrx_word' id='word_1_275' title='bbox 686 2777 858 2834; x_wconf 73' lang='lat' dir='ltr'><strong>conrrordati</strong></span> <span class='ocrx_word' id='word_1_276' title='bbox 877 2782 956 2830; x_wconf 88' lang='lat' dir='ltr'><strong>sunt.</strong></span> 
     </span>
     <span class='ocr_line' id='line_1_43' title="bbox 155 2883 958 2958; baseline -0.01 -15"><span class='ocrx_word' id='word_1_277' title='bbox 155 2885 222 2943; x_wconf 91' lang='lat' dir='ltr'><strong>Non</strong></span> <span class='ocrx_word' id='word_1_278' title='bbox 247 2886 367 2958; x_wconf 75' lang='lat' dir='ltr'><strong>longum</strong></span> <span class='ocrx_word' id='word_1_279' title='bbox 390 2891 487 2941; x_wconf 88' lang='lat' dir='ltr'><strong>autem</strong></span> <span class='ocrx_word' id='word_1_280' title='bbox 507 2888 623 2954; x_wconf 87' lang='lat' dir='ltr'><strong>tempus</strong></span> <span class='ocrx_word' id='word_1_281' title='bbox 647 2883 777 2954; x_wconf 84' lang='lat' dir='ltr'><strong>transiit,</strong></span> <span class='ocrx_word' id='word_1_282' title='bbox 801 2886 958 2954; x_wconf 87' lang='lat' dir='ltr'><strong>postquam</strong></span> 
     </span>
    </p>

    <p class='ocr_par' dir='ltr' id='par_1_11' title="bbox 120 2972 956 3048">
     <span class='ocr_line' id='line_1_44' title="bbox 120 2972 956 3048; baseline -0.01 -17"><span class='ocrx_word' id='word_1_283' title='bbox 120 2974 269 3031; x_wconf 89' lang='lat' dir='ltr'><strong>Henricus</strong></span> <span class='ocrx_word' id='word_1_284' title='bbox 289 2991 342 3031; x_wconf 82' lang='lat' dir='ltr'><strong>rex</strong></span> <span class='ocrx_word' id='word_1_285' title='bbox 361 2990 485 3048; x_wconf 75' lang='lat' dir='ltr'><strong>regnum</strong></span> <span class='ocrx_word' id='word_1_286' title='bbox 501 2974 617 3046; x_wconf 81' lang='lat' dir='ltr'><strong>Angliae</strong></span> <span class='ocrx_word' id='word_1_287' title='bbox 632 2973 796 3046; x_wconf 83' lang='lat' dir='ltr'><strong>regendum</strong></span> <span class='ocrx_word' id='word_1_288' title='bbox 814 2972 956 3042; x_wconf 79' lang='lat' dir='ltr'><strong>suscepit,</strong></span> 
     </span>
    </p>

    <p class='ocr_par' dir='ltr' id='par_1_12' title="bbox 120 3060 955 3138">
     <span class='ocr_line' id='line_1_45' title="bbox 120 3060 955 3138; baseline -0.011 -17"><span class='ocrx_word' id='word_1_289' title='bbox 120 3064 201 3138; x_wconf 85' lang='lat' dir='ltr'><strong>quod</strong></span> <span class='ocrx_word' id='word_1_290' title='bbox 215 3065 305 3119; x_wconf 81' lang='lat' dir='ltr'><strong>irater</strong></span> <span class='ocrx_word' id='word_1_291' title='bbox 320 3080 395 3119; x_wconf 91' lang='lat' dir='ltr'><strong>suus</strong></span> <span class='ocrx_word' id='word_1_292' title='bbox 423 3064 571 3119; x_wconf 87' lang='lat' dir='ltr'><strong>llobertus</strong></span> <span class='ocrx_word' id='word_1_293' title='bbox 594 3063 630 3118; x_wconf 93' lang='lat' dir='ltr'><strong>de</strong></span> <span class='ocrx_word' id='word_1_294' title='bbox 652 3062 841 3118; x_wconf 87' lang='lat' dir='ltr'><strong>Hierusalem</strong></span> <span class='ocrx_word' id='word_1_295' title='bbox 858 3060 955 3125; x_wconf 89' lang='lat' dir='ltr'><strong>rediit,</strong></span> 
     </span>
    </p>

    <p class='ocr_par' dir='ltr' id='par_1_13' title="bbox 120 3148 961 4024">
     <span class='ocr_line' id='line_1_46' title="bbox 121 3148 959 3226; baseline -0.011 -17"><span class='ocrx_word' id='word_1_296' title='bbox 121 3158 208 3226; x_wconf 89' lang='lat' dir='ltr'><strong>atque</strong></span> <span class='ocrx_word' id='word_1_297' title='bbox 222 3154 360 3209; x_wconf 91' lang='lat' dir='ltr'><strong>ducatum</strong></span> <span class='ocrx_word' id='word_1_298' title='bbox 375 3152 609 3219; x_wconf 83' lang='lat' dir='ltr'><strong>Northmanniae,</strong></span> <span class='ocrx_word' id='word_1_299' title='bbox 620 3167 707 3223; x_wconf 92' lang='lat' dir='ltr'><strong>quem</strong></span> <span class='ocrx_word' id='word_1_300' title='bbox 721 3150 806 3205; x_wconf 85' lang='lat' dir='ltr'><strong>tratri</strong></span> <span class='ocrx_word' id='word_1_301' title='bbox 815 3166 870 3205; x_wconf 90' lang='lat' dir='ltr'><strong>suo</strong></span> <span class='ocrx_word' id='word_1_302' title='bbox 886 3148 959 3202; x_wconf 85' lang='lat' dir='ltr'><strong>Wil-</strong></span> 
     </span>
     <span class='ocr_line' id='line_1_47' title="bbox 121 3237 959 3312; baseline -0.01 -14"><span class='ocrx_word' id='word_1_303' title='bbox 121 3241 211 3298; x_wconf 86' lang='lat' dir='ltr'><strong>lelmo</strong></span> <span class='ocrx_word' id='word_1_304' title='bbox 222 3243 436 3311; x_wconf 85' lang='lat' dir='ltr'><strong>invadiaverat,</strong></span> <span class='ocrx_word' id='word_1_305' title='bbox 458 3242 572 3312; x_wconf 91' lang='lat' dir='ltr'><strong>absque</strong></span> <span class='ocrx_word' id='word_1_306' title='bbox 588 3241 678 3295; x_wconf 89' lang='lat' dir='ltr'><strong>ullius</strong></span> <span class='ocrx_word' id='word_1_307' title='bbox 693 3240 826 3311; x_wconf 83' lang='lat' dir='ltr'><strong>pecuniae</strong></span> <span class='ocrx_word' id='word_1_308' title='bbox 841 3237 959 3293; x_wconf 86' lang='lat' dir='ltr'><strong>exhibi-</strong></span> 
     </span>
     <span class='ocr_line' id='line_1_48' title="bbox 120 3327 957 3402; baseline -0.007 -16"><span class='ocrx_word' id='word_1_309' title='bbox 120 3331 201 3387; x_wconf 87' lang='lat' dir='ltr'><strong>tione</strong></span> <span class='ocrx_word' id='word_1_310' title='bbox 216 3331 338 3402; x_wconf 89' lang='lat' dir='ltr'><strong>recepit,</strong></span> <span class='ocrx_word' id='word_1_311' title='bbox 355 3331 424 3386; x_wconf 90' lang='lat' dir='ltr'><strong>licet</strong></span> <span class='ocrx_word' id='word_1_312' title='bbox 435 3332 530 3400; x_wconf 89' lang='lat' dir='ltr'><strong>ipsam</strong></span> <span class='ocrx_word' id='word_1_313' title='bbox 546 3345 691 3385; x_wconf 85' lang='lat' dir='ltr'><strong>summam</strong></span> <span class='ocrx_word' id='word_1_314' title='bbox 701 3345 789 3400; x_wconf 91' lang='lat' dir='ltr'><strong>quam</strong></span> <span class='ocrx_word' id='word_1_315' title='bbox 808 3327 957 3382; x_wconf 86' lang='lat' dir='ltr'><strong>abeodem</strong></span> 
     </span>
     <span class='ocr_line' id='line_1_49' title="bbox 122 3417 958 3487; baseline -0.007 -13"><span class='ocrx_word' id='word_1_316' title='bbox 122 3420 215 3476; x_wconf 82' lang='lat' dir='ltr'><strong>tratre</strong></span> <span class='ocrx_word' id='word_1_317' title='bbox 228 3436 284 3475; x_wconf 86' lang='lat' dir='ltr'><strong>suo</strong></span> <span class='ocrx_word' id='word_1_318' title='bbox 300 3422 465 3487; x_wconf 86' lang='lat' dir='ltr'><strong>acceperet,</strong></span> <span class='ocrx_word' id='word_1_319' title='bbox 481 3433 584 3473; x_wconf 89' lang='lat' dir='ltr'><strong>secum</strong></span> <span class='ocrx_word' id='word_1_320' title='bbox 595 3417 728 3487; x_wconf 89' lang='lat' dir='ltr'><strong>baberet,</strong></span> <span class='ocrx_word' id='word_1_321' title='bbox 746 3419 776 3471; x_wconf 90' lang='lat' dir='ltr'><strong>ut</strong></span> <span class='ocrx_word' id='word_1_322' title='bbox 791 3417 817 3471; x_wconf 93' lang='lat' dir='ltr'><strong>si</strong></span> <span class='ocrx_word' id='word_1_323' title='bbox 833 3428 958 3470; x_wconf 87' lang='lat' dir='ltr'><strong>necesse</strong></span> 
     </span>
     <span class='ocr_line' id='line_1_50' title="bbox 123 3504 959 3578; baseline -0.01 -14"><span class='ocrx_word' id='word_1_324' title='bbox 123 3511 206 3565; x_wconf 90' lang='lat' dir='ltr'><strong>esset</strong></span> <span class='ocrx_word' id='word_1_325' title='bbox 220 3507 403 3574; x_wconf 83' lang='lat' dir='ltr'><strong>redderetur,</strong></span> <span class='ocrx_word' id='word_1_326' title='bbox 420 3510 448 3560; x_wconf 89' lang='lat' dir='ltr'><strong>et</strong></span> <span class='ocrx_word' id='word_1_327' title='bbox 473 3507 500 3560; x_wconf 90' lang='lat' dir='ltr'><strong>si</strong></span> <span class='ocrx_word' id='word_1_328' title='bbox 516 3510 597 3561; x_wconf 87' lang='lat' dir='ltr'><strong>esset</strong></span> <span class='ocrx_word' id='word_1_329' title='bbox 614 3506 666 3578; x_wconf 92' lang='lat' dir='ltr'><strong>qui</strong></span> <span class='ocrx_word' id='word_1_330' title='bbox 689 3521 754 3560; x_wconf 88' lang='lat' dir='ltr'><strong>eam</strong></span> <span class='ocrx_word' id='word_1_331' title='bbox 769 3504 912 3576; x_wconf 78' lang='lat' dir='ltr'><strong>erigeret,</strong></span> <span class='ocrx_word' id='word_1_332' title='bbox 929 3504 959 3556; x_wconf 92' lang='lat' dir='ltr'><strong>in</strong></span> 
     </span>
     <span class='ocr_line' id='line_1_51' title="bbox 122 3593 958 3666; baseline -0.006 -17"><span class='ocrx_word' id='word_1_333' title='bbox 122 3597 260 3666; x_wconf 90' lang='lat' dir='ltr'><strong>promptu</strong></span> <span class='ocrx_word' id='word_1_334' title='bbox 280 3595 411 3649; x_wconf 90' lang='lat' dir='ltr'><strong>haberet.</strong></span> <span class='ocrx_word' id='word_1_335' title='bbox 431 3593 565 3650; x_wconf 80' lang='lat' dir='ltr'><strong>Audiens</strong></span> <span class='ocrx_word' id='word_1_336' title='bbox 589 3595 697 3666; x_wconf 81' lang='lat' dir='ltr'><strong>itaque,</strong></span> <span class='ocrx_word' id='word_1_337' title='bbox 718 3594 796 3665; x_wconf 90' lang='lat' dir='ltr'><strong>quod</strong></span> <span class='ocrx_word' id='word_1_338' title='bbox 811 3593 958 3647; x_wconf 89' lang='lat' dir='ltr'><strong>Henricus</strong></span> 
     </span>
     <span class='ocr_line' id='line_1_52' title="bbox 124 3681 960 3756; baseline -0.004 -19"><span class='ocrx_word' id='word_1_339' title='bbox 124 3683 215 3738; x_wconf 84' lang='lat' dir='ltr'><strong>irater</strong></span> <span class='ocrx_word' id='word_1_340' title='bbox 231 3700 305 3739; x_wconf 91' lang='lat' dir='ltr'><strong>suus</strong></span> <span class='ocrx_word' id='word_1_341' title='bbox 321 3699 373 3739; x_wconf 86' lang='lat' dir='ltr'><strong>rex</strong></span> <span class='ocrx_word' id='word_1_342' title='bbox 389 3684 554 3756; x_wconf 71' lang='lat' dir='ltr'><strong>auglorum</strong></span> <span class='ocrx_word' id='word_1_343' title='bbox 569 3687 651 3739; x_wconf 90' lang='lat' dir='ltr'><strong>esset</strong></span> <span class='ocrx_word' id='word_1_344' title='bbox 666 3683 854 3751; x_wconf 90' lang='lat' dir='ltr'><strong>constitutus,</strong></span> <span class='ocrx_word' id='word_1_345' title='bbox 872 3681 960 3750; x_wconf 83' lang='lat' dir='ltr'><strong>coepit</strong></span> 
     </span>
     <span class='ocr_line' id='line_1_53' title="bbox 124 3769 959 3844; baseline -0.005 -18"><span class='ocrx_word' id='word_1_346' title='bbox 124 3771 274 3844; x_wconf 74' lang='lat' dir='ltr'><strong>indignari</strong></span> <span class='ocrx_word' id='word_1_347' title='bbox 280 3773 427 3828; x_wconf 89' lang='lat' dir='ltr'><strong>adversus</strong></span> <span class='ocrx_word' id='word_1_348' title='bbox 438 3774 716 3843; x_wconf 88' lang='lat' dir='ltr'><strong>illum,multnmqne</strong></span> <span class='ocrx_word' id='word_1_349' title='bbox 726 3770 753 3826; x_wconf 89' lang='lat' dir='ltr'><strong>ei</strong></span> <span class='ocrx_word' id='word_1_350' title='bbox 760 3771 873 3841; x_wconf 88' lang='lat' dir='ltr'><strong>minari,</strong></span> <span class='ocrx_word' id='word_1_351' title='bbox 881 3769 959 3841; x_wconf 90' lang='lat' dir='ltr'><strong>quod</strong></span> 
     </span>
     <span class='ocr_line' id='line_1_54' title="bbox 124 3859 961 3934; baseline -0.007 -17"><span class='ocrx_word' id='word_1_352' title='bbox 124 3877 251 3934; x_wconf 77' lang='lat' dir='ltr'><strong>regnum</strong></span> <span class='ocrx_word' id='word_1_353' title='bbox 262 3863 378 3933; x_wconf 80' lang='lat' dir='ltr'><strong>Angliae</strong></span> <span class='ocrx_word' id='word_1_354' title='bbox 388 3864 543 3934; x_wconf 84' lang='lat' dir='ltr'><strong>suscipere</strong></span> <span class='ocrx_word' id='word_1_355' title='bbox 554 3878 647 3917; x_wconf 89' lang='lat' dir='ltr'><strong>ausus</strong></span> <span class='ocrx_word' id='word_1_356' title='bbox 657 3861 776 3916; x_wconf 87' lang='lat' dir='ltr'><strong>fuisset.</strong></span> <span class='ocrx_word' id='word_1_357' title='bbox 793 3860 855 3914; x_wconf 88' lang='lat' dir='ltr'><strong>llac</strong></span> <span class='ocrx_word' id='word_1_358' title='bbox 870 3859 961 3930; x_wconf 82' lang='lat' dir='ltr'><strong>igitur</strong></span> 
     </span>
     <span class='ocr_line' id='line_1_55' title="bbox 126 3948 958 4024; baseline -0.006 -19"><span class='ocrx_word' id='word_1_359' title='bbox 126 3951 162 4007; x_wconf 92' lang='lat' dir='ltr'><strong>de</strong></span> <span class='ocrx_word' id='word_1_360' title='bbox 178 3966 269 4006; x_wconf 88' lang='lat' dir='ltr'><strong>causa</strong></span> <span class='ocrx_word' id='word_1_361' title='bbox 284 3953 372 4021; x_wconf 87' lang='lat' dir='ltr'><strong>coepit</strong></span> <span class='ocrx_word' id='word_1_362' title='bbox 394 3952 546 4024; x_wconf 79' lang='lat' dir='ltr'><strong>navigium</strong></span> <span class='ocrx_word' id='word_1_363' title='bbox 567 3967 732 4022; x_wconf 73' lang='lat' dir='ltr'><strong>praeparare</strong></span> <span class='ocrx_word' id='word_1_364' title='bbox 746 3949 833 4021; x_wconf 87' lang='lat' dir='ltr'><strong>quale</strong></span> <span class='ocrx_word' id='word_1_365' title='bbox 856 3948 958 4019; x_wconf 91' lang='lat' dir='ltr'><strong>potuit.</strong></span> 
     </span>
    </p>

    <p class='ocr_par' dir='ltr' id='par_1_14' title="bbox 124 4029 959 4112">
     <span class='ocr_line' id='line_1_56' title="bbox 124 4029 959 4112; baseline -0.008 -16"><span class='ocrx_word' id='word_1_366' title='bbox 124 4039 188 4105; x_wconf 88' lang='lat' dir='ltr'><strong>Quo</strong></span> <span class='ocrx_word' id='word_1_367' title='bbox 211 4029 365 4112; x_wconf 87' lang='lat' dir='ltr'><strong>complete,</strong></span> <span class='ocrx_word' id='word_1_368' title='bbox 383 4043 410 4094; x_wconf 93' lang='lat' dir='ltr'><strong>in</strong></span> <span class='ocrx_word' id='word_1_369' title='bbox 428 4041 564 4112; x_wconf 76' lang='lat' dir='ltr'><strong>Anglianr</strong></span> <span class='ocrx_word' id='word_1_370' title='bbox 579 4041 723 4095; x_wconf 88' lang='lat' dir='ltr'><strong>transivit.</strong></span> <span class='ocrx_word' id='word_1_371' title='bbox 743 4038 890 4094; x_wconf 90' lang='lat' dir='ltr'><strong>Hearicus</strong></span> <span class='ocrx_word' id='word_1_372' title='bbox 905 4053 959 4090; x_wconf 89' lang='lat' dir='ltr'><strong>au-</strong></span> 
     </span>
    </p>

    <p class='ocr_par' dir='ltr' id='par_1_15' title="bbox 125 4129 960 4201">
     <span class='ocr_line' id='line_1_57' title="bbox 125 4129 960 4201; baseline -0.008 -17"><span class='ocrx_word' id='word_1_373' title='bbox 125 4132 184 4187; x_wconf 90' lang='lat' dir='ltr'><strong>tem</strong></span> <span class='ocrx_word' id='word_1_374' title='bbox 199 4144 263 4200; x_wconf 82' lang='lat' dir='ltr'><strong>rex,</strong></span> <span class='ocrx_word' id='word_1_375' title='bbox 288 4129 376 4201; x_wconf 79' lang='lat' dir='ltr'><strong>cujus</strong></span> <span class='ocrx_word' id='word_1_376' title='bbox 398 4130 505 4184; x_wconf 89' lang='lat' dir='ltr'><strong>liducia</strong></span> <span class='ocrx_word' id='word_1_377' title='bbox 528 4132 588 4184; x_wconf 89' lang='lat' dir='ltr'><strong>tota</strong></span> <span class='ocrx_word' id='word_1_378' title='bbox 604 4132 666 4183; x_wconf 88' lang='lat' dir='ltr'><strong>orat</strong></span> <span class='ocrx_word' id='word_1_379' title='bbox 688 4130 718 4183; x_wconf 92' lang='lat' dir='ltr'><strong>in</strong></span> <span class='ocrx_word' id='word_1_380' title='bbox 734 4129 805 4196; x_wconf 87' lang='lat' dir='ltr'><strong>Deo,</strong></span> <span class='ocrx_word' id='word_1_381' title='bbox 822 4141 960 4197; x_wconf 75' lang='lat' dir='ltr'><strong>magnam</strong></span> 
     </span>
    </p>

    <p class='ocr_par' dir='ltr' id='par_1_16' title="bbox 124 4217 959 4291">
     <span class='ocr_line' id='line_1_58' title="bbox 124 4217 959 4291; baseline -0.007 -16"><span class='ocrx_word' id='word_1_382' title='bbox 124 4219 289 4291; x_wconf 73' lang='lat' dir='ltr'><strong>Anglorum</strong></span> <span class='ocrx_word' id='word_1_383' title='bbox 304 4219 437 4273; x_wconf 89' lang='lat' dir='ltr'><strong>militiam</strong></span> <span class='ocrx_word' id='word_1_384' title='bbox 448 4218 591 4273; x_wconf 87' lang='lat' dir='ltr'><strong>velociter</strong></span> <span class='ocrx_word' id='word_1_385' title='bbox 601 4233 801 4290; x_wconf 79' lang='lat' dir='ltr'><strong>congregans,</strong></span> <span class='ocrx_word' id='word_1_386' title='bbox 814 4217 959 4271; x_wconf 85' lang='lat' dir='ltr'><strong>adversus</strong></span> 
     </span>
    </p>
   </div>
   <div class='ocr_carea' id='block_1_11' title="bbox 1012 2422 1642 4264">
    <p class='ocr_par' dir='ltr' id='par_1_17' title="bbox 1012 2422 1642 4264">
     <span class='ocr_line' id='line_1_59' title="bbox 1012 2422 1642 2499; baseline -0.008 -17"><span class='ocrx_word' id='word_1_387' title='bbox 1012 2428 1316 2499; x_wconf 80' lang='lat' dir='ltr'><strong>ilenriciregisatquc</strong></span> <span class='ocrx_word' id='word_1_388' title='bbox 1327 2430 1468 2481; x_wconf 83' lang='lat' dir='ltr'><strong>antaeum</strong></span> <span class='ocrx_word' id='word_1_389' title='bbox 1480 2424 1609 2480; x_wconf 86' lang='lat' dir='ltr'><strong>adducti.</strong></span> <span class='ocrx_word' id='word_1_390' title='bbox 1621 2422 1642 2478; x_wconf 89' lang='lat' dir='ltr'>C</span> 
     </span>
     <span class='ocr_line' id='line_1_60' title="bbox 1012 2513 1634 2587; baseline -0.006 -16"><span class='ocrx_word' id='word_1_391' title='bbox 1012 2518 1099 2572; x_wconf 91' lang='lat' dir='ltr'><strong>modo</strong></span> <span class='ocrx_word' id='word_1_392' title='bbox 1119 2517 1199 2572; x_wconf 89' lang='lat' dir='ltr'><strong>Deus</strong></span> <span class='ocrx_word' id='word_1_393' title='bbox 1215 2517 1279 2587; x_wconf 77' lang='lat' dir='ltr'><strong>regi</strong></span> <span class='ocrx_word' id='word_1_394' title='bbox 1299 2532 1332 2570; x_wconf 86' lang='lat' dir='ltr'><strong>sc</strong></span> <span class='ocrx_word' id='word_1_395' title='bbox 1350 2516 1458 2569; x_wconf 91' lang='lat' dir='ltr'><strong>timenti</strong></span> <span class='ocrx_word' id='word_1_396' title='bbox 1481 2513 1634 2568; x_wconf 87' lang='lat' dir='ltr'><strong>victoriam</strong></span> 
     </span>
     <span class='ocr_line' id='line_1_61' title="bbox 1012 2601 1642 2676; baseline -0.008 -15"><span class='ocrx_word' id='word_1_397' title='bbox 1012 2606 1244 2676; x_wconf 89' lang='lat' dir='ltr'><strong>sicutquondam</strong></span> <span class='ocrx_word' id='word_1_398' title='bbox 1255 2605 1423 2659; x_wconf 86' lang='lat' dir='ltr'><strong>Theodosio</strong></span> <span class='ocrx_word' id='word_1_399' title='bbox 1434 2601 1642 2673; x_wconf 85' lang='lat' dir='ltr'><strong>imperatorise</strong></span> 
     </span>
     <span class='ocr_line' id='line_1_62' title="bbox 1012 2689 1642 2749; baseline -0.01 0"><span class='ocrx_word' id='word_1_400' title='bbox 1012 2697 1066 2749; x_wconf 90' lang='lat' dir='ltr'><strong>rat.</strong></span> <span class='ocrx_word' id='word_1_401' title='bbox 1077 2695 1109 2749; x_wconf 87' lang='lat' dir='ltr'><strong>ln</strong></span> <span class='ocrx_word' id='word_1_402' title='bbox 1120 2694 1176 2748; x_wconf 92' lang='lat' dir='ltr'><strong>hoc</strong></span> <span class='ocrx_word' id='word_1_403' title='bbox 1188 2694 1266 2748; x_wconf 85' lang='lat' dir='ltr'><strong>enirn</strong></span> <span class='ocrx_word' id='word_1_404' title='bbox 1285 2693 1421 2747; x_wconf 90' lang='lat' dir='ltr'><strong>oonllictu</strong></span> <span class='ocrx_word' id='word_1_405' title='bbox 1438 2707 1474 2745; x_wconf 88' lang='lat' dir='ltr'><strong>ex</strong></span> <span class='ocrx_word' id='word_1_406' title='bbox 1490 2691 1555 2745; x_wconf 91' lang='lat' dir='ltr'><strong>suis</strong></span> <span class='ocrx_word' id='word_1_407' title='bbox 1571 2689 1642 2744; x_wconf 76' lang='lat' dir='ltr'><strong>nulla</strong></span> 
     </span>
     <span class='ocr_line' id='line_1_63' title="bbox 1013 2778 1639 2854; baseline -0.01 -16"><span class='ocrx_word' id='word_1_408' title='bbox 1013 2801 1046 2839; x_wconf 88' lang='lat' dir='ltr'><strong>sa</strong></span> <span class='ocrx_word' id='word_1_409' title='bbox 1061 2788 1143 2854; x_wconf 90' lang='lat' dir='ltr'><strong>parte</strong></span> <span class='ocrx_word' id='word_1_410' title='bbox 1154 2784 1203 2836; x_wconf 84' lang='lat' dir='ltr'><strong>vix</strong></span> <span class='ocrx_word' id='word_1_411' title='bbox 1213 2781 1368 2852; x_wconf 81' lang='lat' dir='ltr'><strong>sexaginta</strong></span> <span class='ocrx_word' id='word_1_412' title='bbox 1379 2782 1562 2840; x_wconf 80' lang='lat' dir='ltr'><strong>corrnerunt.</strong></span> <span class='ocrx_word' id='word_1_413' title='bbox 1575 2778 1639 2834; x_wconf 82' lang='lat' dir='ltr'><strong>Fini</strong></span> 
     </span>
     <span class='ocr_line' id='line_1_64' title="bbox 1013 2869 1642 2942; baseline -0.01 -15"><span class='ocrx_word' id='word_1_414' title='bbox 1013 2873 1152 2927; x_wconf 85' lang='lat' dir='ltr'><strong>conflictu</strong></span> <span class='ocrx_word' id='word_1_415' title='bbox 1166 2874 1195 2926; x_wconf 91' lang='lat' dir='ltr'><strong>et</strong></span> <span class='ocrx_word' id='word_1_416' title='bbox 1216 2885 1288 2942; x_wconf 89' lang='lat' dir='ltr'><strong>pace</strong></span> <span class='ocrx_word' id='word_1_417' title='bbox 1311 2870 1424 2924; x_wconf 88' lang='lat' dir='ltr'><strong>reddita</strong></span> <span class='ocrx_word' id='word_1_418' title='bbox 1448 2869 1566 2923; x_wconf 76' lang='lat' dir='ltr'><strong>miserae</strong></span> <span class='ocrx_word' id='word_1_419' title='bbox 1590 2882 1642 2938; x_wconf 89' lang='lat' dir='ltr'><strong>pro</strong></span> 
     </span>
     <span class='ocr_line' id='line_1_65' title="bbox 1013 2955 1642 3032; baseline -0.011 -16"><span class='ocrx_word' id='word_1_420' title='bbox 1013 2977 1088 3032; x_wconf 89' lang='lat' dir='ltr'><strong>pene</strong></span> <span class='ocrx_word' id='word_1_421' title='bbox 1103 2977 1156 3030; x_wconf 91' lang='lat' dir='ltr'><strong>per</strong></span> <span class='ocrx_word' id='word_1_422' title='bbox 1170 2960 1398 3029; x_wconf 88' lang='lat' dir='ltr'><strong>imprudentiam</strong></span> <span class='ocrx_word' id='word_1_423' title='bbox 1413 2958 1528 3012; x_wconf 84' lang='lat' dir='ltr'><strong>comitis</strong></span> <span class='ocrx_word' id='word_1_424' title='bbox 1545 2955 1642 3026; x_wconf 72' lang='lat' dir='ltr'><strong>praedi«</strong></span> 
     </span>
     <span class='ocr_line' id='line_1_66' title="bbox 1013 3043 1642 3105; baseline -0.011 0"><span class='ocrx_word' id='word_1_425' title='bbox 1013 3052 1076 3105; x_wconf 88' lang='lat' dir='ltr'><strong>crat</strong></span> <span class='ocrx_word' id='word_1_426' title='bbox 1090 3065 1144 3104; x_wconf 88' lang='lat' dir='ltr'><strong>rex</strong></span> <span class='ocrx_word' id='word_1_427' title='bbox 1173 3048 1320 3103; x_wconf 89' lang='lat' dir='ltr'><strong>Henricus</strong></span> <span class='ocrx_word' id='word_1_428' title='bbox 1345 3050 1434 3102; x_wconf 90' lang='lat' dir='ltr'><strong>totam</strong></span> <span class='ocrx_word' id='word_1_429' title='bbox 1450 3043 1642 3101; x_wconf 89' lang='lat' dir='ltr'><strong>Northmanni</strong></span> 
     </span>
     <span class='ocr_line' id='line_1_67' title="bbox 1014 3134 1642 3194; baseline -0.013 -1"><span class='ocrx_word' id='word_1_430' title='bbox 1014 3138 1135 3194; x_wconf 87' lang='lat' dir='ltr'><strong>castella</strong></span> <span class='ocrx_word' id='word_1_431' title='bbox 1150 3138 1267 3193; x_wconf 90' lang='lat' dir='ltr'><strong>comitis</strong></span> <span class='ocrx_word' id='word_1_432' title='bbox 1278 3136 1416 3191; x_wconf 91' lang='lat' dir='ltr'><strong>ltloritolii</strong></span> <span class='ocrx_word' id='word_1_433' title='bbox 1427 3137 1455 3188; x_wconf 91' lang='lat' dir='ltr'><strong>in</strong></span> <span class='ocrx_word' id='word_1_434' title='bbox 1470 3150 1557 3189; x_wconf 87' lang='lat' dir='ltr'><strong>suurn</strong></span> <span class='ocrx_word' id='word_1_435' title='bbox 1570 3134 1642 3187; x_wconf 85' lang='lat' dir='ltr'><strong>dorni</strong></span> 
     </span>
     <span class='ocr_line' id='line_1_68' title="bbox 1013 3221 1642 3299; baseline -0.011 -16"><span class='ocrx_word' id='word_1_436' title='bbox 1013 3230 1063 3299; x_wconf 92' lang='lat' dir='ltr'><strong>pit.</strong></span> <span class='ocrx_word' id='word_1_437' title='bbox 1090 3228 1184 3299; x_wconf 80' lang='lat' dir='ltr'><strong>Atque</strong></span> <span class='ocrx_word' id='word_1_438' title='bbox 1209 3228 1247 3281; x_wconf 90' lang='lat' dir='ltr'><strong>ita</strong></span> <span class='ocrx_word' id='word_1_439' title='bbox 1263 3226 1342 3281; x_wconf 85' lang='lat' dir='ltr'><strong>omni</strong></span> <span class='ocrx_word' id='word_1_440' title='bbox 1366 3228 1445 3279; x_wconf 89' lang='lat' dir='ltr'><strong>terra</strong></span> <span class='ocrx_word' id='word_1_441' title='bbox 1467 3223 1579 3291; x_wconf 87' lang='lat' dir='ltr'><strong>sedata,</strong></span> <span class='ocrx_word' id='word_1_442' title='bbox 1594 3221 1642 3277; x_wconf 88' lang='lat' dir='ltr'><strong>red</strong></span> 
     </span>
     <span class='ocr_line' id='line_1_69' title="bbox 1014 3313 1642 3390; baseline -0.013 -18"><span class='ocrx_word' id='word_1_443' title='bbox 1014 3318 1115 3390; x_wconf 84' lang='lat' dir='ltr'><strong>gliam,</strong></span> <span class='ocrx_word' id='word_1_444' title='bbox 1124 3318 1286 3372; x_wconf 77' lang='lat' dir='ltr'><strong>liebertum</strong></span> <span class='ocrx_word' id='word_1_445' title='bbox 1297 3315 1432 3370; x_wconf 89' lang='lat' dir='ltr'><strong>comitem</strong></span> <span class='ocrx_word' id='word_1_446' title='bbox 1442 3313 1561 3367; x_wconf 81' lang='lat' dir='ltr'><strong>fratrem</strong></span> <span class='ocrx_word' id='word_1_447' title='bbox 1574 3326 1642 3365; x_wconf 78' lang='lat' dir='ltr'><strong>suni</strong></span> 
     </span>
     <span class='ocr_line' id='line_1_70' title="bbox 1015 3398 1642 3475; baseline -0.013 -14"><span class='ocrx_word' id='word_1_448' title='bbox 1015 3407 1153 3461; x_wconf 89' lang='lat' dir='ltr'><strong>Moritolii</strong></span> <span class='ocrx_word' id='word_1_449' title='bbox 1168 3409 1196 3459; x_wconf 89' lang='lat' dir='ltr'><strong>et</strong></span> <span class='ocrx_word' id='word_1_450' title='bbox 1220 3405 1364 3475; x_wconf 89' lang='lat' dir='ltr'><strong>quosdam</strong></span> <span class='ocrx_word' id='word_1_451' title='bbox 1380 3402 1455 3457; x_wconf 90' lang='lat' dir='ltr'><strong>ulios</strong></span> <span class='ocrx_word' id='word_1_452' title='bbox 1471 3416 1547 3472; x_wconf 91' lang='lat' dir='ltr'><strong>quos</strong></span> <span class='ocrx_word' id='word_1_453' title='bbox 1568 3399 1596 3454; x_wconf 92' lang='lat' dir='ltr'><strong>ei</strong></span> <span class='ocrx_word' id='word_1_454' title='bbox 1610 3398 1642 3470; x_wconf 91' lang='lat' dir='ltr'><strong>pl</strong></span> 
     </span>
     <span class='ocr_line' id='line_1_71' title="bbox 1014 3489 1642 3564; baseline -0.013 -15"><span class='ocrx_word' id='word_1_455' title='bbox 1014 3495 1144 3563; x_wconf 86' lang='lat' dir='ltr'><strong>adduxit,</strong></span> <span class='ocrx_word' id='word_1_456' title='bbox 1157 3509 1268 3564; x_wconf 88' lang='lat' dir='ltr'><strong>eosque</strong></span> <span class='ocrx_word' id='word_1_457' title='bbox 1280 3494 1309 3547; x_wconf 93' lang='lat' dir='ltr'><strong>in</strong></span> <span class='ocrx_word' id='word_1_458' title='bbox 1324 3493 1415 3546; x_wconf 91' lang='lat' dir='ltr'><strong>libera</strong></span> <span class='ocrx_word' id='word_1_459' title='bbox 1432 3489 1567 3545; x_wconf 85' lang='lat' dir='ltr'><strong>custodia</strong></span> <span class='ocrx_word' id='word_1_460' title='bbox 1581 3503 1642 3559; x_wconf 90' lang='lat' dir='ltr'><strong>usq</strong></span> 
     </span>
     <span class='ocr_line' id='line_1_72' title="bbox 1015 3578 1642 3639; baseline -0.011 -1"><span class='ocrx_word' id='word_1_461' title='bbox 1015 3600 1084 3639; x_wconf 90' lang='lat' dir='ltr'><strong>num</strong></span> <span class='ocrx_word' id='word_1_462' title='bbox 1099 3584 1167 3638; x_wconf 86' lang='lat' dir='ltr'><strong>vitea</strong></span> <span class='ocrx_word' id='word_1_463' title='bbox 1183 3599 1283 3638; x_wconf 89' lang='lat' dir='ltr'><strong>corum</strong></span> <span class='ocrx_word' id='word_1_464' title='bbox 1301 3581 1402 3636; x_wconf 91' lang='lat' dir='ltr'><strong>tenuit.</strong></span> <span class='ocrx_word' id='word_1_465' title='bbox 1420 3578 1540 3634; x_wconf 81' lang='lat' dir='ltr'><strong>Factum</strong></span> <span class='ocrx_word' id='word_1_466' title='bbox 1556 3581 1642 3632; x_wconf 80' lang='lat' dir='ltr'><strong>ester</strong></span> 
     </span>
     <span class='ocr_line' id='line_1_73' title="bbox 1015 3666 1642 3744; baseline -0.011 -18"><span class='ocrx_word' id='word_1_467' title='bbox 1015 3673 1075 3728; x_wconf 92' lang='lat' dir='ltr'><strong>lum</strong></span> <span class='ocrx_word' id='word_1_468' title='bbox 1089 3673 1166 3744; x_wconf 90' lang='lat' dir='ltr'><strong>apud</strong></span> <span class='ocrx_word' id='word_1_469' title='bbox 1181 3669 1401 3726; x_wconf 89' lang='lat' dir='ltr'><strong>Tenerchehrui</strong></span> <span class='ocrx_word' id='word_1_470' title='bbox 1411 3669 1489 3724; x_wconf 89' lang='lat' dir='ltr'><strong>inter</strong></span> <span class='ocrx_word' id='word_1_471' title='bbox 1500 3666 1642 3721; x_wconf 82' lang='lat' dir='ltr'><strong>Hearicut</strong></span> 
     </span>
     <span class='ocr_line' id='line_1_74' title="bbox 1016 3754 1642 3834; baseline -0.013 -18"><span class='ocrx_word' id='word_1_472' title='bbox 1016 3763 1132 3834; x_wconf 77' lang='lat' dir='ltr'><strong>giorum</strong></span> <span class='ocrx_word' id='word_1_473' title='bbox 1148 3765 1176 3816; x_wconf 90' lang='lat' dir='ltr'><strong>et</strong></span> <span class='ocrx_word' id='word_1_474' title='bbox 1196 3760 1359 3815; x_wconf 72' lang='lat' dir='ltr'><strong>liebertum</strong></span> <span class='ocrx_word' id='word_1_475' title='bbox 1379 3757 1499 3812; x_wconf 81' lang='lat' dir='ltr'><strong>tratrem</strong></span> <span class='ocrx_word' id='word_1_476' title='bbox 1516 3770 1604 3810; x_wconf 89' lang='lat' dir='ltr'><strong>suum</strong></span> <span class='ocrx_word' id='word_1_477' title='bbox 1620 3754 1642 3809; x_wconf 85' lang='lat' dir='ltr'><strong>d</strong></span> 
     </span>
     <span class='ocr_line' id='line_1_75' title="bbox 1017 3843 1642 3919; baseline -0.011 -14"><span class='ocrx_word' id='word_1_478' title='bbox 1017 3866 1200 3919; x_wconf 82' lang='lat' dir='ltr'><strong>mancorum,</strong></span> <span class='ocrx_word' id='word_1_479' title='bbox 1218 3864 1296 3903; x_wconf 91' lang='lat' dir='ltr'><strong>anno</strong></span> <span class='ocrx_word' id='word_1_480' title='bbox 1319 3848 1354 3901; x_wconf 91' lang='lat' dir='ltr'><strong>ab</strong></span> <span class='ocrx_word' id='word_1_481' title='bbox 1377 3845 1581 3900; x_wconf 89' lang='lat' dir='ltr'><strong>lucarnatione</strong></span> <span class='ocrx_word' id='word_1_482' title='bbox 1602 3843 1642 3898; x_wconf 86' lang='lat' dir='ltr'><strong>Do</strong></span> 
     </span>
     <span class='ocr_line' id='line_1_76' title="bbox 1015 3936 1642 4000; baseline -0.014 -6"><span class='ocrx_word' id='word_1_483' title='bbox 1015 3939 1080 3995; x_wconf 75' lang='lat' dir='ltr'><strong>liat.</strong></span> <span class='ocrx_word' id='word_1_484' title='bbox 1096 3939 1243 3994; x_wconf 87' lang='lat' dir='ltr'><strong>Octobris.</strong></span> <span class='ocrx_word' id='word_1_485' title='bbox 1259 3936 1369 3991; x_wconf 84' lang='lat' dir='ltr'><strong>Eodem</strong></span> <span class='ocrx_word' id='word_1_486' title='bbox 1384 3937 1481 3990; x_wconf 88' lang='lat' dir='ltr'><strong>autern</strong></span> <span class='ocrx_word' id='word_1_487' title='bbox 1495 3948 1582 4000; x_wconf 90' lang='lat' dir='ltr'><strong>anno,</strong></span> <span class='ocrx_word' id='word_1_488' title='bbox 1599 3946 1642 3986; x_wconf 89' lang='lat' dir='ltr'><strong>me</strong></span> 
     </span>
     <span class='ocr_line' id='line_1_77' title="bbox 1015 4019 1642 4099; baseline -0.019 -14"><span class='ocrx_word' id='word_1_489' title='bbox 1015 4030 1070 4099; x_wconf 89' lang='lat' dir='ltr'><strong>rio,</strong></span> <span class='ocrx_word' id='word_1_490' title='bbox 1088 4030 1217 4084; x_wconf 86' lang='lat' dir='ltr'><strong>cometes</strong></span> <span class='ocrx_word' id='word_1_491' title='bbox 1233 4027 1416 4097; x_wconf 87' lang='lat' dir='ltr'><strong>apparuerat,</strong></span> <span class='ocrx_word' id='word_1_492' title='bbox 1434 4022 1557 4094; x_wconf 79' lang='lat' dir='ltr'><strong>regibus</strong></span> <span class='ocrx_word' id='word_1_493' title='bbox 1572 4023 1601 4075; x_wconf 91' lang='lat' dir='ltr'><strong>et</strong></span> <span class='ocrx_word' id='word_1_494' title='bbox 1615 4019 1642 4075; x_wconf 81' lang='lat' dir='ltr'><strong>dr</strong></span> 
     </span>
     <span class='ocr_line' id='line_1_78' title="bbox 1016 4110 1642 4188; baseline -0.018 -15"><span class='ocrx_word' id='word_1_495' title='bbox 1016 4122 1094 4174; x_wconf 91' lang='lat' dir='ltr'><strong>tione</strong></span> <span class='ocrx_word' id='word_1_496' title='bbox 1118 4132 1279 4188; x_wconf 79' lang='lat' dir='ltr'><strong>regnorum</strong></span> <span class='ocrx_word' id='word_1_497' title='bbox 1296 4114 1447 4170; x_wconf 87' lang='lat' dir='ltr'><strong>terribilis.</strong></span> <span class='ocrx_word' id='word_1_498' title='bbox 1472 4110 1557 4166; x_wconf 80' lang='lat' dir='ltr'><strong>Rexit</strong></span> <span class='ocrx_word' id='word_1_499' title='bbox 1578 4111 1642 4163; x_wconf 88' lang='lat' dir='ltr'><strong>cute</strong></span> 
     </span>
     <span class='ocr_line' id='line_1_79' title="bbox 1017 4197 1642 4264; baseline -0.019 -1"><span class='ocrx_word' id='word_1_500' title='bbox 1017 4224 1118 4264; x_wconf 89' lang='lat' dir='ltr'><strong>comcs</strong></span> <span class='ocrx_word' id='word_1_501' title='bbox 1140 4207 1278 4260; x_wconf 89' lang='lat' dir='ltr'><strong>ducatum</strong></span> <span class='ocrx_word' id='word_1_502' title='bbox 1304 4200 1526 4258; x_wconf 83' lang='lat' dir='ltr'><strong>Northmanniae</strong></span> <span class='ocrx_word' id='word_1_503' title='bbox 1546 4197 1578 4253; x_wconf 79' lang='lat'><strong>19</strong></span> <span class='ocrx_word' id='word_1_504' title='bbox 1601 4214 1642 4252; x_wconf 88' lang='lat' dir='ltr'><strong>an:</strong></span> 
     </span>
    </p>
   </div>
   <div class='ocr_carea' id='block_1_12' title="bbox 1017 4288 1641 4442">
    <p class='ocr_par' dir='ltr' id='par_1_18' title="bbox 1017 4288 1641 4442">
     <span class='ocr_line' id='line_1_80' title="bbox 1017 4288 1640 4368; baseline -0.019 -15"><span class='ocrx_word' id='word_1_505' title='bbox 1017 4299 1122 4368; x_wconf 89' lang='lat' dir='ltr'><strong>spatio,</strong></span> <span class='ocrx_word' id='word_1_506' title='bbox 1140 4313 1198 4368; x_wconf 92' lang='lat' dir='ltr'><strong>quo</strong></span> <span class='ocrx_word' id='word_1_507' title='bbox 1212 4297 1243 4350; x_wconf 92' lang='lat' dir='ltr'><strong>in</strong></span> <span class='ocrx_word' id='word_1_508' title='bbox 1267 4294 1370 4348; x_wconf 88' lang='lat' dir='ltr'><strong>itinere</strong></span> <span class='ocrx_word' id='word_1_509' title='bbox 1394 4288 1583 4345; x_wconf 87' lang='lat' dir='ltr'><strong>Hierusalem</strong></span> <span class='ocrx_word' id='word_1_510' title='bbox 1603 4288 1640 4342; x_wconf 90' lang='lat' dir='ltr'><strong>de</strong></span> 
     </span>
     <span class='ocr_line' id='line_1_81' title="bbox 1017 4378 1641 4442; baseline -0.019 0"><span class='ocrx_word' id='word_1_511' title='bbox 1017 4387 1083 4442; x_wconf 79' lang='lat' dir='ltr'><strong>Fuit</strong></span> <span class='ocrx_word' id='word_1_512' title='bbox 1097 4387 1146 4440; x_wconf 92' lang='lat' dir='ltr'><strong>hic</strong></span> <span class='ocrx_word' id='word_1_513' title='bbox 1163 4384 1312 4441; x_wconf 85' lang='lat' dir='ltr'><strong>Robertus</strong></span> <span class='ocrx_word' id='word_1_514' title='bbox 1327 4381 1413 4436; x_wconf 90' lang='lat' dir='ltr'><strong>miles</strong></span> <span class='ocrx_word' id='word_1_515' title='bbox 1425 4378 1609 4435; x_wconf 80' lang='lat' dir='ltr'><strong>fortissimus</strong></span> <span class='ocrx_word' id='word_1_516' title='bbox 1624 4389 1641 4430; x_wconf 87' lang='lat' dir='ltr'><strong>e</strong></span> 
     </span>
    </p>
   </div>
   <div class='ocr_carea' id='block_1_13' title="bbox 126 4307 1642 5097">
    <p class='ocr_par' dir='ltr' id='par_1_19' title="bbox 126 4307 1642 5097">
     <span class='ocr_line' id='line_1_82' title="bbox 126 4307 961 4379; baseline -0.008 -15"><span class='ocrx_word' id='word_1_517' title='bbox 126 4323 194 4364; x_wconf 89' lang='lat' dir='ltr'><strong>eum</strong></span> <span class='ocrx_word' id='word_1_518' title='bbox 209 4309 299 4379; x_wconf 90' lang='lat' dir='ltr'><strong>vonit,</strong></span> <span class='ocrx_word' id='word_1_519' title='bbox 315 4311 436 4379; x_wconf 89' lang='lat' dir='ltr'><strong>paratus</strong></span> <span class='ocrx_word' id='word_1_520' title='bbox 447 4325 514 4363; x_wconf 88' lang='lat' dir='ltr'><strong>cum</strong></span> <span class='ocrx_word' id='word_1_521' title='bbox 525 4310 553 4362; x_wconf 90' lang='lat' dir='ltr'><strong>ct</strong></span> <span class='ocrx_word' id='word_1_522' title='bbox 562 4323 666 4363; x_wconf 91' lang='lat' dir='ltr'><strong>omnes</strong></span> <span class='ocrx_word' id='word_1_523' title='bbox 685 4307 735 4378; x_wconf 91' lang='lat' dir='ltr'><strong>qui</strong></span> <span class='ocrx_word' id='word_1_524' title='bbox 746 4322 813 4362; x_wconf 89' lang='lat' dir='ltr'><strong>eum</strong></span> <span class='ocrx_word' id='word_1_525' title='bbox 824 4321 859 4360; x_wconf 94' lang='lat' dir='ltr'><strong>eo</strong></span> <span class='ocrx_word' id='word_1_526' title='bbox 870 4320 961 4358; x_wconf 90' lang='lat' dir='ltr'><strong>venc-</strong></span> 
     </span>
     <span class='ocr_line' id='line_1_83' title="bbox 127 4394 960 4470; baseline -0.004 -18"><span class='ocrx_word' id='word_1_527' title='bbox 127 4401 202 4467; x_wconf 90' lang='lat' dir='ltr'><strong>rant,</strong></span> <span class='ocrx_word' id='word_1_528' title='bbox 218 4397 254 4452; x_wconf 92' lang='lat' dir='ltr'><strong>de</strong></span> <span class='ocrx_word' id='word_1_529' title='bbox 269 4400 348 4452; x_wconf 88' lang='lat' dir='ltr'><strong>turra</strong></span> <span class='ocrx_word' id='word_1_530' title='bbox 364 4397 531 4470; x_wconf 64' lang='lat' dir='ltr'><strong>ilnglorum</strong></span> <span class='ocrx_word' id='word_1_531' title='bbox 546 4397 705 4467; x_wconf 83' lang='lat' dir='ltr'><strong>expellere.</strong></span> <span class='ocrx_word' id='word_1_532' title='bbox 722 4394 805 4460; x_wconf 90' lang='lat' dir='ltr'><strong>Quod</strong></span> <span class='ocrx_word' id='word_1_533' title='bbox 816 4394 960 4465; x_wconf 83' lang='lat' dir='ltr'><strong>profecto,</strong></span> 
     </span>
     <span class='ocr_line' id='line_1_84' title="bbox 127 4465 1642 4558; baseline -0.013 -17"><span class='ocrx_word' id='word_1_534' title='bbox 127 4491 275 4542; x_wconf 88' lang='lat' dir='ltr'><strong>annuente</strong></span> <span class='ocrx_word' id='word_1_535' title='bbox 287 4486 358 4556; x_wconf 89' lang='lat' dir='ltr'><strong>Deo,</strong></span> <span class='ocrx_word' id='word_1_536' title='bbox 371 4487 491 4542; x_wconf 83' lang='lat' dir='ltr'><strong>inbrevi</strong></span> <span class='ocrx_word' id='word_1_537' title='bbox 503 4487 627 4558; x_wconf 80' lang='lat' dir='ltr'><strong>egisset,</strong></span> <span class='ocrx_word' id='word_1_538' title='bbox 638 4485 695 4540; x_wconf 92' lang='lat' dir='ltr'><strong>nisi</strong></span> <span class='ocrx_word' id='word_1_539' title='bbox 707 4484 800 4539; x_wconf 85' lang='lat' dir='ltr'><strong>trater</strong></span> <span class='ocrx_word' id='word_1_540' title='bbox 810 4499 885 4537; x_wconf 90' lang='lat' dir='ltr'><strong>suus</strong></span> <span class='ocrx_word' id='word_1_541' title='bbox 895 4498 961 4538; x_wconf 85' lang='lat' dir='ltr'><strong>curn</strong></span> <span class='ocrx_word' id='word_1_542' title='bbox 1017 4477 1084 4531; x_wconf 85' lang='lat' dir='ltr'><strong>litor</strong></span> <span class='ocrx_word' id='word_1_543' title='bbox 1099 4475 1211 4546; x_wconf 75' lang='lat' dir='ltr'><strong>gessit,</strong></span> <span class='ocrx_word' id='word_1_544' title='bbox 1234 4471 1359 4525; x_wconf 80' lang='lat' dir='ltr'><strong>maxime</strong></span> <span class='ocrx_word' id='word_1_545' title='bbox 1379 4468 1496 4542; x_wconf 87' lang='lat' dir='ltr'><strong>quando</strong></span> <span class='ocrx_word' id='word_1_546' title='bbox 1518 4483 1535 4520; x_wconf 86' lang='lat' dir='ltr'><strong>a</strong></span> <span class='ocrx_word' id='word_1_547' title='bbox 1559 4465 1642 4521; x_wconf 83' lang='lat' dir='ltr'><strong>chris</strong></span> 
     </span>
     <span class='ocr_line' id='line_1_85' title="bbox 128 4540 1642 4646; baseline -0.014 -15"><span class='ocrx_word' id='word_1_548' title='bbox 128 4591 163 4631; x_wconf 91' lang='lat' dir='ltr'><strong>co</strong></span> <span class='ocrx_word' id='word_1_549' title='bbox 174 4576 231 4631; x_wconf 92' lang='lat' dir='ltr'><strong>hoc</strong></span> <span class='ocrx_word' id='word_1_550' title='bbox 244 4578 330 4646; x_wconf 90' lang='lat' dir='ltr'><strong>pacto</strong></span> <span class='ocrx_word' id='word_1_551' title='bbox 341 4576 542 4644; x_wconf 89' lang='lat' dir='ltr'><strong>concordaret,</strong></span> <span class='ocrx_word' id='word_1_552' title='bbox 555 4579 586 4629; x_wconf 92' lang='lat' dir='ltr'><strong>ut</strong></span> <span class='ocrx_word' id='word_1_553' title='bbox 599 4575 664 4645; x_wconf 86' lang='lat' dir='ltr'><strong>ipse</strong></span> <span class='ocrx_word' id='word_1_554' title='bbox 679 4588 732 4628; x_wconf 86' lang='lat' dir='ltr'><strong>rex</strong></span> <span class='ocrx_word' id='word_1_555' title='bbox 747 4573 788 4626; x_wconf 91' lang='lat' dir='ltr'><strong>illi</strong></span> <span class='ocrx_word' id='word_1_556' title='bbox 803 4571 961 4643; x_wconf 87' lang='lat' dir='ltr'><strong>quotannis</strong></span> <span class='ocrx_word' id='word_1_557' title='bbox 974 4540 1004 4610; x_wconf 70' lang='grc' dir='ltr'>ὓ</span> <span class='ocrx_word' id='word_1_558' title='bbox 1018 4564 1083 4620; x_wconf 92' lang='lat' dir='ltr'><strong>chia</strong></span> <span class='ocrx_word' id='word_1_559' title='bbox 1098 4568 1126 4618; x_wconf 90' lang='lat' dir='ltr'><strong>et</strong></span> <span class='ocrx_word' id='word_1_560' title='bbox 1142 4561 1328 4617; x_wconf 87' lang='lat' dir='ltr'><strong>Hierusalem</strong></span> <span class='ocrx_word' id='word_1_561' title='bbox 1349 4574 1440 4629; x_wconf 88' lang='lat' dir='ltr'><strong>super</strong></span> <span class='ocrx_word' id='word_1_562' title='bbox 1463 4556 1642 4612; x_wconf 83' lang='lat' dir='ltr'><strong>Sarracenos</strong></span> 
     </span>
     <span class='ocr_line' id='line_1_86' title="bbox 128 4644 1642 4735; baseline -0.005 -16"><span class='ocrx_word' id='word_1_563' title='bbox 128 4666 217 4720; x_wconf 88' lang='lat' dir='ltr'><strong>millia</strong></span> <span class='ocrx_word' id='word_1_564' title='bbox 232 4664 369 4718; x_wconf 87' lang='lat' dir='ltr'><strong>marchas</strong></span> <span class='ocrx_word' id='word_1_565' title='bbox 385 4664 498 4735; x_wconf 81' lang='lat' dir='ltr'><strong>argenti</strong></span> <span class='ocrx_word' id='word_1_566' title='bbox 514 4667 655 4734; x_wconf 88' lang='lat' dir='ltr'><strong>perpetuo</strong></span> <span class='ocrx_word' id='word_1_567' title='bbox 671 4663 763 4717; x_wconf 90' lang='lat' dir='ltr'><strong>daret.</strong></span> <span class='ocrx_word' id='word_1_568' title='bbox 781 4662 863 4715; x_wconf 89' lang='lat' dir='ltr'><strong>Hanc</strong></span> <span class='ocrx_word' id='word_1_569' title='bbox 879 4677 961 4715; x_wconf 90' lang='lat' dir='ltr'><strong>sum·</strong></span> <span class='ocrx_word' id='word_1_570' title='bbox 1017 4654 1062 4707; x_wconf 69' lang='grc' dir='ltr'><strong>Λᾶ</strong></span> <span class='ocrx_word' id='word_1_571' title='bbox 1078 4652 1210 4724; x_wconf 71' lang='lat' dir='ltr'><strong>regimen</strong></span> <span class='ocrx_word' id='word_1_572' title='bbox 1226 4652 1323 4704; x_wconf 63' lang='lat' dir='ltr'><strong>tamen</strong></span> <span class='ocrx_word' id='word_1_573' title='bbox 1348 4647 1472 4700; x_wconf 61' lang='lat' dir='ltr'><strong>(lutatus</strong></span> <span class='ocrx_word' id='word_1_574' title='bbox 1494 4644 1593 4698; x_wconf 63' lang='lat' dir='ltr'><strong>¹1¹5ssssss</strong></span> <span class='ocrx_word' id='word_1_575' title='bbox 1615 4645 1642 4696; x_wconf 74' lang='lat'><strong>¹¹¹</strong></span> 
     </span>
     <span class='ocr_line' id='line_1_87' title="bbox 126 4731 1642 4824; baseline -0.014 -15"><span class='ocrx_word' id='word_1_576' title='bbox 126 4770 204 4810; x_wconf 88' lang='lat' dir='ltr'><strong>mam</strong></span> <span class='ocrx_word' id='word_1_577' title='bbox 218 4755 403 4824; x_wconf 43' lang='lat' dir='ltr'><strong>tamengidem</strong></span> <span class='ocrx_word' id='word_1_578' title='bbox 413 4769 512 4808; x_wconf 88' lang='lat' dir='ltr'><strong>comes</strong></span> <span class='ocrx_word' id='word_1_579' title='bbox 529 4751 660 4806; x_wconf 83' lang='lat' dir='ltr'><strong>Maluildi</strong></span> <span class='ocrx_word' id='word_1_580' title='bbox 675 4751 788 4823; x_wconf 79' lang='lat' dir='ltr'><strong>reginae</strong></span> <span class='ocrx_word' id='word_1_581' title='bbox 797 4750 898 4804; x_wconf 80' lang='lat' dir='ltr'><strong>fratris</strong></span> <span class='ocrx_word' id='word_1_582' title='bbox 911 4750 961 4804; x_wconf 90' lang='lat' dir='ltr'><strong>sui</strong></span> <span class='ocrx_word' id='word_1_583' title='bbox 1018 4741 1235 4811; x_wconf 88' lang='lat' dir='ltr'><strong>simplicitatem</strong></span> <span class='ocrx_word' id='word_1_584' title='bbox 1250 4753 1333 4793; x_wconf 89' lang='lat' dir='ltr'><strong>sunm</strong></span> <span class='ocrx_word' id='word_1_585' title='bbox 1349 4739 1378 4790; x_wconf 91' lang='lat' dir='ltr'><strong>et</strong></span> <span class='ocrx_word' id='word_1_586' title='bbox 1399 4736 1519 4805; x_wconf 87' lang='lat' dir='ltr'><strong>propter</strong></span> <span class='ocrx_word' id='word_1_587' title='bbox 1539 4731 1642 4788; x_wconf 84' lang='lat' dir='ltr'><strong>consili</strong></span> 
     </span>
     <span class='ocr_line' id='line_1_88' title="bbox 128 4822 1594 4917; baseline -0.006 -18"><span class='ocrx_word' id='word_1_588' title='bbox 128 4843 251 4917; x_wconf 74' lang='lat' dir='ltr'><strong>conjugi</strong></span> <span class='ocrx_word' id='word_1_589' title='bbox 265 4843 451 4898; x_wconf 89' lang='lat' dir='ltr'><strong>condonavit.</strong></span> <span class='ocrx_word' id='word_1_590' title='bbox 468 4840 556 4896; x_wconf 86' lang='lat' dir='ltr'><strong>Facta</strong></span> <span class='ocrx_word' id='word_1_591' title='bbox 572 4843 669 4912; x_wconf 89' lang='lat' dir='ltr'><strong>ltaque</strong></span> <span class='ocrx_word' id='word_1_592' title='bbox 684 4840 824 4895; x_wconf 91' lang='lat' dir='ltr'><strong>intereos</strong></span> <span class='ocrx_word' id='word_1_593' title='bbox 839 4854 961 4894; x_wconf 89' lang='lat' dir='ltr'><strong>concor·</strong></span> <span class='ocrx_word' id='word_1_594' title='bbox 1017 4831 1076 4887; x_wconf 75' lang='lat' dir='ltr'><strong>hus</strong></span> <span class='ocrx_word' id='word_1_595' title='bbox 1091 4830 1212 4885; x_wconf 77' lang='lat' dir='ltr'><strong>nimium</strong></span> <span class='ocrx_word' id='word_1_596' title='bbox 1227 4843 1328 4882; x_wconf 67' lang='lat' dir='ltr'><strong>turem</strong></span> <span class='ocrx_word' id='word_1_597' title='bbox 1343 4822 1594 4879; x_wconf 68' lang='lat' dir='ltr'><strong>⁸⁰⁰⁰¹¹¹ffl⁰dtb³t·</strong></span> 
     </span>
     <span class='ocr_line' id='line_1_89' title="bbox 127 4928 1546 5005; baseline -0.006 -17"><span class='ocrx_word' id='word_1_598' title='bbox 127 4933 185 5005; x_wconf 88' lang='lat' dir='ltr'><strong>dia,</strong></span> <span class='ocrx_word' id='word_1_599' title='bbox 203 4933 351 5005; x_wconf 87' lang='lat' dir='ltr'><strong>aliquanto</strong></span> <span class='ocrx_word' id='word_1_600' title='bbox 369 4934 501 5001; x_wconf 90' lang='lat' dir='ltr'><strong>tompore</strong></span> <span class='ocrx_word' id='word_1_601' title='bbox 528 4930 699 4985; x_wconf 88' lang='lat' dir='ltr'><strong>demoratus</strong></span> <span class='ocrx_word' id='word_1_602' title='bbox 722 4932 768 4983; x_wconf 89' lang='lat' dir='ltr'><strong>est</strong></span> <span class='ocrx_word' id='word_1_603' title='bbox 782 4944 884 4983; x_wconf 89' lang='lat' dir='ltr'><strong>comes</strong></span> <span class='ocrx_word' id='word_1_604' title='bbox 901 4928 962 4982; x_wconf 85' lang='lat' dir='ltr'><strong>Ro·</strong></span> <span class='ocrx_word' id='word_1_605' title='bbox 1316 4931 1442 4986; x_wconf 74' lang='lat' dir='ltr'>CAPUT</span> <span class='ocrx_word' id='word_1_606' title='bbox 1467 4929 1546 4983; x_wconf 78' lang='lat' dir='ltr'><strong>xlv.</strong></span> 
     </span>
     <span class='ocr_line' id='line_1_90' title="bbox 127 5015 1642 5097; baseline -0.016 -4"><span class='ocrx_word' id='word_1_607' title='bbox 127 5021 231 5078; x_wconf 73' lang='lat' dir='ltr'><strong>bertus</strong></span> <span class='ocrx_word' id='word_1_608' title='bbox 256 5022 284 5076; x_wconf 75' lang='lat' dir='ltr'><strong>a</strong></span> <span class='ocrx_word' id='word_1_609' title='bbox 314 5021 431 5092; x_wconf 77' lang='lat' dir='ltr'><strong>Anglia.</strong></span> <span class='ocrx_word' id='word_1_610' title='bbox 462 5020 494 5073; x_wconf 82' lang='lat'><strong>111</strong></span> <span class='ocrx_word' id='word_1_611' title='bbox 517 5036 575 5091; x_wconf 67' lang='lat' dir='ltr'><strong>aut</strong></span> <span class='ocrx_word' id='word_1_612' title='bbox 598 5020 754 5089; x_wconf 79' lang='lat' dir='ltr'><strong>postquam</strong></span> <span class='ocrx_word' id='word_1_613' title='bbox 778 5017 877 5072; x_wconf 76' lang='lat' dir='ltr'><strong>anm</strong></span> <span class='ocrx_word' id='word_1_614' title='bbox 898 5015 960 5085; x_wconf 81' lang='lat' dir='ltr'><strong>luit,</strong></span> <span class='ocrx_word' id='word_1_615' title='bbox 1019 5028 1063 5083; x_wconf 77' lang='lat' dir='ltr'><strong>ne</strong></span> <span class='ocrx_word' id='word_1_616' title='bbox 1079 5024 1196 5097; x_wconf 71' lang='lat' dir='ltr'><strong>arm-ru</strong></span> <span class='ocrx_word' id='word_1_617' title='bbox 1213 5037 1305 5078; x_wconf 70' lang='lat' dir='ltr'><strong>uxore</strong></span> <span class='ocrx_word' id='word_1_618' title='bbox 1325 5019 1409 5075; x_wconf 62' lang='lat' dir='ltr'><strong>uncis</strong></span> <span class='ocrx_word' id='word_1_619' title='bbox 1425 5018 1552 5074; x_wconf 68' lang='lat' dir='ltr'><strong>acriora</strong></span> <span class='ocrx_word' id='word_1_620' title='bbox 1566 5021 1595 5072; x_wconf 74' lang='lat' dir='ltr'><strong>et</strong></span> <span class='ocrx_word' id='word_1_621' title='bbox 1624 5015 1642 5069; x_wconf 83' lang='lat' dir='ltr'><strong>v</strong></span> 
     </span>
    </p>
   </div>
   <div class='ocr_carea' id='block_1_14' title="bbox 127 5086 1642 5223">
    <p class='ocr_par' dir='ltr' id='par_1_20' title="bbox 127 5086 1642 5223">
     <span class='ocr_line' id='line_1_91' title="bbox 127 5086 1642 5223; baseline -0.018 -56"><span class='ocrx_word' id='word_1_622' title='bbox 127 5115 266 5182; x_wconf 89' lang='lat' dir='ltr'><strong>quantum</strong></span> <span class='ocrx_word' id='word_1_623' title='bbox 281 5113 307 5166; x_wconf 93' lang='lat' dir='ltr'><strong>ei</strong></span> <span class='ocrx_word' id='word_1_624' title='bbox 323 5110 441 5181; x_wconf 90' lang='lat' dir='ltr'><strong>placuit,</strong></span> <span class='ocrx_word' id='word_1_625' title='bbox 455 5110 484 5163; x_wconf 91' lang='lat' dir='ltr'><strong>in</strong></span> <span class='ocrx_word' id='word_1_626' title='bbox 499 5107 740 5163; x_wconf 84' lang='lat' dir='ltr'><strong>Northmanniam</strong></span> <span class='ocrx_word' id='word_1_627' title='bbox 757 5105 907 5162; x_wconf 89' lang='lat' dir='ltr'><strong>remeavit.</strong></span> <span class='ocrx_word' id='word_1_628' title='bbox 1055 5114 1119 5223; x_wconf 54' lang='lat'><strong>‘22⁰⁸</strong></span> <span class='ocrx_word' id='word_1_629' title='bbox 1131 5103 1160 5151; x_wconf 82' lang='lat' dir='ltr'><strong>et</strong></span> <span class='ocrx_word' id='word_1_630' title='bbox 1172 5092 1395 5167; x_wconf 83' lang='lat' dir='ltr'><strong>qrromodoidem</strong></span> <span class='ocrx_word' id='word_1_631' title='bbox 1411 5086 1642 5144; x_wconf 76' lang='lat' dir='ltr'><strong>ll&#39;illelmussact</strong></span> 
     </span>
    </p>
   </div>
   <div class='ocr_carea' id='block_1_15' title="bbox 434 5168 1299 5271">
    <p class='ocr_par' dir='ltr' id='par_1_21' title="bbox 434 5168 1299 5271">
     <span class='ocr_line' id='line_1_92' title="bbox 434 5168 1299 5271; baseline -0.057 -6"><span class='ocrx_word' id='word_1_632' title='bbox 434 5215 560 5271; x_wconf 81' lang='lat' dir='ltr'>CAPUT</span> <span class='ocrx_word' id='word_1_633' title='bbox 583 5213 660 5268; x_wconf 56' lang='lat' dir='ltr'><strong>xm,</strong></span> <span class='ocrx_word' id='word_1_634' title='bbox 1080 5168 1299 5227; x_wconf 80' lang='lat' dir='ltr'><strong>randrensiunr,</strong></span> 
     </span>
    </p>
   </div>
   <div class='ocr_carea' id='block_1_16' title="bbox 131 5247 1642 5521">
    <p class='ocr_par' dir='ltr' id='par_1_22' title="bbox 131 5247 1642 5521">
     <span class='ocr_line' id='line_1_93' title="bbox 1062 5249 1483 5284; baseline -0.002 -23"><span class='ocrx_word' id='word_1_635' title='bbox 1062 5258 1075 5279; x_wconf 38' lang='grc' dir='ltr'><strong>Ἰ</strong></span> <span class='ocrx_word' id='word_1_636' title='bbox 1292 5254 1315 5284; x_wconf 89' lang='lat'><strong>·.</strong></span> <span class='ocrx_word' id='word_1_637' title='bbox 1417 5251 1422 5261; x_wconf 93' lang='lat'><strong>.</strong></span> <span class='ocrx_word' id='word_1_638' title='bbox 1478 5249 1483 5260; x_wconf 92' lang='lat'><strong>.</strong></span> 
     </span>
     <span class='ocr_line' id='line_1_94' title="bbox 131 5247 1642 5377; baseline -0.009 -18"><span class='ocrx_word' id='word_1_639' title='bbox 131 5304 213 5371; x_wconf 87' lang='lat' dir='ltr'><strong>Quod</strong></span> <span class='ocrx_word' id='word_1_640' title='bbox 228 5306 329 5361; x_wconf 87' lang='lat' dir='ltr'><strong>eedem</strong></span> <span class='ocrx_word' id='word_1_641' title='bbox 355 5308 479 5362; x_wconf 71' lang='lat' dir='ltr'><strong>&gt;actione</strong></span> <span class='ocrx_word' id='word_1_642' title='bbox 494 5311 589 5377; x_wconf 84' lang='lat' dir='ltr'><strong>rupta,</strong></span> <span class='ocrx_word' id='word_1_643' title='bbox 600 5303 750 5358; x_wconf 78' lang='lat' dir='ltr'><strong>Hem-icus</strong></span> <span class='ocrx_word' id='word_1_644' title='bbox 761 5301 837 5372; x_wconf 83' lang='lat' dir='ltr'><strong>apud</strong></span> <span class='ocrx_word' id='word_1_645' title='bbox 857 5300 963 5354; x_wconf 85' lang='lat' dir='ltr'><strong>Tener·</strong></span> <span class='ocrx_word' id='word_1_646' title='bbox 1054 5247 1642 5372; x_wconf 37' lang='lat' dir='ltr'><strong>Qmffl&#39;wmredn{Qfflwrusflm</strong></span> 
     </span>
     <span class='ocr_line' id='line_1_95' title="bbox 165 5326 1642 5448; baseline -0.01 -17"><span class='ocrx_word' id='word_1_647' title='bbox 165 5377 290 5432; x_wconf 86' lang='lat' dir='ltr'><strong>clrcbrui</strong></span> <span class='ocrx_word' id='word_1_648' title='bbox 298 5379 329 5432; x_wconf 91' lang='lat' dir='ltr'><strong>in</strong></span> <span class='ocrx_word' id='word_1_649' title='bbox 339 5326 487 5434; x_wconf 78' lang='lat' dir='ltr'><strong>tellceum</strong></span> <span class='ocrx_word' id='word_1_650' title='bbox 497 5378 574 5448; x_wconf 85' lang='lat' dir='ltr'><strong>cepit</strong></span> <span class='ocrx_word' id='word_1_651' title='bbox 584 5381 720 5447; x_wconf 85' lang='lat' dir='ltr'><strong>etpostea</strong></span> <span class='ocrx_word' id='word_1_652' title='bbox 732 5389 821 5444; x_wconf 90' lang='lat' dir='ltr'><strong>usque</strong></span> <span class='ocrx_word' id='word_1_653' title='bbox 838 5372 875 5426; x_wconf 88' lang='lat' dir='ltr'><strong>ad</strong></span> <span class='ocrx_word' id='word_1_654' title='bbox 885 5387 961 5425; x_wconf 88' lang='lat' dir='ltr'><strong>mor·</strong></span> <span class='ocrx_word' id='word_1_655' title='bbox 1019 5349 1076 5402; x_wconf 66' lang='lat' dir='ltr'><strong>tam</strong></span> <span class='ocrx_word' id='word_1_656' title='bbox 1092 5364 1121 5401; x_wconf 81' lang='lat'><strong>¹¹¹</strong></span> <span class='ocrx_word' id='word_1_657' title='bbox 1136 5359 1268 5413; x_wconf 45' lang='lat' dir='ltr'><strong>“Hiemi</strong></span> <span class='ocrx_word' id='word_1_658' title='bbox 1280 5334 1642 5442; x_wconf 47' lang='lat' dir='ltr'><strong>{⁰¹⁰¹0mffiflfflmffiqm&#39;</strong></span> 
     </span>
     <span class='ocr_line' id='line_1_96' title="bbox 166 5427 1642 5521; baseline -0.015 -19"><span class='ocrx_word' id='word_1_659' title='bbox 166 5458 224 5503; x_wconf 87' lang='lat' dir='ltr'><strong>tem</strong></span> <span class='ocrx_word' id='word_1_660' title='bbox 248 5463 312 5503; x_wconf 88' lang='lat' dir='ltr'><strong>curn</strong></span> <span class='ocrx_word' id='word_1_661' title='bbox 331 5465 425 5521; x_wconf 77' lang='lat' dir='ltr'><strong>reqno</strong></span> <span class='ocrx_word' id='word_1_662' title='bbox 439 5448 558 5521; x_wconf 73' lang='lat' dir='ltr'><strong>Anqliae</strong></span> <span class='ocrx_word' id='word_1_663' title='bbox 575 5448 710 5503; x_wconf 86' lang='lat' dir='ltr'><strong>ducatum</strong></span> <span class='ocrx_word' id='word_1_664' title='bbox 735 5442 963 5500; x_wconf 78' lang='lat' dir='ltr'><strong>Northmannioe</strong></span> <span class='ocrx_word' id='word_1_665' title='bbox 1019 5454 1075 5498; x_wconf 79' lang='lat' dir='ltr'><strong>naa.</strong></span> <span class='ocrx_word' id='word_1_666' title='bbox 1087 5436 1123 5490; x_wconf 91' lang='lat' dir='ltr'><strong>de</strong></span> <span class='ocrx_word' id='word_1_667' title='bbox 1138 5449 1195 5506; x_wconf 90' lang='lat' dir='ltr'><strong>qua</strong></span> <span class='ocrx_word' id='word_1_668' title='bbox 1206 5433 1404 5504; x_wconf 79' lang='lat' dir='ltr'><strong>gonrutunum</strong></span> <span class='ocrx_word' id='word_1_669' title='bbox 1416 5427 1518 5496; x_wconf 84' lang='lat' dir='ltr'><strong>libum,</strong></span> <span class='ocrx_word' id='word_1_670' title='bbox 1530 5439 1642 5480; x_wconf 76' lang='lat' dir='ltr'><strong>nomina</strong></span> 
     </span>
    </p>
   </div>
   <div class='ocr_carea' id='block_1_17' title="bbox 165 5513 1642 5592">
    <p class='ocr_par' dir='ltr' id='par_1_23' title="bbox 165 5513 1642 5592">
     <span class='ocr_line' id='line_1_97' title="bbox 165 5513 1642 5592; baseline -0.003 -19"><span class='ocrx_word' id='word_1_671' title='bbox 165 5519 320 5591; x_wconf 87' lang='lat' dir='ltr'><strong>sapienter</strong></span> <span class='ocrx_word' id='word_1_672' title='bbox 335 5520 490 5592; x_wconf 83' lang='lat' dir='ltr'><strong>disposuit.</strong></span> <span class='ocrx_word' id='word_1_673' title='bbox 1019 5527 1084 5582; x_wconf 86' lang='lat' dir='ltr'><strong>Fuit</strong></span> <span class='ocrx_word' id='word_1_674' title='bbox 1100 5529 1196 5580; x_wconf 88' lang='lat' dir='ltr'><strong>autem</strong></span> <span class='ocrx_word' id='word_1_675' title='bbox 1211 5520 1354 5592; x_wconf 70' lang='lat' dir='ltr'><strong>praedicta</strong></span> <span class='ocrx_word' id='word_1_676' title='bbox 1365 5517 1518 5572; x_wconf 87' lang='lat' dir='ltr'><strong>comitissa</strong></span> <span class='ocrx_word' id='word_1_677' title='bbox 1528 5513 1642 5586; x_wconf 73' lang='lat' dir='ltr'><strong>pulchri</strong></span> 
     </span>
    </p>
   </div>
   <div class='ocr_carea' id='block_1_18' title="bbox 129 5602 1642 5790">
    <p class='ocr_par' dir='ltr' id='par_1_24' title="bbox 129 5602 1642 5790">
     <span class='ocr_line' id='line_1_98' title="bbox 165 5602 1642 5694; baseline -0.017 -11"><span class='ocrx_word' id='word_1_678' title='bbox 165 5626 233 5683; x_wconf 91' lang='lat' dir='ltr'><strong>Non</strong></span> <span class='ocrx_word' id='word_1_679' title='bbox 255 5627 306 5685; x_wconf 90' lang='lat' dir='ltr'><strong>diu</strong></span> <span class='ocrx_word' id='word_1_680' title='bbox 324 5630 422 5684; x_wconf 89' lang='lat' dir='ltr'><strong>antem</strong></span> <span class='ocrx_word' id='word_1_681' title='bbox 436 5627 552 5683; x_wconf 88' lang='lat' dir='ltr'><strong>duravit</strong></span> <span class='ocrx_word' id='word_1_682' title='bbox 566 5626 709 5681; x_wconf 86' lang='lat' dir='ltr'><strong>intereos</strong></span> <span class='ocrx_word' id='word_1_683' title='bbox 725 5621 866 5694; x_wconf 74' lang='lat' dir='ltr'><strong>praedicta</strong></span> <span class='ocrx_word' id='word_1_684' title='bbox 888 5637 961 5676; x_wconf 91' lang='lat' dir='ltr'><strong>con·</strong></span> <span class='ocrx_word' id='word_1_685' title='bbox 1019 5621 1064 5672; x_wconf 88' lang='lat' dir='ltr'><strong>stu</strong></span> <span class='ocrx_word' id='word_1_686' title='bbox 1079 5614 1223 5682; x_wconf 88' lang='lat' dir='ltr'><strong>moribus,</strong></span> <span class='ocrx_word' id='word_1_687' title='bbox 1241 5607 1384 5680; x_wconf 90' lang='lat' dir='ltr'><strong>sapientia</strong></span> <span class='ocrx_word' id='word_1_688' title='bbox 1394 5605 1517 5677; x_wconf 85' lang='lat' dir='ltr'><strong>praedita</strong></span> <span class='ocrx_word' id='word_1_689' title='bbox 1525 5606 1554 5658; x_wconf 91' lang='lat' dir='ltr'><strong>et</strong></span> <span class='ocrx_word' id='word_1_690' title='bbox 1565 5602 1642 5677; x_wconf 92' lang='lat' dir='ltr'><strong>aliqu</strong></span> 
     </span>
     <span class='ocr_line' id='line_1_99' title="bbox 129 5691 1642 5790; baseline -0.019 -14"><span class='ocrx_word' id='word_1_691' title='bbox 129 5716 239 5776; x_wconf 84' lang='lat' dir='ltr'><strong>cordia.</strong></span> <span class='ocrx_word' id='word_1_692' title='bbox 249 5717 590 5776; x_wconf 86' lang='lat' dir='ltr'><strong>Rohertusenimcomes</strong></span> <span class='ocrx_word' id='word_1_693' title='bbox 600 5711 759 5790; x_wconf 79' lang='lat' dir='ltr'><strong>plusjusto</strong></span> <span class='ocrx_word' id='word_1_694' title='bbox 770 5710 962 5768; x_wconf 87' lang='lat' dir='ltr'><strong>credensillis</strong></span> <span class='ocrx_word' id='word_1_695' title='bbox 1018 5707 1093 5761; x_wconf 87' lang='lat' dir='ltr'><strong>duce</strong></span> <span class='ocrx_word' id='word_1_696' title='bbox 1109 5704 1173 5777; x_wconf 90' lang='lat' dir='ltr'><strong>ipsa</strong></span> <span class='ocrx_word' id='word_1_697' title='bbox 1187 5700 1294 5757; x_wconf 89' lang='lat' dir='ltr'><strong>melius</strong></span> <span class='ocrx_word' id='word_1_698' title='bbox 1306 5714 1360 5771; x_wconf 90' lang='lat' dir='ltr'><strong>per</strong></span> <span class='ocrx_word' id='word_1_699' title='bbox 1375 5693 1535 5768; x_wconf 82' lang='lat' dir='ltr'><strong>senegotia</strong></span> <span class='ocrx_word' id='word_1_700' title='bbox 1549 5691 1642 5765; x_wconf 81' lang='lat' dir='ltr'><strong>provir</strong></span> 
     </span>
    </p>
   </div>
   <div class='ocr_carea' id='block_1_19' title="bbox 0 0 1969 6112">
    <p class='ocr_par' dir='ltr' id='par_1_25' title="bbox 0 0 1969 6112">
     <span class='ocr_line' id='line_1_100' title="bbox 0 0 1969 6112; baseline 0 0"><span class='ocrx_word' id='word_1_701' title='bbox 0 0 1969 6112; x_wconf 95' lang='lat' dir='ltr'><strong> </strong></span> 
     </span>
    </p>
   </div>
  </div>
 </body>
</html>
