3900 6112
101 321 146 386 41
820 317 948 381 LIBER
965 317 1129 382 PRIMUS
1799 319 1839 380 42

111 505 316 561 circumventa
332 506 378 559 est
401 519 417 557 a
439 503 565 574 quodam
588 501 699 572 juvenc
723 516 782 556 nen
804 499 946 573 ignobilis
960 498 990 561 A
1004 500 1126 555 clesiam
1141 500 1366 555 atrebatensem
1381 516 1418 554 ex
1432 501 1522 556 rebus
1534 499 1661 572 propriis
1677 517 1735 557 una
1750 503 1837 558 etiam

112 595 245 667 generis,
271 593 324 647 sed
350 591 491 665 ignobilis
514 590 622 660 animi,
648 595 679 644 ut
709 590 775 660 ejus
806 589 947 660 conjugio
1003 605 1151 661 eunirege
1162 590 1344 644 Theoderico
1357 593 1561 661 augmentans,
1574 590 1664 659 villis,
1677 593 1835 662 ecelesiis,

105 683 177 754 jure
199 680 379 736 matrimonii
404 680 602 751 copularetur.
620 680 692 744 Quae
717 679 786 734 dum
805 694 860 732 nce
875 693 947 731 auro
1000 678 1100 747 terrie,
1122 678 1299 733 molendinis
1316 680 1492 750 ceterisque·
1506 679 1651 733 subsidiis
1675 681 1834 751 ampliavit,

112 776 162 826 aut
178 771 305 843 genimis
320 785 376 824 nec
392 769 451 823 ullo
468 771 706 823 ornamentorum
725 783 835 839 genere
851 767 947 837 frangi
1001 771 1088 838 atque
1113 768 1142 821 in
1168 767 1296 839 generali
1319 767 1426 837 placito
1452 768 1600 822 residente
1623 784 1694 839 rege
1710 769 1834 839 prefato,

111 862 270 929 potuisset,
290 858 450 928 quominus
469 857 648 928 virginitatis
670 855 855 926 propositum
870 855 949 909 laxa·
1002 856 1154 910 seculares
1165 873 1199 910 ac
1213 855 1387 927 judiciarias
1402 861 1564 927 potestates
1576 875 1629 927 pcr
1639 858 1836 928 pontificalem

113 952 166 1013 ret,
180 951 209 1002 et
221 963 303 1003 more
315 947 457 1001 nobilium
467 946 643 1001 feminarum
653 946 717 1000 viro
728 943 950 1015 potentijunge-
1001 945 1212 1013 auctoritatem,
1223 948 1422 1016 praesentibus
1433 946 1551 1016 quidem
1567 946 1667 1000 mullis
1682 947 1836 1016 coepisco·

111 1041 202 1103 retur,
213 1052 270 1091 nee
279 1039 417 1107 parentes
427 1051 499 1089 suos
510 1051 601 1105 super
610 1034 781 1107 hujusmodi
792 1031 949 1087 consilium
1000 1035 1047 1103 pis
1059 1050 1126 1088 eum
1135 1051 1205 1106 rege
1215 1036 1301 1089 etiam
1308 1035 1370 1106 jam
1383 1036 1460 1090 dicto
1471 1035 1710 1106 astipulantibus
1723 1037 1835 1106 scripto

112 1126 213 1180 audire
239 1125 348 1193 nollet,
369 1124 525 1194 desperato
543 1122 664 1194 juvenis
685 1137 785 1176 amore
806 1124 949 1191 captaque
1000 1123 1157 1195 privilegio
1174 1112 1202 1178 ct
1216 1140 1232 1177 a
1248 1125 1361 1178 loanne
1377 1140 1450 1194 papa
1466 1126 1649 1193 confirmato,
1667 1125 1702 1178 nb
1717 1124 1767 1178 illa
1779 1140 1836 1179 aec·

112 1213 320 1285 oportunitate,
338 1228 395 1284 qua
411 1212 538 1282 puellam
561 1211 692 1281 paternis
715 1211 830 1265 aedibus
855 1208 949 1263 solam
1002 1210 1094 1266 clesia
1118 1228 1220 1266 omncs
1241 1213 1358 1280 penitus
1382 1213 1517 1267 exclusit.
1539 1213 1622 1277 Quod
1647 1212 1836 1285 privilegium

111 1306 213 1372 posset
224 1301 385 1371 offendere,
397 1303 549 1371 assumpta
558 1315 661 1354 secum
671 1315 707 1354 ne
720 1299 874 1353 sardorum
885 1301 948 1352 tur·
1001 1302 1057 1355 tale
1068 1306 1114 1356 est
1131 1317 1137 1356 :
1156 1323 1167 1347 a
1185 1303 1291 1356 Sancto
1304 1307 1331 1356 et
1343 1302 1520 1356 universalis
1532 1303 1677 1356 eecclesiae
1686 1301 1836 1371 provisori

110 1391 145 1445 ba
167 1390 468 1458 sociorum,domum
493 1404 610 1444 omnem
633 1388 902 1455 circomvallarunt,
920 1389 949 1441 et
1000 1389 1174 1444 beatissimo
1203 1390 1329 1444 iohanni
1359 1407 1442 1460 papae
1465 1391 1597 1444 llomano
1627 1393 1835 1460 episcoporum

110 1482 183 1534 iacta
207 1479 376 1549 irruptione
393 1479 511 1534 domum
526 1493 642 1532 omnem
662 1476 839 1548 perscrutati
857 1477 945 1541 sunt;
1002 1479 1153 1548 episeopo,
1172 1478 1356 1532 vinditianus
1380 1494 1490 1533 servus
1506 1495 1662 1533 serrorum
1679 1479 1731 1532 Dei
1746 1477 1834 1531 mini-

110 1568 287 1638 tandemque
303 1566 433 1620 loculum
446 1567 476 1619 in
492 1582 550 1637 quo
566 1567 651 1637 virgo
672 1566 779 1620 latebat
797 1564 946 1618 curiosius
961 1545 987 1606 Β
1002 1583 1079 1635 mua,
1095 1569 1126 1621 in
1141 1567 1259 1622 Christo
1282 1568 1405 1621 Domino
1421 1567 1563 1638 quidquid
1578 1567 1706 1621 felicius.
1725 1565 1834 1621 Notum

110 1656 355 1727 contemplantes,
372 1655 520 1709 inventam
534 1654 679 1709 violenter
690 1657 840 1709 traxerunt
851 1667 947 1724 usque
1001 1659 1040 1711 sit
1061 1657 1225 1726 paternitati
1241 1660 1350 1711 vestrae
1365 1672 1419 1711 seu
1435 1657 1573 1710 omnibus
1590 1659 1701 1710 sanetae
1713 1656 1765 1709 Dei
1782 1671 1833 1709 ec·

110 1746 143 1799 ad
158 1746 262 1799 locum
279 1744 330 1798 ubi
340 1760 418 1798 nunc
428 1747 597 1800 constructa
605 1746 651 1799 est
662 1743 785 1798 basilica
794 1744 825 1797 in
835 1743 947 1796 honore
1000 1746 1100 1800 clesioe
1115 1746 1259 1816 prolibus,
1278 1747 1304 1799 si
1319 1745 1428 1815 aliquid
1449 1745 1485 1798 de
1508 1745 1599 1799 relius
1621 1746 1735 1800 nostris
1758 1745 1833 1799 locis

111 1835 240 1888 omnium
252 1838 435 1902 sanctorum,
445 1833 585 1904 precipue
594 1833 713 1903 quidem
721 1833 816 1887 sancti
827 1830 946 1885 Vednsti
998 1839 1169 1889 sanctoruni
1184 1836 1230 1888 vel
1246 1835 1275 1888 in
1291 1834 1458 1888 substantia
1469 1849 1630 1903 pauperum
1640 1832 1831 1901 conferimus,

107 1923 662 1992 necnonetvenerationeipsiussacrae
671 1919 947 1994 virginis.'lunclu·
997 1924 1053 1978 hoc
1063 1923 1150 1978 nobis
1159 1924 1260 1994 procul
1270 1923 1365 1977 [lubio
1380 1924 1410 1976 in
1421 1926 1560 1977 aeternam
1572 1921 1780 1976 beatitudinem
1791 1934 1835 1981 ra·

107 2008 946 2081 nestuscarnisex,dentibusfrendens,evaginatogladio
995 2014 1086 2068 tribui
1102 2013 1288 2066 confidimus.
1306 2012 1368 2066 Nos
1384 2011 1504 2082 quidem
1517 2011 1553 2065 de
1569 2014 1648 2065 tanta
1663 2010 1833 2064 misericor-

107 2116 286 2172 percussam
301 2099 458 2154 interiecit.
470 2100 525 2165 Qui
540 2116 609 2154 mox
624 2102 655 2154 ut
669 2099 845 2171 sanguinein
856 2097 946 2169 virgi·
997 2102 1044 2156 dia
1056 2106 1084 2156 et
1100 2102 1207 2172 pietate
1220 2101 1334 2155 Domini
1348 2101 1541 2165 confidentes,
1551 2100 1580 2152 in
1590 2101 1833 2154 conventuvenc·

107 2191 157 2243 nis
172 2190 257 2256 vidit,
271 2189 354 2260 justo
370 2189 424 2242 Dei
436 2188 548 2260 judicio
564 2205 654 2244 cecus
666 2188 762 2242 lactus
777 2189 833 2242 est.
843 2185 946 2257 Sepul·
996 2191 1134 2246 raliiliuni
1146 2191 1354 2260 episcoporum
1366 2194 1538 2243 nostrorum
1548 2204 1647 2242 corani
1658 2202 1729 2259 rege
1744 2187 1834 2256 pissi-

106 2282 196 2348 taque
217 2280 265 2332 cst
287 2279 317 2332 in
336 2276 460 2332 basilica
480 2277 635 2332 beatorum
651 2276 852 2347 apostolorum
867 2275 946 2330 Petri
997 2297 1044 2334 nio
1061 2280 1244 2334 Theoderico
1262 2279 1290 2332 in
1308 2278 1439 2350 generali
1454 2278 1571 2346 placito,
1588 2276 1664 2330 hanc
1677 2275 1833 2345 epistolam

105 2371 136 2420 et
153 2366 238 2419 Pauli
252 2367 407 2437 sanctique
423 2365 546 2437 Sulpicii
561 2366 760 2435 confessoris
777 2381 843 2436 quae
859 2379 946 2418 cons·
997 2369 1216 2433 roboravimus
1234 2368 1463 2436 roboratumque
1478 2366 1690 2435 inperpetuum
1702 2363 1766 2417 fore
1782 2378 1833 2432 op·

105 2458 202 2509 tructa
218 2456 310 2509 estin
326 2454 393 2508 villa
408 2471 475 2525 quae
492 2458 614 2509 vocatur
627 2455 810 2509 Pomeriolas
821 2453 878 2523 (84)
998 2463 1104 2512 tainus
1129 2458 1192 2510 Lex
1207 2457 1372 2526 priscorum
1388 2470 1507 2524 quoquc
1524 2454 1658 2523 exposcit
1673 2451 1833 2506 auctorita-

142 2544 188 2598 25·
206 2542 275 2614 (94.)
291 2543 390 2613 (Idid).
412 2543 493 2608 Qvod
513 2544 621 2598 beatus
639 2544 793 2615 episcopus
819 2541 946 2613 riryinis
997 2549 1067 2613 tem,
1085 2548 1115 2599 ut
1130 2547 1308 2615 quicumque
1323 2543 1449 2597 voluerit
1463 2543 1498 2596 dc
1516 2543 1606 2596 relius
1623 2540 1687 2594 suis
1703 2539 1832 2610 propriis

104 2648 218 2704 corpus
228 2632 265 2686 ad
275 2632 366 2688 locuni
376 2632 600 2686 interfectionis
611 2632 725 2702 retulit,
737 2638 765 2686 ct
774 2630 946 2685 Harduinus
960 2594 985 2656 C
999 2634 1137 2701 vendere,
1155 2635 1272 2699 cedere,
1286 2633 1464 2701 condonare,
1483 2648 1570 2685 snum
1582 2633 1777 2685 strumentum
1789 2645 1834 2683 se·

104 2720 210 2775 lumen
224 2721 347 2792 reecpit.
365 2721 493 2775 Trienno
507 2737 576 2776 vero
592 2721 707 2792 expleto
722 2723 791 2790 post
806 2720 945 2790 passion·
998 2724 1126 2778 cundum
1141 2724 1238 2794 legem
1256 2721 1381 2776 Salicem
1404 2722 1553 2776 licentiam
1568 2720 1674 2774 habeat
1697 2718 1830 2790 alligare.

106 2825 174 2864 nem
181 2810 261 2880 ejus,
269 2811 403 2881 quaedam
413 2810 671 2880 matronanobilis,
680 2810 797 2864 nominc
805 2809 947 2864 Amaltru·
997 2811 1182 2883 Quapropter
1193 2812 1328 2865 noverint
1339 2826 1442 2865 omnes
1454 2809 1566 2876 lideles,
1579 2813 1734 2878 presentes
1746 2824 1780 2862 ac
1791 2806 1834 2862 iu·

106 2898 248 2968 dis,vocc
263 2899 363 2952 divina
375 2900 617 2969 commonitaest,
634 2900 792 2953 utbeatum
803 2898 947 2952 Vindicia·
998 2901 1066 2970 turi,
1084 2899 1244 2970 pontificali
1267 2900 1440 2954 auctoritate
1458 2899 1514 2953 hoc
1530 2898 1697 2966 episcopale
1710 2894 1832 2967 privile-

107 2987 836 3058 numCameraecnsemepiscopumadiredebcret,
846 2987 946 3056 utipse
999 2990 1080 3061 gium
1096 2990 1297 3043 constructum
1311 2991 1577 3056 amemoratoregc
1593 2985 1788 3052 Theoderico,
1801 2985 1832 3037 ut

106 3092 176 3130 curn
191 3076 272 3131 clero
295 3092 350 3130 suo
375 3092 410 3130 ae
432 3077 517 3146 plebe
538 3076 636 3139 vicina
650 3091 768 3130 sacrum
784 3092 894 3145 corpus
909 3076 945 3129 ad
998 3076 1207 3132 inviolabiliter
1222 3079 1417 3130 conservetur
1431 3074 1467 3128 ab
1484 3073 1625 3129 hodierno
1641 3073 1687 3127 dic
1703 3076 1731 3126 et
1746 3073 1831 3126 dein-

107 3165 207 3219 locum
218 3164 433 3219 interiectionis
448 3181 515 3219 cum
526 3180 640 3219 summu
651 3165 839 3220 veneratione
850 3165 945 3220 refer·
999 3182 1081 3238 ceps,
1091 3166 1146 3220 Per
1156 3164 1354 3235 pontificalem
1360 3160 1831 3217 anctoritatemouincsseculares

108 3259 163 3321 ret,
180 3255 248 3325 quia
264 3254 360 3308 locum
377 3253 459 3308 illum
478 3254 622 3308 Dominus
638 3254 735 3325 signis
751 3256 780 3307 et
794 3253 944 3307 miraculis
998 3253 1212 3326 ctjudiciarias
1222 3255 1383 3322 potestates
1394 3251 1580 3305 excludimus
1592 3263 1766 3318 omnemque
1777 3248 1832 3301 cla·

109 3343 272 3396 clarificare
288 3342 487 3413 disposuerat.
504 3341 586 3406 Quod
602 3341 707 3396 heatus
722 3341 863 3411 pontifex,
877 3357 945 3396 mox
998 3347 1266 3399 moremetomncm
1275 3340 1458 3394 invasionem
1468 3339 1504 3393 ab
1512 3338 1647 3394 aecclesia
1654 3342 1765 3391 sanctae
1772 3336 1831 3390 Ma·

109 3437 139 3486 ut
154 3429 313 3485 referentis
328 3431 420 3485 verba
435 3431 555 3498 audivit,
572 3431 694 3500 implere
712 3431 834 3484 curavit.
852 3431 944 3485 Porro
998 3434 1051 3487 riae
1068 3429 1273 3485 attrebatensis
1289 3429 1415 3483 civitatis
1430 3447 1435 3493 ;
1452 3428 1504 3482 scd
1525 3431 1557 3481 ut
1580 3427 1666 3481 liceat
1681 3425 1833 3480 canonicis

110 3520 293 3587 Harduinus,
310 3521 360 3591 qui
380 3535 445 3574 eam
468 3518 668 3589 interiecerat,
689 3519 757 3574 licet
779 3520 944 3574 miserrime
999 3523 1060 3576 Deo
1070 3521 1141 3575 inibi
1151 3519 1406 3574 famulantibusex
1416 3518 1472 3572 lioc
1483 3521 1511 3571 et
1521 3517 1551 3570 in
1563 3517 1707 3586 reliquum
1716 3519 1832 3584 tempus

110 3613 138 3663 ct
151 3625 218 3662 cum
235 3608 408 3694 ignominia,
425 3608 522 3663 adhuc
538 3609 568 3662 in
583 3609 716 3663 cecitatis
733 3624 796 3663 sure
811 3608 943 3663 tenebris
1000 3612 1098 3684 quiete
1114 3610 1224 3676 vivere,
1237 3610 1273 3662 ab
1285 3607 1363 3661 omni
1375 3606 1522 3660 mundano
1534 3605 1834 3677 strepitusequcstra·

110 3697 236 3751 vivebat.
254 3696 309 3761 Qui
335 3702 365 3752 ut
389 3712 507 3751 sacrum
523 3697 649 3769 virginis
664 3713 774 3767 corpus
793 3698 829 3751 ad
847 3698 944 3752 locum
1000 3718 1077 3755 mus.
1094 3700 1125 3754 Si
1141 3701 1237 3752 autem
1252 3696 1320 3750 talis
1335 3696 1463 3750 extiterit
1473 3711 1573 3763 causa,
1591 3698 1620 3747 ut
1634 3706 1833 3747 successores

109 3788 303 3841 memoratum
320 3784 426 3840 referri
444 3786 565 3854 audivit,
580 3786 742 3856 dampnans
759 3790 787 3840 et
805 3801 946 3858 recogno
999 3789 1094 3844 nostri
1107 3785 1447 3858 precariavelbencdeia
1458 3784 1494 3838 de
1509 3783 1642 3838 rebusad
1655 3781 1832 3836 elericorum

108 3891 199 3930 scens
209 3876 363 3944 peecatum
374 3889 472 3943 suum,
480 3876 596 3929 obviam
603 3875 721 3946 corpori
728 3890 761 3930 se
769 3874 856 3946 jubet
867 3875 944 3945 duci,
1000 3895 1086 3933 usum
1096 3876 1433 3948 pertinentibuspatrare
1444 3863 1608 3938 maluerint,
1617 3869 1833 3925 hociuterdici·

107 3970 135 4018 ct
157 3966 224 4018 ante
250 3963 390 4017 feretrum
416 3978 449 4017 sc
472 3964 644 4034 prostravit.
661 3965 706 4018 Ad
726 3980 814 4036 quem
830 3981 900 4020 mox
916 3968 947 4020 ut
999 3984 1075 4024 mus.
1087 3965 1246 4021 Interdictu
1256 3964 1341 4018 etiam
1352 3961 1546 4016 anatheniatis
1557 3962 1585 4014 et
1596 3958 1755 4030 pontificali
1764 3973 1834 4012 auc·

107 4053 186 4107 sacri
210 4051 346 4121 eorporis
367 4052 459 4124 bajuli
474 4058 684 4123 pervenerunt,
709 4054 809 4108 lumen
836 4055 946 4124 recepit
998 4057 1113 4112 toritate
1138 4053 1317 4118 stabilimus,
1335 4055 1365 4105 ut
1379 4051 1477 4119 ipsum
1488 4045 1834 4103 monasteriumcumhis

107 4156 294 4211 currensque
310 4141 346 4195 ad
362 4142 546 4212 episcopum,
564 4142 693 4196 narravit
707 4146 815 4213 quanta
830 4143 887 4197 sibi
900 4158 947 4196 ac·
999 4146 1088 4213 villis,
1106 4142 1243 4196 Belrcnio
1260 4140 1327 4208 (85),
1344 4138 1532 4192 llledouivilla
1544 4135 1749 4205 (86)interhas
1761 4136 1835 4189 duas

106 4231 251 4285 ciderunt.
278 4231 319 4284 [ἐκ
338 4231 488 4299 presentis
510 4231 601 4302 igitur
624 4232 781 4286 occasione
811 4231 944 4286 miraculi
998 4234 1085 4287 villas
1102 4222 1835 4297 niansostbtllmulturasll,aeeclesiasdcumomni

106 4320 271 4390 episcopus
285 4318 379 4373 verbo
394 4319 461 4373 dato
472 4319 508 4373 ad
520 4320 669 4390 populum,
687 4324 822 4374 sanetum
837 4336 946 4391 corpus
998 4323 1066 4378 dote
1095 4325 1123 4375 et
1151 4316 1288 4373 omnibus
1321 4313 1514 4384 appenditiis,
1549 4310 1644 4381 Aquis
1675 4307 1746 4351 92-30
1777 4309 1833 4379 (8Ἱ)

105 4409 136 4462 in
151 4407 292 4461 oecclcsia
307 4412 563 4477 supramemorata
578 4408 715 4479 sepelivit
730 4410 779 4477 (an
793 4407 880 4481 didi]
999 4412 1028 4466 in
1070 4424 1147 4480 pago
1182 4405 1376 4459 AtrebatenSe
1418 4418 1485 4457 cuin
1532 4400 1669 4455 aeeclesia
1703 4402 1732 4454 et
1765 4398 1833 4453 doto

141 4497 189 4550 26.
205 4494 274 4566 (25.)
291 4495 372 4561 Quod
392 4512 482 4569 super
498 4513 550 4552 res
563 4497 746 4552 Atrebansis
759 4498 905 4554 aecclesiae
913 4500 945 4554 S.
999 4515 1054 4555 scu
1078 4496 1215 4552 omnibus
1240 4491 1427 4564 appenditiis,
1453 4489 1665 4545 Friscinicurte
1687 4489 1743 4559 (88)
1767 4502 1836 4541 cuin

106 4584 217 4640 Mariae
228 4584 593 4656 privileqiumadolianue
604 4603 679 4658 papa
690 4586 862 4643 confirmari
873 4588 947 4643 obti-
999 4588 1137 4645 omnibus
1170 4582 1362 4653 appenditiis,
1393 4581 1509 4635 Batzala
1539 4579 1595 4649 (88)
1631 4594 1697 4632 eum
1726 4576 1835 4631 aeccle-

108 4675 184 4728 nuit.
212 4673 276 4727 Hoc
301 4676 399 4728 autem
423 4675 565 4744 scriptum
587 4676 782 4745 repperimus,
800 4678 877 4748 quod
903 4678 949 4732 vir
1000 4679 1044 4732 sia
1072 4679 1100 4730 et
1132 4673 1270 4728 omnibus
1305 4668 1372 4740 ejus
1410 4668 1586 4738 appenditiis
1624 4667 1738 4720 Berlcta
1765 4663 1836 4736 (90)

108 4762 946 4838 DeivenerabilisepiscopussnnctaeDeigenitricisaee·
1000 4783 1067 4821 cum
1104 4763 1244 4818 omnibus
1281 4757 1476 4831 appenditiis,
1507 4755 1632 4827 Squasia
1667 4751 1740 4825 (81)
1769 4768 1837 4809 cum

769 4881 915 4946 VARIAE
938 4877 1172 4945 LEGTIONES

143 4980 211 5023 Μ)
226 4981 409 5054 Aquisgrani
426 4982 450 5037 l.
468 4983 531 5038 sed.
548 4984 634 5055 grani
650 5001 768 5040 erasunr
785 4992 841 5040 est.

903 5085 1042 5147 NOTAE.

146 5177 203 5247 (84)
219 5179 286 5232 Νοιι
302 5181 349 5232 est
363 5177 559 5249 Pommereul,
585 5181 638 5236 sed
659 5182 891 5252 Salat-Senmet,
916 5184 946 5239 in
1037 5180 1095 5250 (89)
1114 5181 1260 5236 Basseux.
1277 5176 1308 5231 C.

110 5249 200 5320 cinus
228 5248 379 5304 territorio
403 5264 476 5321 ager
499 5251 617 5321 quidam
638 5253 734 5308 adbuc
760 5255 946 5311 Pouimercul
1038 5250 1095 5321 (90)
1115 5251 1242 5306 Berlette
1261 5245 1392 5317 (arrond.
1407 5244 1590 5315 Sami-Pol),
1603 5246 1657 5300 sed
1667 5244 1707 5298 nil
1718 5243 1759 5298 ibi
1774 5258 1841 5312 pos·

109 5326 242 5375 vocatur.
260 5321 303 5373 Le
322 5318 413 5373 Geni·
1003 5323 1101 5377 sidant
1123 5321 1256 5379 canonici
1281 5317 1502 5371 Atrebatenscs.
1520 5316 1694 5388 chendum
1711 5314 1838 5384 videtur,

144 5390 202 5461 (85)
223 5391 397 5446 Boauruins.
415 5389 503 5445 (101³.
1004 5393 1083 5464 quod
1095 5394 1124 5449 in
1135 5389 1412 5447 codicebreccntior
1424 5404 1528 5442 maniis
1539 5387 1678 5457 correxit,
1686 5384 1837 5458 Boylctta,

146 5463 203 5527 (86)
223 5461 460 5532 linnevillae.
1005 5465 1108 5532 Boille,
1136 5464 1224 5534 cnjus
1248 5461 1327 5531 bagi,
1344 5461 1420 5514 inter
1442 5459 1613 5513 Atrebatum
1635 5462 1663 5513 et
1682 5457 1839 5527 Bupalnias

147 5533 205 5603 (8ῖ)
227 5532 518 5607 nix-les-Fampoiix.
534 5534 566 5589 C.
1006 5536 1054 5590 siti
1072 5536 1231 5589 dominium
1248 5531 1336 5587 habet
1351 5531 1509 5602 capitulum
1525 5529 1731 5584 Atrebatense.
1747 5525 1781 5584 C.

148 5604 207 5677 188)
226 5603 431 5662 Fresincourt.
447 5604 479 5660 G,

310 5702 458 5768 rinos.
478 5703 620 5769 cxcix.
893 5684 894 5687 ‘
1601 5696 1621 5758 2
