3900 6112
106 269 184 334 1071
774 244 1007 314 canuntur
1022 244 1146 308 annu
1734 240 1808 321 ¹072

106 466 143 522 Et
155 465 267 520 trustra
281 461 376 534 quaeri
395 457 531 512 vincendi
546 452 798 524 praedicatonem,
944 427 971 492 Il
988 440 1116 494 Matthaei
1132 439 1237 507 fidens,
1254 455 1312 493 non
1332 437 1499 493 diffidenter
1514 440 1544 492 in
1557 437 1676 492 hostem

105 553 179 609 Cum
194 550 253 606 nisi
267 549 303 604 de
318 548 393 602 caele
409 545 478 599 nulli
495 543 615 596 victoria
632 541 724 593 detur.
989 528 1087 596 lrruit,
1103 530 1189 597 atque
1208 528 1289 580 ferox
1305 525 1431 580 obsessa
1446 542 1505 578 non
1520 525 1625 594 procul
1639 524 1709 579 urbe

106 643 135 696 Is
150 642 219 695 lieet
234 637 375 709 egregios
387 634 501 703 equites
518 630 574 684 sibi
592 629 682 682 sciret
695 624 812 689 adesse,
989 616 1141 670 Commisit
1157 615 1274 668 bellum.
1292 614 1452 683 superatur
1465 612 1601 680 alexius,
1619 615 1703 683 atque

107 729 156 783 Nil
166 725 293 781 ineundo
305 728 400 778 tamen
416 718 588 774 temerarius
605 729 673 769 esse
689 711 804 765 volebat
819 725 825 762 ε
990 705 1085 773 Terga
1101 703 1208 756 dedere
1224 703 1281 769 sui,
1293 701 1361 771 quia
1373 701 1532 770 plusquam
1546 700 1638 754 millia
1652 700 1762 772 quinqua

106 816 315 885 Congressura
330 810 447 880 quidem
463 821 537 875 gens
552 799 774 856 innumerabilis
788 812 856 850 esse
990 791 1137 861 Argolicae
1152 790 1249 861 gentis
1266 791 1334 842 sunt
1347 790 1402 843 hoc
1417 788 1577 842 certamine
1592 803 1681 855 caesa,

106 901 266 956 Dicebatur
282 900 318 964 ei,
335 912 389 950 nec
404 895 497 948 adhuc
509 894 611 944 natura
626 890 758 941 virorum
989 879 1063 931 Pars
1078 893 1194 948 quoque
1210 878 1372 931 lurcorum
1383 892 1449 930 cum
1460 875 1573 930 Graecis
1588 876 1686 930 intcrIt
1700 876 1785 948 ingens,

107 987 183 1043 Nota
200 987 256 1040 sibi
267 986 370 1038 iuerat.
387 984 475 1035 (tatus
490 979 567 1033 uude
582 976 728 1046 sagaciter
740 987 841 1026 omnes
991 967 1099 1035 Captus
1115 970 1142 1018 et
1157 981 1305 1019 armorum
1320 965 1422 1018 varius
1442 964 1520 1018 nitor
1530 966 1578 1018 est
1588 967 1617 1018 el
1630 979 1763 1033 equorum.

107 1075 228 1130 Ordinat
241 1077 306 1125 ante
323 1085 406 1137 suaa,
421 1071 450 1121 et
460 1081 584 1137 quaequc
595 1062 723 1133 paranda
739 1061 862 1129 coaptat,
991 1052 1139 1123 Captaque
1152 1056 1222 1107 sunt
1235 1053 1365 1105 Danaum
1381 1052 1493 1106 diversi
1507 1051 1595 1122 algua
1610 1052 1722 1105 decoris
1736 1069 1740 1105 :

109 1163 174 1216 Non
190 1157 381 1228 aDgrrachio
398 1155 500 1224 procul
516 1154 689 1221 exspectare
704 1147 821 1201 volebat
992 1141 1049 1194 Vix
1065 1141 1179 1210 equites
1190 1140 1225 1193 de
1242 1142 1329 1210 gente
1344 1139 1430 1192 ducis
1445 1141 1567 1207 potuere
1582 1139 1719 1208 perempti

109 1245 241 1300 Hostiles
256 1256 378 1309 cuneos,
395 1239 494 1293 subito
505 1235 690 1290 venientibus
707 1233 775 1301 iltis,
991 1229 1079 1283 Cerni
1095 1228 1222 1298 trigInta.
1240 1228 1432 1297 Lacrymatur
1447 1227 1571 1280 alexius
1587 1227 1700 1280 hostem

108 1332 189 1386 More
206 1332 398 1397 locustarum,
418 1333 532 1380 montes
547 1327 575 1378 ct
589 1323 675 1393 plana
688 1321 836 1391 teguntur.
994 1316 1190 1371 Praevaluisse
1207 1315 1274 1382 sibi,
1291 1315 1338 1368 cui
1353 1330 1407 1368 nec
1422 1330 1474 1383 par
1490 1315 1574 1384 copia
1589 1314 1696 1386 gentis,

108 1418 266 1474 Proximus
276 1415 392 1470 Oceano
404 1413 466 1483 jani
481 1412 526 1466 sol
542 1413 620 1477 erat3
636 1408 712 1462 unde
732 1423 786 1460 nec
801 1405 860 1459 illis
992 1404 1054 1458 Nec
1073 1419 1126 1471 par
1136 1418 1245 1456 census
1261 1405 1338 1470 erat3
1351 1400 1476 1454 discedit
1491 1401 1613 1454 saucius
1629 1400 1701 1470 ipse.

109 1505 191 1560 Bella
207 1502 318 1570 subire,
336 1516 390 1555 nec
405 1500 452 1553 his
468 1498 575 1568 placuit
589 1513 595 1551 :
608 1497 676 1549 dant
691 1494 821 1547 membra
836 1491 936 1563 quieti,
992 1491 1113 1561 Cogitur
1122 1493 1149 1543 at
1164 1489 1330 1559 lacrymans
1341 1488 1487 1559 inglorius
1502 1487 1551 1542 ille
1564 1488 1683 1557 revorti,

111 1591 267 1664 Dyrrachii
281 1591 388 1661 populo
399 1585 680 1642 mandarathlexius
697 1583 784 1636 orant.
992 1577 1091 1632 Gloria
1106 1577 1155 1646 qui
1168 1576 1262 1630 lucrat
1279 1577 1387 1629 trustra
1399 1576 1517 1645 sperata
1524 1574 1676 1645 triumphi

110 1681 213 1736 Hostis
229 1677 387 1749 congressi
398 1678 465 1745 pest
476 1677 559 1744 terga
574 1671 675 1725 ventre
691 1670 832 1737 studeret,
994 1666 1075 1720 Uxor
1090 1664 1118 1717 in
1136 1664 1190 1718 hoc
1206 1663 1281 1718 bello
1299 1662 1420 1718 [leberti
1436 1663 1629 1734 tortesagitta

110 1769 148 1823 Ut
158 1769 238 1822 tutus
255 1765 319 1819 llari
333 1779 387 1818 nec
402 1767 479 1815 retro
495 1776 549 1813 nec
562 1763 627 1812 aute
639 1758 760 1810 valeret.
955 1753 1122 1843 BQuadam
1136 1751 1284 1819 laesaluit3
1299 1767 1357 1821 qao
1373 1750 1495 1804 vulnere
1510 1751 1613 1804 territa
1628 1750 1730 1803 nullam
1832 1808 1834 1813 ,

109 1855 214 1909 Castra
229 1856 339 1906 cremat
363 1851 498 1903 veniente
519 1847 564 1900 dle
584 1847 643 1899 dux
664 1844 807 1914 providus
823 1844 938 1911 herum,
994 1842 1069 1894 Dum
1084 1839 1221 1908 sperabat
1236 1854 1332 1907 opem,
1353 1853 1386 1892 se
1400 1854 1475 1908 pene
1498 1839 1659 1909 subegerat
1679 1838 1748 1906 hosti
1832 1894 1834 1911 Ι

110 1944 150 1998 Ut
164 1942 238 1994 duee
253 1938 393 2009 digresso
410 1936 448 1989 stt
463 1935 508 1988 las
519 1935 682 2000 irrumpere
697 1932 779 1985 nulli.
994 1927 1121 1997 Navigio
1137 1927 1225 1996 cujus
1242 1942 1275 1979 se
1291 1926 1496 1981 commendare
1510 1926 1629 1981 volebat
1832 1966 1834 2021 Ι

92 2026 274 2083 ·Commovit
288 2025 371 2094 prior
385 2025 449 2092 ipsc
464 2037 535 2076 suas
550 2021 586 2073 ad
600 2019 676 2073 bella
690 2019 831 2072 cohortes
847 2033 853 2071 :
995 2014 1135 2069 Instantis
1151 2016 1283 2068 metuens
1299 2015 1394 2067 vicina
1407 2014 1539 2083 pericula
1554 2013 1636 2067 lethi.
1831 2036 1834 2089 ,

110 2114 236 2186 Agmina
251 2112 337 2182 plura
351 2127 474 2164 movens
490 2109 619 2162 occurrii
634 2107 757 2161 Alexius
772 2106 823 2159 illi.
995 2103 1078 2156 Hanc
1094 2103 1174 2156 Deus
1191 2101 1305 2170 eripuit,
1319 2101 1383 2154 heri
1399 2101 1525 2156 ludibria
1541 2102 1646 2154 nolens
1832 2091 1834 2101 '

110 2202 183 2258 Cum
193 2199 398 2271 Langobardis
410 2197 526 2251 Calabri
537 2199 685 2249 terrentur
699 2198 727 2247 et
738 2192 834 2246 omnis
995 2190 1135 2243 lllatronae
1150 2191 1238 2242 tantae
1255 2191 1313 2242 tam
1328 2188 1436 2243 nobilis
1453 2193 1480 2242 et
1495 2189 1682 2243 venerandae.

110 2293 189 2346 Pene
205 2289 305 2359 fugam
317 2287 409 2357 petiit,
427 2285 521 2338 luerat
537 2283 587 2353 qui
602 2283 658 2336 sub
674 2282 747 2335 duce
763 2284 859 2347 nauta,
995 2276 1107 2331 Occidit
1122 2276 1179 2330 hoc
1194 2275 1273 2330 bello
1289 2276 1375 2348 regni
1390 2277 1534 2346 spoliatus
1555 2277 1666 2330 honore

111 2379 238 2448 Ipsaque
255 2389 404 2428 concursu
418 2373 513 2442 prime
529 2373 655 2424 terretur
669 2369 817 2439 equestris
996 2364 1215 2429 Constantinus,
1231 2368 1258 2417 et
1280 2367 1327 2417 est
1344 2364 1541 2418 subhumatus
1560 2365 1672 2417 honere
1686 2361 1794 2416 decenti:

112 2464 193 2520 Gens
209 2461 305 2528 ducis,
323 2459 441 2513 hostilis
457 2459 525 2511 dum
544 2459 711 2527 praegravat
725 2457 851 2523 impetus
863 2454 941 2507 illam
998 2452 1151 2523 Dyrrachii
1166 2466 1308 2521 proceres
1323 2452 1422 2505 amisit
1440 2451 1557 2506 Graecia
1573 2452 1691 2520 multoS,

115 2549 204 2603 Venit
217 2546 254 2599 ad
270 2549 414 2616 angustos
429 2546 620 2613 transgresso
632 2541 749 2595 tlumine
764 2541 908 2610 quosdam
997 2540 1127 2604 Quorum
1144 2556 1196 2608 per
1211 2555 1330 2608 campos
1346 2539 1493 2593 inhumata
1507 2539 1652 2593 cadavera
1665 2538 1760 2593 tabent.

115 2636 188 2690 Haec
203 2634 318 2687 incauta
333 2632 416 2684 locos
430 2646 435 2682 :
448 2630 522 2698 ltux,
540 2644 575 2683 nc
591 2629 658 2698 quis
670 2629 705 2681 ab
723 2628 796 2681 urbe
807 2628 908 2682 venire
998 2628 1064 2681 Dux
1079 2629 1107 2680 in
1123 2628 1257 2682 alexinis
1273 2628 1416 2681 remorari
1431 2629 1562 2697 tempore
1574 2627 1694 2682 castris.

115 2723 224 2779 Contra
239 2735 273 2774 se
287 2722 399 2788 posset,
411 2717 458 2770 vcl
473 2717 508 2769 ad
524 2717 626 2770 urbem
641 2730 778 2786 pergere,
791 2718 908 2785 pentem
999 2716 1065 2769 Non
1080 2717 1170 2770 multe
1186 2719 1307 2785 propter
1326 2715 1488 2785 putrefacta
1504 2715 1649 2769 cadavera
1664 2717 1746 2769 curat

115 2809 240 2864 Fecerat
255 2806 362 2861 everti.
378 2805 454 2859 Loca
470 2805 538 2858 dum
554 2804 598 2857 sic
608 2807 687 2856 arcta
703 2819 825 2856 suorum
999 2804 1115 2872 Imperii
1129 2802 1227 2874 jussis
1242 2818 1318 2874 gens
1333 2802 1389 2857 fida
1404 2803 1546 2857 Venetiae
1560 2805 1663 2857 servat

115 2895 279 2966 Impediunt
294 2894 400 2961 aditus,
416 2892 583 2946 vehementi
598 2893 674 2945 nube
691 2895 829 2962 teguntur
999 2891 1109 2946 Urbem
1127 2890 1298 2961 Dyrrachii;
1316 2892 1375 2945 dux
1390 2892 1444 2945 hac
1459 2891 1618 2962 digressus
1634 2892 1670 2945 ab
1686 2891 1749 2944 urbe

115 2984 254 3053 Undique
268 2981 403 3048 telorum,
421 2995 475 3034 nec
492 2978 587 3049 major
600 2979 665 3033 visa
680 2979 808 3034 retertur
1000 2979 1137 3033 Pervenit
1153 2979 1187 3032 ad
1202 2978 1539 3049 quemdam,cuinomen
1551 2979 1683 3042 Divalus,
1695 2990 1798 3031 amaon:

116 3070 234 3127 Grande
249 3069 432 3140 sagittarum,
444 3067 529 3122 locus
544 3071 572 3121 at
587 3068 656 3138 quia
670 3071 750 3121 tutus
767 3068 874 3122 abesse
964 3067 1054 3176 cHIc
1070 3066 1128 3120 sibi
1139 3066 1293 3120 castellum
1303 3066 1452 3121 fabricans
1468 3067 1576 3121 lecese
1593 3067 1741 3120 comitatos

117 3158 262 3228 Coeperat.
281 3156 405 3225 Interea,
422 3172 487 3209 cum
506 3172 559 3209 nce
573 3171 705 3227 pugnare
721 3155 861 3224 valerent,
1000 3155 1058 3209 Per
1072 3154 1199 3222 diversa,
1217 3154 1302 3222 locat,
1324 3154 1433 3224 quibus
1450 3154 1638 3210 incumbente
1652 3156 1748 3226 pruina

117 3245 228 3301 Cedere
243 3259 297 3298 nee
312 3248 392 3298 retro
408 3259 441 3297 se
456 3244 586 3309 dilatare,
600 3243 734 3297 laborant
1000 3242 1155 3311 TemporIs
1171 3241 1286 3296 hiberni
1297 3243 1395 3297 securi
1410 3244 1510 3297 vivere
1527 3246 1663 3312 possent.

117 3331 332 3402 Prtecipitando
352 3332 435 3399 mari,
461 3331 529 3400 quia
544 3345 602 3384 neu
618 3330 715 3384 minus
729 3330 866 3385 hostibus
882 3330 947 3400 ipsa
1000 3331 1079 3386 Gens
1095 3331 1205 3384 cruciat
1220 3331 1311 3385 variis
1326 3331 1483 3402 plerosque
1499 3332 1640 3386 Venetica
1655 3331 1743 3402 poenis

118 3419 217 3474 Turba
233 3419 388 3472 coarctatis
405 3418 462 3471 sibi
477 3417 614 3487 plebibus
630 3417 787 3471 oltlciebat.
1000 3420 1072 3473 Cum
1097 3418 1171 3473 duce
1199 3423 1405 3490 trangressus,
1419 3419 1488 3490 laon
1502 3419 1582 3474 hunc
1593 3420 1630 3474 ad
1645 3420 1720 3475 bella
1732 3431 1797 3471 seca·

117 3508 234 3576 Aspera
248 3505 429 3558 Narmannis
445 3506 582 3576 angustia
596 3508 674 3559 tanta
689 3506 812 3560 videtur.
1722 3507 1776 3574 (tos,

118 3592 282 3664 Imperialis
298 3608 350 3647 eos
365 3593 513 3646 exercitus
529 3595 724 3663 exsuperatos
1001 3594 1055 3660 Qui
1070 3592 1189 3664 prelugi
1203 3593 1328 3662 lucrant,
1342 3594 1449 3649 studiis
1465 3595 1627 3650 servilibus
1644 3596 1709 3649 illos

4 3713 11 3727 ·
119 3681 274 3736 Delecisse
284 3682 401 3749 patene,
414 3681 580 3751 classisque
594 3680 735 3736 Venetica
746 3680 841 3737 victos
1002 3682 1149 3737 addicunt
1158 3699 1165 3746 ;
1183 3681 1257 3735 alios
1273 3682 1423 3752 ergastula
1438 3683 1569 3736 carceris
1584 3685 1698 3737 arctant

119 3767 204 3834 Quod
219 3772 336 3840 caperet
351 3783 486 3838 sperans,
508 3784 574 3839 quae
593 3769 725 3838 proxima
745 3771 832 3825 nabat
846 3773 876 3825 in
896 3787 946 3827 un·
1004 3770 1050 3825 Ad
1064 3770 1186 3840 patriam
1201 3770 1323 3839 missos,
1339 3770 1388 3824 alii
1402 3770 1556 3825 traduntur
1571 3771 1705 3825 Achivis,

843 3858 912 3934 ldis,
1004 3858 1156 3929 Dprrachii
1172 3857 1300 3928 quidam,
1316 3874 1403 3928 quom
1415 3860 1494 3911 terra
1508 3857 1649 3913 Venetiae
1664 3857 1736 3912 misit

120 3943 302 4017 Aggreditur
316 3943 421 4014 spoliis
433 3943 550 3998 inhians
561 3945 671 4016 agitare
686 3947 806 4014 rapinas
1004 3948 1056 4002 Vir
1067 3947 1230 4016 praeclarus
1245 3948 1307 3999 erat
1323 3961 1488 4016 nomenque
1503 3946 1676 4001 Dominicus
1687 3944 1735 3999 1111.

120 4031 312 4100 hrripinnlur
325 4030 392 4101 equi
407 4031 584 4109 diversaque
599 4033 715 4087 sarcIna
732 4049 839 4103 rerum,
1004 4036 1110 4091 Oderat
1125 4035 1172 4089 hic
1187 4034 1352 4105 quemdam,
1368 4034 1434 4104 quia
1451 4049 1509 4087 noa
1522 4048 1556 4087 se
1571 4033 1753 4103 parttcipaau

119 4119 199 4183 Quas
214 4119 299 4173 ducis
315 4120 484 4173 accelerans
497 4120 533 4173 ad
546 4120 647 4190 praelia
664 4125 816 4190 spreverat
831 4140 947 4196 agmen.
1003 4122 1142 4191 Consilio,
1161 4123 1253 4176 sociis
1268 4121 1347 4191 qued
1362 4121 1498 4191 pluribus
1514 4122 1684 4175 insinuabat
1701 4138 1706 4174 :

120 4207 233 4261 Interea
249 4206 396 4278 digressa,
410 4208 483 4260 mari
498 4208 547 4260 rix
561 4223 594 4261 se
609 4208 724 4263 sociare
1004 4212 1089 4265 Hunc
1105 4210 1190 4281 quasi
1204 4210 1358 4278 primatem
1376 4224 1452 4281 gens
1467 4208 1516 4262 illa
1538 4210 1675 4264 studebat
1697 4207 1803 4262 habere:

120 4294 217 4349 Turba
228 4294 295 4348 duci
310 4294 410 4365 valuit,
423 4295 473 4366 qui
483 4300 718 4366 praetergressus
734 4297 826 4368 imqui
1004 4301 1068 4353 Dux
1084 4299 1236 4353 dicebatur
1250 4298 1394 4370 genuisse
1410 4297 1569 4351 Venetieus
1585 4297 1667 4351 illurn

119 4381 243 4437 Exitiale
255 4382 312 4437 loci
327 4383 417 4436 mullo
433 4383 541 4437 sudore
556 4384 709 4454 periclum,
1003 4388 1135 4441 Primatu
1149 4389 1240 4440 tentat
1256 4386 1373 4455 prtvare
1389 4384 1561 4438 Dominicus
1575 4384 1667 4438 illum.

118 4470 151 4524 In
165 4469 269 4539 primis
280 4470 389 4539 aderat,
400 4486 485 4541 quern
494 4470 628 4539 jusserat
642 4472 689 4525 liic
705 4473 834 4528 acierum
964 4451 1161 4540 DQuemdam
1176 4473 1212 4527 dc
1228 4473 1365 4544 profugis
1381 4472 1520 4526 Dariuum
1537 4477 1679 4526 convocat
1694 4471 1767 4525 adse

119 4557 199 4613 Ordo
209 4558 291 4628 prior
301 4560 428 4611 mutatus
440 4561 510 4625 erat,
527 4559 694 4613 miseranda
711 4560 842 4616 locorum
1002 4562 1057 4627 Qui
1072 4561 1129 4616 sibi
1145 4561 1254 4615 charus
1269 4564 1331 4614 erat
1345 4560 1472 4629 fidelque
1492 4565 1595 4614 tencre
1608 4561 1752 4630 probatus.

118 4645 222 4700 Omnia
232 4645 338 4699 mutari
353 4647 550 4699 sicarctatura
566 4647 671 4718 coegit.
1004 4651 1089 4704 Hunc
1104 4652 1203 4703 monet
1218 4652 1248 4702 ut
1263 4653 1351 4702 noctu
1367 4647 1487 4703 Heberti
1503 4651 1600 4701 castra
1613 4648 1746 4718 requIrat,
1834 4681 1836 4711 ,

118 4733 232 4789 Gaudet
245 4733 352 4786 adesse
369 4748 451 4799 suos,
464 4735 492 4786 et
510 4733 611 4802 paucis
622 4735 744 4789 vocibus
761 4736 829 4791 illos
1003 4738 1039 4792 Et
1062 4753 1095 4792 se
1111 4737 1186 4791 velle
1201 4737 1268 4791 duci
1284 4751 1337 4791 sua
1353 4736 1505 4790 commoda
1521 4735 1651 4805 pandere
1665 4736 1745 4789 dicat.
1833 4730 1836 4751 ¹

118 4823 185 4879 Dux
200 4821 432 4893 priorhortatur,
444 4821 550 4875 solium
567 4825 696 4877 tutamen
711 4824 842 4880 inarmis
1004 4827 1039 4880 Et
1051 4839 1211 4896 properare
1226 4826 1291 4879 loco
1308 4828 1423 4878 moueat
1439 4825 1488 4894 qui
1505 4823 1592 4877 Petra
1606 4826 1740 4878 vocatur:

118 4910 218 4966 Altera
238 4910 436 4977 conclamans,
455 4912 481 4963 et
501 4909 611 4966 sidant
627 4914 708 4982 terga
731 4912 875 4985 PelasgIs,
1005 4914 1147 4968 Ecclesia
1157 4913 1255 4967 Sancti
1270 4912 1382 4966 Nicolai
1394 4912 1547 4981 proximas
1563 4912 1621 4966 Iste

117 4999 269 5071 Quemque
284 4999 488 5054 trucidandum
505 4999 643 5068 pecorino
660 5016 741 5054 more
759 5002 893 5071 minatur,
1004 5003 1165 5068 Estiones,
1184 5002 1261 5056 hunc
1279 5000 1427 5054 liebertus
1451 5000 1510 5053 adit
1526 5015 1593 5053 cum
1613 4999 1701 5053 milite
1723 5007 1805 5068 pauca

117 5087 344 5158 Captivisvitam
359 5088 445 5140 morti
461 5087 638 5155 praenuntiat
654 5104 778 5158 aequam.
1004 5092 1135 5158 hoellus,
1151 5089 1277 5160 profugo
1292 5088 1442 5151 redeunte,
1460 5088 1621 5142 I'cnaticus
1637 5087 1713 5140 illurn

118 5174 173 5230 His
193 5176 387 5231 hortamentis
403 5174 536 5229 accendIt
552 5175 639 5229 corda
654 5192 787 5245 suorum,
1002 5180 1154 5242 Convenit,
1171 5181 1199 5231 et
1214 5177 1329 5231 facilem
1345 5176 1483 5245 premittit
1499 5175 1677 5229 deditionem

118 5260 154 5314 Et
167 5261 237 5314 licet
250 5263 421 5317 innumeras
436 5263 534 5316 videat
551 5278 708 5332 properare
724 5267 859 5319 catervas
1002 5266 1166 5337 Dyrrachii,
1188 5265 1245 5318 nisi
1265 5264 1323 5318 dux
1339 5263 1406 5332 sibi,
1423 5262 1502 5333 quod
1516 5262 1600 5332 petit,
1616 5277 1684 5316 esse
1698 5260 1808 5314 daturum

119 5348 220 5401 Partis
237 5348 377 5417 Alesiam,
395 5353 442 5403 111
461 5351 608 5421 ἱ1111111011
625 5352 681 5404 sibi
698 5368 770 5420 papa
1002 5355 1147 5424 Abneget.
1164 5354 1215 5407 Ille
1230 5353 1326 5406 libens
1340 5350 1408 5421 jure
1422 5350 1550 5420 jurando
1566 5349 1722 5420 spopondit

117 5434 253 5492 hdl'etri
269 5436 389 5490 dederat
402 5443 507 5492 summi
520 5441 647 5508 pastoris
665 5440 816 5510 honorem,
1000 5443 1082 5508 Quod
1098 5443 1167 5512 peIIt
1191 5440 1378 5511 expleudum,
1409 5439 1519 5507 neptim
1540 5454 1595 5509 pro
1617 5436 1740 5507 conjuge
1757 5433 1807 5486 dan

116 5523 152 5582 Et
167 5521 283 5579 merilis
299 5525 402 5593 sancti,
419 5528 505 5599 cujus
520 5529 714 5584 fabricaverat
729 5529 820 5584 aedes.
1699 5525 1777 5595 (dan.
