3900 6112
113 273 173 339 ⁷36
602 269 802 335 Ubatnlcl
817 267 1125 373 cnumacnnsls
1144 269 1355 336 MONAGHI.

115 481 242 536 domnus
257 478 350 533 abbas
365 475 434 530 iacit
448 474 565 546 aliquos
581 473 717 528 seniores
733 471 769 526 ed
784 485 851 526 cum
862 483 945 526 acce·
958 457 989 521 A
1002 469 1144 542 injuncte.
1156 471 1219 527 Nec
1229 473 1340 528 recedit
1355 474 1422 529 inde
1438 474 1710 546 usquequomiaaa:

115 568 319 640 darequieum
335 555 536 633 onhortentur,
548 566 579 616 ut
594 561 736 633 quidquid
747 560 946 617 eicorrectio-
1002 559 1083 624 Quod
1100 561 1125 614 si
1142 563 1209 632 quis
1234 562 1419 633 inobediens,
1441 567 1469 618 et
1484 563 1606 618 rebellis
1633 563 1710 637 aliqu

115 659 162 714 nis
174 654 653 728 temporalitertueritirrogatum,
666 651 870 706 totumhabeat
881 666 948 722 gra·
1002 648 1092 703 tuerit
1111 649 1228 718 tratres,
1246 666 1283 705 cx
1298 666 1391 722 more,
1408 667 1467 706 non
1487 656 1663 722 exspectant
1678 654 1711 709 ut

114 740 757 818 tum,utdivinaegratiacpossitrcconciliari.
769 740 946 795 Cumvisum
1000 739 1098 807 piatur
1119 740 1348 809 comprehendi3
1364 741 1417 795 sed
1435 741 1494 811 ipsi
1519 742 1663 798 continuo
1682 742 1710 798 ir

115 837 214 906 luerit,
231 833 390 890 concordat
405 832 491 886 etiam
507 846 572 885 cum
590 829 704 885 eisdem
719 828 900 896 senioribus,
916 832 947 883 ut
1002 827 1263 897 comprehendunt,
1280 832 1308 884 et
1323 845 1391 884 cum
1407 828 1710 906 tueritcomprehens

115 941 168 997 pro
181 939 243 991 reo,
254 926 283 979 et
290 938 343 993 pro
351 919 640 992 ejusabsolutionem
653 918 683 973 in
692 917 820 989 capitulo
831 917 947 972 veniam
1001 917 1081 971 ciunt
1093 917 1171 988 quod
1187 917 1285 972 visum
1297 918 1397 988 luerit,
1407 919 1556 974 mittentes
1567 934 1637 974 eum
1647 920 1677 975 in
1685 935 1710 975 cr

114 1013 357 1086 petant,maxime
373 1010 400 1064 si
415 1024 484 1064 vere
498 1008 568 1063 eunt
582 1007 705 1077 experti,
723 1010 751 1061 et
764 1005 867 1062 testari
876 1021 945 1075 pos·
1000 1005 1048 1059 vel
1064 1005 1093 1059 in
1108 1005 1214 1078 bogae.
1238 1006 1348 1062 Cercar
1362 1009 1409 1062 est
1422 1007 1489 1062 talis
1509 1008 1539 1062 in
1560 1024 1649 1079 quem
1671 1024 1710 1065 cu

115 1104 185 1158 sunt
196 1101 275 1172 quod
289 1115 342 1171 pro
357 1102 441 1154 reatu
455 1113 511 1152 suo
523 1095 658 1167 spiritum
674 1094 782 1149 haheat
793 1093 946 1150 contribu-
1000 1093 1200 1164 descenditur,
1216 1111 1272 1150 nec
1287 1095 1453 1150 ostenditur
1461 1096 1580 1166 ostium,
1599 1112 1657 1151 nec
1670 1095 1710 1153 ier

113 1191 213 1258 latum,
230 1205 282 1244 cor
309 1187 466 1244 contritum
481 1189 509 1243 et
524 1185 707 1241 humiliatum
724 1201 729 1239 :
746 1184 847 1239 annuit
869 1199 946 1238 com·
1000 1182 1098 1237 habet.
1122 1183 1164 1238 De
1180 1184 1268 1257 bogis
1292 1200 1410 1256 quoque
1438 1189 1508 1241 sunt
1533 1186 1672 1257 quaedam
1695 1185 1710 1242 l

113 1280 194 1336 muni
204 1278 330 1334 fratrum
341 1293 480 1347 assensu,
490 1278 522 1330 ut
535 1275 623 1330 iaciat
634 1289 701 1329 cum
711 1273 761 1328 illo
777 1273 947 1328 misericor·
1000 1272 1136 1343 quaedam
1151 1275 1318 1345 gravioreS,
1333 1274 1373 1328 ita
1388 1276 1419 1329 ut
1429 1275 1565 1330 inclusus
1579 1291 1637 1330 nec
1652 1274 1710 1332 ind

114 1369 242 1440 diam,et
256 1367 341 1423 mittit
355 1383 409 1438 pro
425 1382 471 1422 eo.
492 1365 590 1421 Nudat
610 1380 642 1419 se
658 1364 760 1420 eodem
776 1363 863 1419 modo
888 1376 947 1433 quo
1000 1362 1076 1416 rium
1091 1363 1255 1418 ascendere
1283 1363 1390 1433 possit,
1415 1366 1444 1419 et
1466 1365 1535 1418 tunc
1557 1364 1634 1419 alias
1650 1366 1681 1420 in
1705 1384 1710 1417 ι

113 1459 210 1531 prius,
228 1460 256 1512 et
271 1472 338 1513 cum
353 1456 478 1511 veniens
493 1453 688 1524 vapulaverit,
713 1452 820 1506 domno
840 1451 947 1506 abbate
1001 1451 1118 1506 dormit.
1136 1451 1219 1517 Quod
1231 1451 1257 1506 si
1269 1451 1333 1522 ipse
1345 1453 1395 1523 qui
1412 1455 1458 1507 est
1469 1452 1658 1524 inobediens,
1670 1453 1710 1508 ιιιι

111 1546 235 1620 jubente
247 1546 341 1602 induit
353 1560 387 1600 se
398 1543 523 1600 cuculla.
540 1543 586 1597 hd
597 1541 686 1613 crq'us
700 1540 804 1613 pedes,
815 1542 843 1596 et
854 1539 946 1610 pedes
1000 1538 1069 1595 tiam
1079 1555 1163 1594 suam
1179 1540 1249 1595 fois
1260 1540 1423 1612 Capitulum
1436 1542 1535 1613 aliquo
1549 1542 1639 1598 modo
1650 1558 1710 1598 mor

112 1637 322 1693 universorum
338 1634 492 1689 amaximo
508 1647 603 1703 usque
619 1630 655 1686 ad
664 1631 816 1684 minimum
827 1629 944 1699 provol-
1000 1629 1049 1696 rit,
1067 1630 1165 1683 statim
1185 1628 1284 1684 tabula
1299 1631 1472 1701 percutitur,
1489 1633 1564 1686 utin
1581 1630 1710 1701 capitulo

112 1725 382 1797 ritureingulatim.
394 1718 850 1792 lteratopetitveniam‚jubetur
864 1718 945 1773 exire
1001 1719 1144 1774 veniatur.
1161 1719 1258 1773 Potuit
1274 1723 1301 1774 ot
1324 1720 1382 1775 tale
1400 1720 1470 1791 quid
1488 1723 1547 1774 tam
1562 1736 1710 1793 praesum}

116 1816 195 1870 adse
209 1813 406 1877 induendum;
423 1811 544 1866 indutus
552 1813 581 1865 et
591 1824 733 1864 reversus
750 1807 847 1863 adhuc
858 1807 945 1861 etiam
1000 1808 1030 1863 in
1046 1807 1205 1878 praesentia
1221 1809 1300 1879 loqui
1326 1807 1425 1863 domni
1446 1809 1574 1880 abbatis,
1590 1810 1639 1864 vel
1661 1810 1708 1881 pri

110 1903 192 1974 petit.
209 1901 373 1956 iubeturut
384 1898 505 1953 ultimus
516 1896 627 1966 sedeat,
638 1895 760 1951 ultimus
775 1894 944 1949 sitcuncto-
999 1900 1122 1968 propter
1137 1896 1193 1951 hoc
1219 1897 1305 1952 etiam
1331 1912 1388 1952 non
1403 1897 1501 1953 minus
1517 1898 1619 1954 tabula
1644 1913 1710 1969 perr

113 2008 179 2049 rum
194 1991 224 2046 in
247 1989 327 2046 omni
347 1988 424 2043 loco.
442 1986 559 2042 Interim
574 2000 633 2040 non
658 1983 861 2052 communicat,
884 1997 944 2037 non
1000 1987 1078 2057 quod
1093 1989 1139 2041 est
1156 1985 1276 2058 signum
1288 1987 1493 2042 conveniendi.

112 2083 193 2138 venit
208 2081 368 2150 adpaoem,
384 2093 443 2132 non
459 2077 610 2132 osculatur
624 2076 735 2130 textum
749 2073 903 2145 Evangelii
914 2073 944 2126 in
1036 2075 1523 2148 Ubicunqueautcmeontigeritut
1533 2075 1710 2148 colloquenti

110 2170 257 2237 ‚ecclesia;
271 2184 325 2224 nec
343 2166 555 2237 adlectionem,
575 2179 629 2219 nec
641 2165 676 2219 ad
688 2166 815 2232 cantum,
835 2165 867 2217 ιιι
884 2162 942 2231 alii,
960 2135 986 2198 Β
1001 2180 1058 2219 nus
1077 2164 1170 2219 abbas
1185 2167 1214 2219 et
1229 2164 1336 2235 aliquis
1353 2164 1486 2235 fratrum,
1506 2169 1534 2220 et
1559 2166 1586 2219 si
1598 2165 1693 2222 irater
1707 2187 1710 2222 ι

113 2263 244 2326 notatur;
260 2258 350 2314 asola
366 2255 503 2327 coquina,
514 2259 545 2309 ut
559 2255 633 2309 inea
649 2253 769 2322 serviat,
782 2252 854 2307 etad
864 2267 944 2306 man·
1002 2254 1102 2309 contra
1127 2268 1159 2307 se
1183 2253 1259 2307 iram
1273 2256 1301 2308 et
1324 2253 1556 2325 indignationem
1575 2254 1690 2311 domini
1709 2294 1710 2303 ι

112 2352 211 2405 datum
228 2363 289 2404 non
303 2344 487 2418 prohibetur.
501 2344 572 2399 Post
587 2343 723 2416 singulas
740 2341 830 2398 horas
847 2340 944 2395 finitas
1003 2343 1141 2398 continuo
1157 2342 1273 2396 veniam
1288 2345 1388 2413 petere
1405 2345 1465 2398 toto
1476 2358 1602 2414 corpore
1613 2348 1710 2415 prostr

112 2438 275 2496 veniamita
287 2451 378 2505 super
388 2449 484 2506 genua
495 2434 577 2503 petit,
591 2448 645 2487 nec
655 2436 752 2487 tamen
764 2429 947 2502 propterhoc
1003 2435 1144 2486 moratur.
1161 2429 1269 2485 Nullus
1285 2432 1371 2487 etiem
1387 2432 1493 2487 transit
1508 2435 1575 2488 ante
1595 2433 1696 2504 ipsum

113 2542 281 2584 conversus
291 2524 327 2578 ad
338 2524 439 2578 altare.
451 2522 485 2576 Si
505 2522 622 2593 quando
639 2521 745 2576 iratres
761 2521 896 2575 universi
904 2519 946 2573 al·
1004 2537 1061 2592 que
1077 2519 1264 2591 sitlocornm,
1282 2521 1400 2592 quinon
1415 2521 1502 2576 altius
1513 2521 1644 2578 inclinet.
1661 2523 1710 2579 lnr

113 2615 161 2670 bis
185 2612 353 2667 vestiuntur
376 2612 498 2680 propter
525 2608 652 2679 aliquam
674 2606 873 2675 testivitatem,
897 2605 945 2661 vel
1000 2610 1069 2680 post
1083 2608 1165 2662 illum
1181 2612 1239 2663 stat
1252 2608 1316 2678 ipsc
1331 2609 1474 2665 sacerdos
1490 2610 1568 2678 alba,
1586 2612 1673 2681 stola,
1686 2628 1710 2666 ιιι

114 2699 443 2772 etiamprocessionem,
456 2697 632 2766 tuncctipso
643 2697 777 2751 vestitur.
790 2694 835 2751 hd
846 2697 946 2751 extre·
1000 2713 1092 2768 cappa
1106 2697 1237 2752 indutus
1264 2697 1308 2752 Ad
1324 2699 1558 2769 processionem,
1576 2701 1612 2755 ad
1628 2716 1710 2772 quan

113 2807 194 2847 mum
205 2791 230 2845 si
243 2790 371 2845 domnus
382 2787 476 2841 abbas
483 2785 588 2840 viderit
603 2784 632 2839 id
641 2784 945 2855 expedirc,talemque
1000 2791 1070 2844 sunt
1084 2788 1160 2842 albis
1178 2787 1228 2858 qui
1244 2787 1280 2841 ad
1297 2787 1440 2859 majorem
1461 2789 1584 2844 missam
1601 2793 1710 2846 suntsi

114 2882 181 2953 ejus
196 2895 266 2936 osse
281 2876 472 2933 humilitatem
487 2890 553 2946 quae
565 2874 594 2928 id
604 2876 761 2943 mereatur,
777 2873 944 2945 interpella·
1000 2881 1066 2933 ante
1081 2893 1184 2932 omnes
1200 2876 1310 2932 incedit
1319 2895 1326 2942 ;
1343 2877 1379 2930 ad
1394 2877 1470 2932 hanc
1485 2880 1593 2948 autem,
1609 2879 1646 2932 ad
1662 2894 1710 2950 qur

113 2974 162 3027 tue
176 2986 193 3025 a
208 2968 351 3024 iratribus
369 2965 399 3020 in
416 2964 543 3034 capitulo
560 2966 647 3019 vocat
661 2979 729 3018 eum
741 2965 773 3018 ut
787 2967 901 3035 surgat,
917 2965 946 3018 et
998 2967 1080 3022 versi
1101 2967 1176 3020 albis
1197 2966 1366 3035 induuntur,
1394 2967 1471 3021 sicut
1489 2967 1519 3020 in
1548 2967 1710 3038 majoribus

113 3063 143 3117 in
157 3060 285 3116 medium
296 3056 413 3124 veniat3
429 3070 487 3127 quo
503 3056 618 3125 petente
634 3045 748 3108 veniam
760 3055 943 3121 consuetam,
999 3055 1063 3126 ipse
1078 3055 1198 3111 indutus
1213 3058 1259 3110 est
1270 3071 1371 3126 cappa.
1386 3056 1420 3111 ln
1434 3058 1582 3110 conventu
1598 3057 1625 3110 si
1640 3057 1710 3112 rana

69 3218 72 3225 Ι
113 3151 244 3223 loquitur
258 3150 457 3204 consentanca
472 3148 500 3199 at
510 3159 609 3199 causae
624 3147 653 3198 ct
667 3159 814 3213 personae,
832 3145 860 3197 et
876 3142 944 3197 red·
997 3162 1065 3217 pam
1077 3145 1248 3216 portaverit,
1265 3145 1311 3200 vel
1327 3146 1471 3216 capellum
1487 3144 1627 3215 induerit,
1642 3148 1710 3218 quot

113 3242 155 3296 dit
170 3241 197 3295 ei
211 3238 370 3311 pristinum
391 3236 500 3290 statum
514 3248 551 3288 ne
566 3232 692 3303 amplius
707 3231 797 3287 ullam
818 3231 945 3301 patiatur
997 3235 1127 3304 libuerit,
1143 3235 1171 3288 in
1192 3234 1241 3289 illo
1258 3233 1417 3289 solonemo
1433 3234 1633 3305 reprehendit.
1647 3235 1710 3290 hdr

113 3330 150 3385 ab
165 3327 232 3384 aliis
253 3325 492 3401 separationem:
510 3322 587 3377 eadit
602 3323 638 3375 ad
656 3322 748 3392 pedes
769 3320 848 3392 ejus,
867 3320 945 3375 sicut
1000 3322 1559 3396 sequiumintraturirefeotoriumtenet
1571 3323 1710 3379 unusirat

115 3419 202 3474 etiam
218 3416 342 3487 quilibet
351 3413 439 3481 alius,
451 3415 510 3466 tam
523 3411 552 3465 in
562 3410 786 3482 ecclesiaquam
797 3409 827 3464 in
837 3410 945 3482 capitu·
999 3414 1082 3483 chae,
1099 3417 1128 3469 et
1142 3413 1357 3485 manutergium
1373 3414 1465 3479 alter;
1483 3412 1602 3467 clericis
1618 3416 1648 3468 et
1662 3428 1710 3485 per

113 3507 153 3576 lo,
171 3505 196 3560 si
213 3503 329 3574 quando
340 3500 524 3572 promoverit
538 3500 681 3555 altiorem.
998 3503 1162 3573 monachis,
1180 3502 1231 3574 qui
1248 3502 1287 3556 ita
1301 3501 1410 3556 vadunt
1424 3501 1539 3573 pedites
1555 3502 1671 3573 absque
1683 3500 1710 3573 ja

149 3591 223 3646 Sunt
238 3592 335 3644 autem
350 3588 427 3659 apud
444 3602 500 3641 nos
521 3587 618 3641 adhuc
632 3588 661 3641 et
675 3587 731 3641 alia
746 3601 856 3660 genera
875 3604 944 3643 cor·
1001 3591 1358 3648 nobiscuminreiectorio
1368 3591 1671 3662 comessurisaquam
1681 3591 1710 3645 ad

114 3679 266 3748 rectioniS,
283 3693 349 3749 quae
369 3692 427 3730 non
443 3676 539 3730 solum
554 3676 680 3730 domnus
696 3676 788 3731 abbae
798 3675 867 3731 lucit
878 3678 942 3735 scd.
961 3662 986 3723 C
1002 3683 1165 3747 ministrot;
1181 3681 1316 3752 talesque
1325 3681 1429 3736 sedent
1440 3680 1475 3734 ad
1485 3695 1618 3735 mensam
1629 3681 1710 3750 prino

114 3769 212 3836 etiam,
237 3767 263 3822 si
287 3781 363 3837 opus
381 3764 478 3834 tuerit,
501 3765 592 3835 prior.
610 3763 686 3818 Nam
705 3766 734 3819 ct
757 3764 824 3821 inde
846 3767 945 3823 audivi
1000 3770 1031 3826 Si
1047 3771 1263 3844 quidcuiquam
1278 3770 1392 3824 mittere
1403 3767 1528 3824 voluerit
1538 3768 1575 3824 de
1590 3768 1710 3825 refector

118 3872 204 3930 quam
220 3855 377 3911 verissime
393 3854 519 3909 domnus
534 3853 627 3908 abbas
639 3854 710 3909 dixit
725 3854 833 3910 nullam
846 3871 944 3912 mona·
999 3878 1052 3918 nec
1068 3861 1159 3932 priori
1173 3860 1250 3929 licet,
1268 3874 1322 3914 neo
1337 3859 1386 3913 alii
1402 3874 1490 3931 quam
1505 3859 1561 3913 sibi
1575 3859 1642 3913 soli.
1659 3858 1708 3914 Sol

116 3948 240 4002 chorum
256 3943 421 4000 Ecclesiam
444 3943 633 3998 dehonestari
649 3948 769 4015 propter
789 3945 868 4016 quod
887 3946 944 4000 tale
998 3967 1055 4022 que
1065 3949 1182 4005 siestin
1193 3948 1480 4017 domointirmorum,
1492 3947 1560 4002 inde
1569 3947 1701 4021 dirigere

117 4035 190 4107 quid
206 4033 396 4090 committitur
419 4032 569 4104 abaliquo
592 4031 694 4103 fratre,
718 4033 772 4088 sed
796 4033 853 4090 hoo
875 4051 944 4090 esse
998 4039 1123 4094 otorium
1140 4038 1403 4093 charitatemsuam
1418 4036 1454 4089 ad
1470 4035 1631 4107 quemlibet
1647 4034 1711 4091 fratr

114 4125 192 4196 quod
206 4124 292 4195 plane
308 4122 395 4178 faciat
409 4121 445 4176 ad
460 4121 651 4194 ignominiam
665 4123 807 4192 nostram,
817 4123 858 4176 'si
873 4123 944 4194 quid
998 4129 1089 4184 irater
1103 4127 1251 4197 recipiens
1267 4142 1326 4180 non
1342 4125 1542 4197 negligentius
1558 4141 1648 4195 quam
1663 4124 1690 4179 si
1707 4141 1710 4178 1

113 4214 251 4286 nequiter
264 4212 462 4278 committitur,
473 4215 500 4266 et
516 4211 629 4282 absque
641 4211 730 4282 digna
741 4212 944 4269 emendatione
998 4219 1092 4274 sentia
1104 4219 1195 4285 esset,
1207 4216 1336 4270 inclinat.
1348 4215 1509 4285 Postquam
1519 4229 1578 4268 nox
1588 4214 1710 4286 luerit,p

114 4301 410 4358 dimittitur.ldcirco
426 4301 451 4354 si
468 4300 536 4371 quis
552 4301 588 4354 dc
607 4300 705 4371 aliquo
720 4300 831 4372 flagitio
846 4302 943 4356 divul-
997 4310 1063 4362 ante
1092 4307 1173 4360 illum
1210 4320 1263 4374 per
1286 4304 1382 4358 omnia
1411 4304 1532 4371 laterna,
1553 4306 1612 4356 tam
1640 4303 1672 4358 in
1690 4319 1710 4357 οι

112 4394 200 4466 gatur
214 4392 244 4445 in
259 4391 377 4462 populo,
399 4389 429 4443 in
445 4389 604 4459 praesentia
618 4404 735 4460 quoque
750 4390 851 4460 populi
868 4391 944 4448 solet
997 4412 1083 4468 quam
1099 4399 1180 4450 extra
1196 4394 1342 4465 usquead
1359 4394 1466 4447 lectum
1477 4393 1527 4447 ubi
1543 4393 1595 4463 qui
1610 4394 1708 4461 portat

111 4479 311 4550 emendari,ut
319 4479 370 4550 qui
380 4478 613 4549 ejuscxcessum
624 4480 828 4551 cognoverint,
836 4495 944 4552 cogno·
997 4487 1097 4557 quitur
1112 4484 1153 4539 illi
1178 4486 1206 4538 et
1226 4484 1262 4537 ad
1285 4481 1488 4537 collocandum
1508 4488 1536 4535 ct
1550 4481 1587 4535 ad
1607 4480 1710 4536 levand

111 4571 197 4626 scant
212 4567 298 4625 etiam
315 4567 381 4638 ejus
397 4567 640 4624 emendationem.
657 4567 779 4623 Cunctis
799 4570 877 4624 enim
892 4570 942 4641 qui
998 4589 1116 4646 quoque
1152 4574 1183 4626 in
1212 4571 1401 4626 refectorium
1426 4572 1532 4637 ituruS,
1559 4570 1710 4624 mistumr

111 4659 213 4714 ridere
233 4657 381 4712 voluerint
401 4656 581 4725 videntibus
601 4659 629 4711 ot
651 4658 824 4716 maximein
846 4660 943 4715 media
995 4663 1152 4720 lectionem
1174 4662 1210 4715 ad
1239 4675 1372 4714 mensam
1397 4659 1484 4713 debet
1508 4659 1638 4724 habere;
1655 4659 1683 4712 si
1707 4709 1710 4725 ,

112 4749 219 4820 platon,
243 4748 380 4817 nudatur,
396 4746 506 4819 ligatur
519 4751 548 4801 et
562 4748 746 4804 verberatur.
763 4749 801 4804 Αι
815 4749 842 4804 si
857 4751 942 4822 culpa
995 4753 1117 4809 revertit
1140 4750 1175 4804 ad
1199 4751 1275 4805 hano
1291 4749 1403 4818 horam,
1420 4765 1477 4820 qua
1492 4749 1603 4802 fratres
1623 4763 1710 4818 accep

110 4835 568 4909 nonestdegravioribusmalis,
581 4836 634 4890 sed
646 4836 758 4893 lorteut
768 4839 941 4911 cumaliquo
994 4846 1061 4914 post
1076 4843 1189 4896 sextam
1202 4838 1335 4910 prandio,
1354 4837 1487 4892 secundo
1496 4827 1563 4907 post
1575 4851 1710 4906 vesperar

110 4928 268 4982 inhoneste
292 4928 321 4981 et
340 4925 508 4998 irreligiose
532 4926 562 4979 in
586 4926 732 4981 audientia
756 4928 941 4998 popularium
995 4931 1101 5001 verint,
1124 4944 1310 5000 nequaquam
1330 4944 1396 4983 oum
1420 4926 1465 4981 eis
1480 4941 1515 4980 ea
1530 4927 1595 4979 vice
1612 4924 1710 4980 comed

110 5015 304 5086 contenderit,
314 5031 367 5085 pro
376 5014 561 5087 hujusmodi,
571 5015 759 5070 cumvenerit
769 5015 833 5072 dies
843 5017 940 5072 Domi·
996 5021 1124 5075 sustinet
1134 5033 1230 5089 usque
1246 5018 1315 5071 dum
1324 5016 1519 5085 surrexerint,
1537 5014 1605 5086 quia
1618 5029 1710 5086 nunqr

109 5102 206 5173 nicus,
222 5104 260 5159 ad
277 5104 392 5159 initium
408 5103 510 5159 missae
534 5104 724 5174 matutinalis,
747 5109 940 5161 concurrente
996 5109 1080 5164 sedet
1109 5107 1145 5161 ad
1168 5106 1283 5162 seillam
1304 5106 1391 5159 debet
1413 5118 1567 5159 remanere
1587 5105 1660 5174 quin
1683 5116 1710 5157 cr

109 5192 217 5261 populo
232 5192 268 5246 ad
285 5193 452 5259 ecclesiam,
470 5195 527 5247 stat
537 5193 602 5263 ipsc
613 5192 700 5247 nudis
712 5193 939 5266 pedibusprope
954 5213 981 5273 D
996 5199 1121 5253 exeunte
1136 5196 1200 5266 ipse
1217 5210 1334 5266 quoque
1345 5198 1440 5248 exeat.
1460 5193 1582 5247 Romam
1594 5207 1710 5265 quoque

110 5278 191 5332 iores
206 5279 353 5350 ecclesiae,
370 5284 398 5335 et
421 5296 512 5338 unum
538 5281 671 5336 codicem
693 5282 939 5355 grandiusculum
997 5291 1073 5358 otus,
1085 5285 1132 5340 vel
1148 5286 1176 5338 in
1191 5284 1257 5338 aliis
1269 5284 1357 5338 terris
1373 5282 1542 5353 aliquandiu
1559 5286 1704 5354 moratae,

110 5369 191 5422 tenet
204 5367 352 5435 inmanu;
369 5370 697 5441 capellumnoninduit,
708 5374 740 5425 ιιι
754 5371 791 5426 ab
802 5374 939 5428 omnibus
996 5375 1093 5444 dierit,
1122 5373 1263 5444 recipitur
1286 5388 1352 5426 cum
1375 5371 1570 5441 processione
1596 5372 1710 5427 omnibr

107 5454 206 5527 possit
220 5456 345 5528 agnosci
355 5473 363 5528 3
373 5459 617 5532 neminiloquitur
627 5459 800 5516 intrantivel
810 5461 939 5534 exeunti3
995 5464 1176 5538 generaliter
1188 5461 1314 5526 indutis;
1331 5463 1359 5515 et
1374 5460 1400 5514 si
1410 5461 1477 5531 ipso
1487 5459 1533 5514 dio
1549 5464 1710 5532 competcn

107 5559 186 5600 unus
197 5543 327 5600 famulus
341 5550 514 5616 somperest
524 5548 714 5620 iuxtajillum,
732 5550 782 5621 qui
800 5548 877 5606 dieat
893 5552 940 5606 in·
994 5553 1090 5624 possit
1107 5552 1204 5624 aliqua
1218 5549 1348 5622 regulari
1364 5548 1437 5604 bora
1456 5547 1536 5603 [inita
1551 5548 1700 5619 praevenit

106 5633 328 5710 terrogantibus
346 5639 469 5710 propter
488 5638 559 5713 quid
578 5638 647 5695 talis
668 5637 696 5695 ei
714 5638 883 5712 paenitentia
903 5641 942 5697 sit
995 5640 1174 5702 deecclesia
1194 5640 1338 5712 exituros,
1360 5652 1453 5711 prope
1468 5634 1557 5711 cujus
1573 5638 1687 5696 ostium
