3900 6112
3 278 6 283 ¹
112 294 172 360 203
563 290 700 354 GESTA
721 290 986 356 PONTIFICUM
1009 289 1381 355 GAMERACENSIUM
1770 292 1832 356 204

90 539 94 555 ι
112 475 259 530 Mandavit
268 476 365 529 tamen
381 477 411 529 ut
427 473 562 545 sequenti
573 474 620 529 die
630 489 767 544 personae
782 473 818 528 ad
831 487 865 528 se
874 487 941 528 eon·
997 472 1067 528 dum
1091 438 1282 542 presentibus
1307 485 1360 541 per
1382 470 1500 544 singula
1518 470 1683 543 retulisset,
1705 476 1831 542 stupore

112 565 257 636 venirent,
270 563 408 636 quatinus
424 562 490 633 ejus
505 562 647 617 relatione
662 564 859 634 agnoscerent
869 562 939 634 quid
995 563 1122 617 maxime
1138 561 1242 632 repleti
1257 561 1326 615 sunt
1341 575 1456 617 omnes.
1468 560 1630 616 Audientes
1644 561 1737 633 igitur
1749 563 1831 634 quod

111 656 142 709 in
157 654 283 711 concilio
299 653 335 708 de
350 652 481 722 predicto
492 653 610 724 negotio
622 656 719 707 aetum
730 651 846 707 luisset.
856 649 939 717 Quod
993 666 1050 721 pro
1065 651 1190 721 pecunia
1203 647 1244 692 ³⁵⁵
1248 690 1431 705 .......

614 876 840 995 Gesta
878 873 1311 994 PONTIFIGUM

434 1108 680 1174 ABREVIATA
702 1106 786 1170 PER
808 1105 1066 1171 CANONlCUM
1088 1106 1437 1171 CAMERACENSEM
1456 1107 1505 1170 ³⁵⁶.

148 1293 250 1365 (Gesta
264 1291 395 1348 Gerardi
405 1291 477 1360 t-e.)
489 1293 514 1346 1.
529 1290 599 1345 Post
608 1289 724 1344 beatum
741 1289 829 1343 istum
842 1287 901 1342 Deo
912 1288 940 1341 et
954 1283 985 1347 A
998 1300 1091 1356 copus
1106 1287 1141 1342 de
1157 1285 1245 1342 feodo
1256 1302 1312 1344 suo
1323 1291 1351 1344 et
1361 1289 1516 1345 benefieiis
1527 1289 1592 1345 suis
1601 1290 1700 1346 locum
1709 1305 1833 1347 conces·

112 1383 282 1437 hominibus
305 1379 568 1436 commendabilem
590 1378 740 1433 Gerardus
762 1391 855 1446 nepos
874 1375 941 1447 ejus
997 1376 1036 1429 sit
1050 1375 1233 1445 locupletari.
1247 1376 1591 1451 Haidiginenssquoque
1603 1379 1829 1447 monasterium,

110 1471 245 1525 moribus
261 1472 288 1524 et
304 1485 424 1542 genere,
446 1468 593 1522 communi
608 1466 865 1522 cameracensium
880 1464 942 1518 sie·
996 1463 1049 1518 Dei
1064 1464 1267 1535 secretarium,
1282 1466 1407 1535 predicti
1423 1466 1572 1537 pontilicis
1588 1469 1759 1523 auctoritate
1775 1483 1832 1540 per

112 1560 207 1614 ctione
224 1562 253 1612 et
267 1574 397 1613 assensu
413 1557 544 1610 IIeinrici
561 1555 584 1609 li
600 1556 797 1625 imperatoris,
809 1554 943 1608 mandato
996 1552 1131 1607 homines
1155 1552 1248 1608 laicos
1273 1557 1302 1608 et
1322 1555 1430 1610 idiotas
1453 1556 1489 1610 ad
1514 1572 1580 1612 eum
1603 1557 1760 1612 deductum
1782 1561 1831 1612 est

112 1647 269 1718 apostolici
286 1651 355 1701 tunc
369 1646 447 1716 apud
465 1644 713 1717 Augustudunum
735 1642 944 1698 commorantis
996 1641 1151 1713 religionis
1178 1642 1344 1713 cumulum,
1370 1644 1448 1715 quod
1470 1661 1565 1716 usque
1593 1646 1622 1699 in
1651 1645 1829 1701 hodiernum

112 1736 197 1806 (480),
215 1736 251 1791 ab
268 1736 394 1807 Hugene
414 1735 514 1789 Diensi
535 1734 674 1803 episeopo
690 1735 736 1787 est
750 1733 944 1786 consecratus
994 1729 1210 1802 prerogativam
1228 1731 1357 1786 obtineat
1377 1734 1533 1789 monastici
1550 1734 1674 1803 ordinis,
1691 1737 1720 1790 et
1733 1734 1830 1806 privi-

113 1823 144 1878 in
160 1826 352 1895 episeopum3
369 1826 398 1878 et
411 1824 447 1877 ad
464 1822 565 1877 sedem
580 1837 665 1876 suam
682 1835 833 1887 reversus,
851 1819 944 1874 inter·
995 1819 1106 1891 legium
1126 1818 1305 1890 quotidianae
1320 1820 1349 1874 in
1364 1836 1510 1891 pauperos
1526 1824 1719 1895 erogationis.

113 1913 251 1968 veniente
275 1913 405 1967 Roberto
424 1911 626 1966 Flandriarum
652 1910 767 1978 comite,
788 1909 944 1981 Hugonem
1031 1908 1057 1962 4.
1070 1909 1182 1963 Praeter
1196 1907 1261 1962 heac
1276 1910 1382 1979 omnia,
1399 1909 1560 1980 providens
1578 1912 1635 1967 sibi
1650 1913 1679 1966 in
1696 1913 1829 1968 futurum

112 2001 306 2058 castellanum
318 2016 405 2054 suum
416 2017 431 2054 a
441 1998 703 2054 domnoLietberto
715 1996 942 2069 priuseJectum,
996 1995 1165 2066 episcopus,
1178 1996 1284 2052 allodia
1296 2013 1350 2052 sua
1365 1999 1401 2053 de
1416 2000 1554 2054 Lestines
1570 2004 1598 2056 et
1608 2000 1644 2056 de
1653 2001 1830 2057 Woirehem

110 2090 304 2144 inhominem
321 2090 432 2158 recepit
453 2091 481 2142 et
499 2088 642 2155 amicum,
663 2086 785 2141 retentis
801 2085 943 2140 tamenin
995 2087 1024 2139 et
1046 2085 1144 2140 altaria
1167 2085 1302 2156 plurima,
1323 2087 1400 2141 sieut
1416 2088 1445 2141 in
1460 2088 1628 2160 privilegiis
1652 2088 1720 2161 ejus
1741 2088 1829 2144 inve-

112 2179 251 2234 manibus
262 2179 326 2232 suis
339 2177 503 2231 redditibus
514 2175 677 2244 castellani,
689 2175 738 2246 qui
755 2175 830 2229 inira
840 2189 942 2228 muros
995 2174 1082 2243 nitur,
1096 2173 1125 2228 in
1136 2173 1242 2229 usibus
1259 2174 1469 2229 canonicorum
1485 2190 1608 2230 suorum
1618 2178 1740 2232 eontulit
1755 2177 1829 2232 libo·

113 2267 241 2323 civitatis
254 2265 576 2321 continebantur.Undo
588 2265 669 2318 cives
682 2265 711 2318 in
727 2262 944 2332 unumcenspi·
995 2262 1116 2332 raliter;
1141 2267 1169 2316 et
1197 2262 1343 2332 hospitale
1367 2279 1530 2333 pauperum
1556 2264 1640 2336 juxta
1669 2266 1829 2320 ecetesiam

112 2359 224 2426 rantes,
237 2356 377 2426 episcopo
388 2354 521 2422 absente,
534 2354 583 2407 diu
598 2353 793 2407 desideratam
809 2350 941 2423 conjura·
956 2339 982 2401 B
997 2353 1108 2405 sanctae
1116 2348 1220 2404 Crucis
1231 2349 1267 2404 de
1278 2353 1525 2423 novoreparavit3
1537 2353 1696 2409 ecelesiam
1707 2369 1828 2427 quoque

112 2449 219 2500 verunt
237 2445 442 2499 communiam.
464 2442 630 2512 Episcopus
653 2445 748 2495 autem
771 2457 837 2494 cum
859 2439 942 2512 gravi
995 2439 1089 2494 boatae
1104 2439 1156 2492 Dei
1172 2438 1326 2511 genitricis
1341 2439 1410 2494 olim
1426 2441 1611 2497 combustam
1627 2445 1656 2497 et
1671 2443 1799 2498 dirutam
1813 2460 1832 2498 a

113 2533 389 2601 multitudine,pace
399 2532 749 2599 simulata,revertens,et
758 2529 944 2601 adjudicium
996 2528 1090 2598 capite
1106 2528 1253 2600 superiori
1269 2543 1364 2599 usque
1380 2529 1416 2583 ad
1435 2530 1558 2585 chorum
1572 2532 1666 2585 suncti
1682 2531 1832 2587 Iohannis

116 2621 206 2675 curias
223 2636 288 2674 suae
304 2620 509 2690 conjuratores
525 2619 661 2684 invitans,
679 2620 823 2673 civitatem
837 2620 883 2672 est
898 2619 943 2672 in·
995 2617 1095 2671 multis
1110 2616 1253 2685 impensis
1268 2619 1297 2670 et
1316 2618 1458 2687 expensis
1474 2619 1645 2674 reformavit
1662 2620 1691 2672 in
1707 2619 1829 2675 melius.

115 2723 255 2780 grassae,
273 2712 301 2762 ct
320 2724 389 2762 erce
409 2708 516 2761 milites
542 2709 636 2778 ipsius
657 2707 811 2777 pecuniam
836 2707 944 2760 civium
996 2704 1032 2759 Et
1047 2705 1085 2759 ita
1100 2721 1210 2777 regens
1226 2706 1428 2776 episcopatum
1449 2723 1502 2777 per
1522 2709 1672 2763 sexdecim
1688 2724 1786 2764 annos
1802 2712 1832 2765 et

115 2796 321 2852 desiderantes
333 2797 566 2866 superineautos
582 2797 696 2849 irruunt
713 2797 742 2849 et
758 2794 904 2863 occidunt,
916 2796 945 2848 et
996 2793 1158 2862 dimidium,
1175 2794 1212 2847 ad
1226 2797 1326 2864 patres
1349 2810 1422 2849 suos
1444 2797 1609 2866 appositus,
1631 2798 1768 2867 sepultus
1783 2800 1833 2852 est

113 2885 226 2956 direpta
239 2886 396 2939 mullorum
408 2884 725 2953 substantia,viventes
736 2883 766 2937 in
776 2882 944 2937 fidelitatem
996 2881 1025 2935 in
1039 2882 1136 2936 medio
1152 2882 1288 2936 ecclesias
1301 2886 1413 2938 sanctae
1428 2883 1480 2938 Dei
1496 2883 1674 2957 genitricis]

113 2974 257 3045 episcopi,
277 2973 411 3045 abjurata
431 2974 606 3042 communia,
624 2972 815 3027 reducuntur.
831 2970 944 3042 Conju-
1031 2971 1057 3024 5.
1078 2969 1133 3041 (Gi.
1155 2971 1230 3025 Ere.
1252 2969 1343 3043 Gauq.
1368 2971 1395 3040 2,
1415 2971 1455 3042 8.)
1478 2971 1609 3028 Gerardo
1629 2973 1773 3045 episcopo
1792 2975 1830 3029 ad

112 3063 225 3118 ratione
255 3067 350 3117 tamen
384 3062 489 3117 iterum
518 3061 595 3116 iacta
623 3064 724 3116 contra
753 3061 943 3130 episcopum,
995 3058 1288 3130 melioratranslato,
1309 3060 1411 3132 gravis
1429 3060 1580 3116 dissensio
1600 3067 1666 3116 nata
1686 3065 1733 3117 est
1751 3063 1832 3119 inter

113 3151 269 3207 Wibertus
290 3151 423 3223 quidam,
444 3152 494 3223 qui
517 3150 637 3205 tratrem
651 3165 738 3205 suum
753 3150 782 3203 in
802 3148 944 3218 predicta
996 3147 1108 3202 elerum
1123 3151 1151 3202 et
1165 3147 1446 3218 populum.Clericis
1457 3150 1535 3205 enim
1551 3149 1742 3221 permultum
1757 3155 1831 3207 tem·

113 3241 259 3296 seditione
275 3240 453 3310 perdiderat,
465 3255 529 3295 eam
541 3241 681 3310 episcopo
696 3238 874 3309 propalavit,
890 3238 944 3292 sed
995 3252 1051 3307 pus
1066 3251 1103 3290 ex
1118 3236 1255 3290 intestina
1266 3237 1417 3292 discordia
1431 3237 1545 3310 eligere
1555 3238 1828 3306 dissimulantibus,

10 3342 15 3350 ’
112 3331 181 3400 quia
194 3328 344 3400 juratores
359 3329 486 3400 prodere
501 3328 608 3397 noluit,
624 3328 719 3399 virgis
735 3327 901 3399 flagellatus
916 3328 945 3381 et
997 3324 1079 3379 cives
1096 3340 1162 3379 eum
1178 3325 1287 3380 casatis
1302 3325 1458 3397 quemdam
1477 3325 1646 3382 blanassem
1663 3327 1831 3400 Franeige·

112 3416 213 3488 ligatis
232 3433 248 3469 a
269 3421 355 3488 tergo
377 3417 529 3485 manibus,
553 3416 689 3470 abscissa
708 3415 826 3487 lingua,
848 3415 943 3470 oeulis
958 3392 1062 3467 cnam
1077 3413 1231 3485 elegerunt
1245 3413 1274 3467 in
1292 3414 1484 3485 episcopum3
1506 3417 1535 3470 et
1557 3415 1657 3470 elerici
1679 3417 1832 3473 communi

113 3505 218 3575 erutis,
234 3520 400 3575 percussus
415 3504 525 3576 gladio,
541 3504 572 3558 in
584 3504 632 3557 via
647 3503 764 3573 publiea
780 3508 827 3558 est
841 3507 943 3559 tumu-
997 3507 1065 3557 voto
1081 3503 1270 3558 instituerunt
1285 3503 1435 3559 dominum
1449 3503 1626 3559 Maselinum
1641 3504 1830 3561 sacerdotem

111 3591 199 3649 latus.
995 3593 1024 3645 et
1042 3591 1252 3661 praepositum3
1268 3591 1318 3662 qui
1336 3593 1435 3647 tamen
1449 3592 1485 3646 ad
1501 3593 1708 3648 declinandum
1727 3592 1831 3665 populi

146 3679 173 3735 i.
188 3680 316 3752 Hugone
330 3682 428 3735 autem
439 3679 599 3735 castellano
611 3679 743 3750 episcopi
759 3680 874 3735 interim
885 3681 944 3751 epi·
994 3678 1125 3735 furorem
1140 3681 1234 3753 gratis
1249 3681 1352 3750 cessit,
1365 3684 1393 3736 et
1409 3681 1491 3737 multi
1506 3697 1543 3737 ex
1557 3681 1677 3737 clericis
1688 3681 1829 3739 Manasse

112 3785 235 3841 scopum
260 3773 288 3824 et
312 3784 385 3824 suos
408 3769 569 3825 enormiter
593 3769 765 3840 infestante,
796 3770 945 3825 liebertus
995 3768 1196 3825 adhaeserunt.
1222 3769 1318 3835 Quare
1342 3770 1453 3840 paratis
1482 3771 1620 3826 omnibus
1643 3770 1744 3826 itineri
1771 3784 1830 3828 suo

112 3858 306 3915 Fiandrensis
327 3859 501 3915 muneribus
525 3863 553 3913 et
574 3858 719 3914 beneflcio
742 3860 851 3932 gavalli
871 3857 945 3930 atet)
995 3858 1359 3930 necessariis,asportatis
1371 3873 1474 3914 secum
1485 3859 1521 3916 de
1531 3859 1681 3916 thesauris
1691 3859 1829 3917 ecclesias

110 3947 943 4019 provocatus,ipsumjurecastellaniaapenituspiivavit,
994 3963 1086 4002 aureo
1102 3948 1193 4002 calice
1215 3951 1242 4003 et
1261 3948 1378 4004 duobus
1403 3949 1590 4004 candelabris
1614 3951 1775 4022 argenteis,
1792 3950 1828 4004 ad

113 4042 141 4091 et
152 4039 258 4110 Anglia
270 4037 428 4109 profugum
440 4040 469 4092 et
478 4041 658 4108 quaerentem
670 4037 784 4111 refugia
801 4042 861 4093 tuto
877 4054 944 4093 sus·
994 4037 1199 4108 imperatorem
1214 4040 1259 4091 est
1274 4037 1427 4107 proiectus
1440 4034 1524 4108 (489),
1537 4038 1590 4093 sed
1602 4055 1661 4094 non
1673 4040 1829 4110 impetrata

113 4129 191 4198 cepit
201 4116 380 4181 latibulossUt
389 4141 461 4182 vero
477 4127 581 4181 civitas
593 4126 717 4181 interius
728 4142 833 4182 secura
844 4129 943 4199 quies·
994 4126 1089 4195 ipsius
1116 4126 1339 4196 benevolentia,
1365 4127 1430 4181 sine
1452 4126 1595 4182 beneficio
1622 4127 1768 4200 regalium
1792 4128 1828 4182 ad

113 4220 203 4285 ceret,
216 4232 299 4271 muro
315 4215 429 4286 lapideo
442 4219 470 4269 et
481 4214 556 4269 vallo
572 4233 588 4269 a
603 4220 689 4270 terrae
704 4217 873 4271 visceribus
884 4218 942 4271 cle·
995 4229 1067 4269 suos
1101 4214 1206 4268 redivit
1233 4214 1397 4286 inglorius:
1421 4230 1458 4269 ex
1478 4214 1534 4270 boc
1558 4216 1688 4288 graviter
1707 4216 1827 4271 clericis

111 4310 190 4374 vato,
201 4306 342 4359 decenter
353 4306 513 4374 episeopus
528 4320 592 4358 eam
608 4305 739 4374 munivit,
750 4310 778 4358 et
789 4305 942 4359 castellum
993 4303 1082 4375 lenge
1097 4318 1112 4355 a
1129 4302 1246 4357 civitate
1267 4303 1419 4374 depulsis,
1442 4304 1500 4357 nisi
1522 4305 1725 4359 sacrosanctis
1741 4304 1828 4359 tactis

110 4397 188 4450 intra
201 4394 358 4461 civitatem,
370 4393 510 4447 relevatis
522 4393 644 4448 fossatis
656 4398 684 4448 et
697 4394 830 4448 turribus
846 4393 940 4448 multi·
991 4390 1155 4462 jurassent,
1169 4391 1247 4462 quod
1259 4408 1313 4447 nec
1328 4407 1381 4461 per
1395 4392 1551 4463 epistolam
1567 4409 1621 4447 nec
1637 4408 1690 4463 per
1700 4393 1829 4447 nuncios

109 4483 226 4552 pliciter
237 4480 384 4550 implexis,
395 4480 652 4535 tirmavitartitioio
663 4481 789 4553 quodam
798 4450 981 4537 commen-D
995 4480 1153 4535 Manassen
1167 4480 1244 4550 apud
1260 4481 1466 4550 imperatorem
1481 4481 1686 4552 impedissent.

111 4569 210 4624 debili.
1029 4568 1056 4623 d.
1077 4569 1137 4625 Sub
1153 4570 1210 4624 hoc
1229 4585 1328 4624 rerum
1348 4570 1473 4624 tumultu
1494 4570 1731 4637 attrebatenses,
1748 4571 1830 4641 quod

146 4656 172 4713 3.
194 4657 255 4713 Sub
272 4656 378 4711 diebus
398 4657 457 4711 illis
479 4656 631 4713 fundatum
648 4662 694 4713 ost
711 4658 941 4728 Aquiscintense
994 4659 1044 4714 diu
1058 4661 1125 4712 ante
1140 4662 1336 4729 conceperant
1352 4674 1440 4728 opere
1456 4658 1656 4730 complentes,
1673 4659 1830 4729 proprium

110 4747 279 4803 caenobium
294 4747 346 4802 Dei
363 4744 531 4816 specialiter
545 4747 623 4801 inter
639 4747 774 4801 homines
791 4747 940 4801 habitaeu·
994 4747 1051 4802 sibi
1068 4748 1104 4801 de
1118 4748 1273 4802 mandatos
1284 4748 1373 4801 ummi
1384 4746 1532 4816 pontificis
1548 4746 1748 4817 prasiecerunt
1763 4747 1829 4817 epi·

109 4838 234 4907 lumper
245 4836 320 4891 duos
332 4835 781 4904 milites,Walterumseilicetet
792 4836 938 4907 Sigerum.
993 4851 1133 4907 scopum,
1157 4840 1185 4890 et
1206 4851 1222 4889 a
1245 4835 1431 4907 subjectione
1447 4834 1671 4891 Cameracensis
1689 4835 1830 4890 ecclesiae

110 4923 240 4989 Quorum
263 4926 447 4996 propositum
471 4925 627 4997 diligenter
655 4939 834 4995 promovens
859 4925 939 4995 epis·
994 4923 1717 4996 suameervicem,oeeasionediscordiarumque
1727 4922 1830 4979 Came-

771 5070 901 5132 VARAE
924 5068 1155 5134 LECTIONES

142 5172 241 5231 3⁵5bic
255 5175 367 5231 desinit
382 5177 409 5232 7.
425 5179 456 5232 In
468 5177 526 5233 rire
537 5177 750 5250 quaternionis,
768 5179 905 5250 sequenti
918 5177 1074 5250 deperdito
1080 5195 1089 5242 ;
1105 5176 1144 5232 cI.
1159 5174 1318 5232 Waitzimn
1333 5179 1364 5232 in
1378 5176 1549 5232 Annalibus
1564 5177 1678 5232 rostris
1691 5175 1752 5247 VII,
1762 5176 1828 5234 iii.

143 5245 184 5290 ³5⁸
196 5247 311 5301 titulum
325 5248 363 5302 de
378 5248 702 5321 nostrosupplerimus,·
718 5249 821 5304 damus
831 5265 870 5304 ex
879 5249 961 5304 Dein.
975 5247 1063 5303 BriaI
1075 5247 1158 5318 XIII,
1170 5247 1231 5316 5³4,
1245 5250 1295 5322 qui
1304 5249 1456 5321 expressit
1467 5249 1597 5305 codicem
1611 5246 1638 5320 9,
1648 5248 1712 5321 jara
1723 5248 1835 5322 deper-

109 5316 214 5387 ditum,
232 5316 287 5372 scd
301 5319 418 5372 initium
434 5320 544 5391 operis,
561 5318 599 5374 de
612 5318 769 5376 bietberto
784 5321 928 5392 episeopo,
944 5319 1053 5375 omisit.

901 5435 1029 5498 NOTAE

144 5541 218 5613 (480)
244 5542 350 5611 Ειιοι,
374 5545 461 5596 natus
481 5541 565 5611 inde,
588 5545 667 5615 quod
690 5543 837 5616 virgulam
865 5543 941 5598 inter
985 5563 988 5569 ·
1031 5541 1105 5624 (t8t)
1136 5543 1268 5600 GabeIIe.
1293 5542 1383 5599 Gesta
1409 5542 1534 5600 Gerardi
1561 5543 1671 5602 babent
1697 5546 1829 5620 mutum,

103 5614 201 5669 rerba
216 5614 374 5669 Gestorum
388 5611 512 5668 Gerardi
527 5614 681 5687 apostolici
695 5616 724 5669 et
737 5615 813 5689 apud
826 5628 940 5688 ponera.-
984 5615 1096 5670 ‘comitr
1111 5631 1228 5670 mareas
1243 5615 1362 5688 argenti
1376 5614 1429 5671 200
1444 5615 1562 5676 tribuit.

106 5683 174 5743 dam
188 5684 320 5761 neglexit
332 5687 444 5742 nostor.
1031 5684 1106 5760 (tea)
1126 5686 1293 5745 Manasses.
