3908 6112
112 313 172 382 603
629 316 663 380 S.
686 312 875 379 ANSELMl
897 310 1104 380 Lucansts
1122 311 1316 380 EPISCOPI

149 527 228 582 Deus
244 544 339 598 meus,
357 544 428 583 sana
439 544 485 584 me
499 530 549 583 tua
565 526 723 598 medicina,

113 616 253 689 Corporis
269 618 412 673 1111111111
424 618 545 689 dignum
561 622 654 672 morta
669 617 756 671 bina:

112 706 256 762 Salutaris
273 707 393 762 calicem
410 708 480 761 mihi
496 723 563 762 mox
578 706 711 777 propina,

114 794 150 849 Et
159 796 196 850 ad
208 795 371 866 juvandum
383 812 428 850 me
443 795 596 866 deprecor,
616 796 732 852 festina.

152 886 243 939 Parce
264 900 320 938 11111
330 884 469 955 Trinitas,
487 887 641 957 unitasque
657 887 743 952 trina,

113 974 211 1042 Pater,
228 972 458 1045 arianismi-itus,
478 973 621 1043 Majestas
638 975 736 1029 diviua
754 991 759 1029 :

113 1063 207 1118 Parce
221 1063 271 1135 qui
286 1063 395 1117 creasti
410 1078 465 1133 me,
477 1080 513 1118 ne
528 1064 609 1118 111111
625 1064 795 1134 serpentina

113 1151 159 1207 Me
175 1152 342 1207 credentem
357 1152 502 1221 opprimat
523 1155 626 1207 mortis
638 1153 731 1208 ruina.

152 1241 248 1309 Pater,
264 1242 292 1294 te
307 1255 361 1310 per
374 1240 479 1295 Filium
495 1240 639 1312 deprecor
649 1241 789 1297 Messium

115 1328 153 1384 Ut
163 1332 192 1383 te
209 1329 305 1384 solum
321 1327 452 1400 diligam,
471 1329 515 1384 tac
530 1335 558 1384 ct
570 1333 601 1384 11
617 1346 661 1386 me
673 1331 778 1401 sciam3

113 1415 249 1488 Cogitem
265 1418 403 1473 continue
414 1419 585 1488 passionem
600 1419 688 1486 diam,

115 1505 243 1560 Humilis
258 1505 287 1559 in
304 1505 399 1561 oculis
411 1507 510 1562 cordis
526 1521 582 1579 ego
594 1507 671 1562 tiam.

148 1594 275 1665 Propter
286 1594 409 1650 Matrem
424 1594 578 1668 Virginem
594 1611 679 1669 rogo,
696 1596 770 1653 lesu
785 1598 872 1667 bone,

115 1682 154 1737 Ut
173 1697 336 1738 cormeum
352 1683 492 1739 vulneres
502 1685 551 1738 tua
562 1684 713 1754 passione,

113 1769 260 1843 lndejugi
275 1770 412 1842 perfruar
421 1772 618 1841 meditatione,

115 1857 152 1912 Et
170 1857 272 1914 Mariae
286 1859 411 1930 virginis
427 1875 463 1915 ex
480 1862 695 1930 compassione.

150 1946 231 2001 Deus
246 1951 348 2002 sancte
364 1947 500 2018 Spiritus,
517 1950 608 2019 quiin
628 1950 733 2006 deitate

115 2034 151 2090 Et
179 2033 235 2108 [es]
248 2051 377 2105 persona
392 2037 487 2104 tertia,
500 2039 584 2107 plena
600 2039 707 2109 pietate
725 2057 730 2093 :

113 2123 247 2179 Obsecro
262 2125 420 2194 propitium
435 2126 504 2179 mihi
520 2142 640 2198 semper
655 2127 691 2182 da
706 2132 746 2197 11,

115 2212 174 2267 Fac
184 2228 288 2267 nemor
302 2212 412 2268 Christi
428 2214 642 2284 simpassionis
659 2220 752 2288 grate.

416 2302 473 2356 Dei
488 2302 643 2359 1111116111.

149 2389 241 2460 Deus,
258 2394 364 2461 quanta
381 2390 474 2447 debeo
485 2392 584 2462 pietati
600 2392 661 2448 isti.

114 2474 169 2541 Qui
184 2491 230 2531 me
246 2478 281 2532 ad
294 2477 450 2551 imaginem
463 2483 541 2534 tuam
557 2480 715 2536 condidisti

116 2564 207 2630 Quem
223 2566 311 2621 vitem
325 2567 519 2623 vermiculum
531 2568 628 2624 tacere
644 2571 778 2642 quivisti.

116 2653 140 2708 O
155 2669 242 2726 quam
258 2654 345 2709 multa
362 2669 482 2710 munera
495 2656 552 2711 lruc
563 2674 656 2728 usquc
668 2660 786 2715 auxisti.

152 2744 184 2797 ln
198 2744 328 2812 peccatis
342 2744 473 2815 genitum
483 2745 629 2815 baptismo
645 2749 803 2819 mundasti,

118 2831 220 2886 Victus
232 2833 402 2886 necessaria
416 2849 534 2904 semper
548 2835 733 2906 ministrasti,

115 2919 262 2986 Formam,
276 2937 386 2976 census
399 2923 522 2992 copiam,
536 2924 666 2979 honores
675 2925 802 2996 donasti,

114 3008 150 3063 Et
164 3010 194 3063 in
209 3009 274 3064 loco
286 3009 342 3080 (60)
352 3012 461 3081 optimo
477 3028 523 3069 ma
534 3029 612 3069 nunc
625 3015 788 3072 collocasti.

356 3099 499 3157 Hominus
513 3104 707 3175 ingratitudo.

149 3186 231 3242 Heul
247 3187 295 3243 his
311 3189 396 3245 donis
413 3191 549 3247 omnibus
560 3194 623 3248 scio
637 3209 681 3249 me
698 3195 855 3268 ingratum,

93 3277 185 3345 ,Quia
196 3294 255 3333 non
270 3280 406 3335 custodio
420 3282 535 3338 Domini
552 3284 718 3338 mandatum

113 3365 173 3421 Sed
188 3368 479 3440 negligentissimum
490 3370 582 3425 reddo
595 3371 765 3428 famulatum
778 3389 784 3428 ε

114 3455 208 3526 Atque
224 3457 312 3511 nimis
327 3473 511 3528 pronussum
525 3458 562 3514 ad
573 3476 659 3516 omne
674 3465 836 3531 peccatum.

960 503 1098 578 lllomo
1109 520 1178 577 olim
1193 520 1337 591 perditus,
1354 537 1442 594 quem
1458 522 1573 577 dromon
1584 521 1711 595 decepit,

1003 611 1121 665 Dumex
1137 614 1164 665 te
1179 609 1352 665 altissimus
1364 613 1498 666 naturam
1518 611 1662 683 suscepit,

1004 701 1039 754 Et
1049 699 1283 755 misericorditer
1296 715 1351 756 nos
1363 700 1470 771 juvare
1487 703 1585 772 caepit.

1066 862 1072 869 -
1145 789 1349 861 Exprobratr'o
1362 790 1539 863 ignorantiae
1549 791 1692 850 1111111111.

1008 859 1190 957 ’ll'agestas
1206 879 1350 933 altissima
1361 895 1394 934 se
1409 880 1579 949 exinanivit,

1005 947 1084 1023 Mt'in
1100 970 1126 1022 te
1136 969 1297 1038 purissima
1313 984 1400 1023 carne
1412 984 1445 1024 se
1460 971 1589 1038 vestivit,

1004 1056 1101 1112 Cursu
1116 1072 1222 1112 novam
1237 1058 1382 1112 mansium
1399 1059 1542 1129 completo
1558 1059 1697 1130 prodivit,

1004 1145 1074 1201 Sine
1089 1161 1162 1200 voce
1176 1147 1327 1216 parvulus,
1344 1146 1394 1217 qui
1411 1146 1574 1203 immensus
1589 1149 1671 1203 vivit.

1039 1235 1083 1289 En
1095 1237 1234 1306 quantum
1250 1233 1440 1304 Omnipotens
1448 1251 1501 1306 pro
1517 1240 1544 1291 te
1560 1236 1728 1292 inclinetur.

1006 1323 1320 1394 Etadhuc,virtetide,
1338 1339 1390 1378 cor
1403 1328 1483 1378 tuum
1500 1324 1642 1381 inttaturi

1003 1413 1095 1478 Deus.
1112 1413 1164 1468 Dei
1180 1412 1272 1467 Filius
1287 1428 1340 1484 pro
1353 1415 1380 1467 11
1394 1412 1583 1484 lacrymatur,

1003 1500 1039 1555 Et
1052 1500 1148 1556 adhuc
1163 1501 1191 1557 in
1207 1501 1320 1556 risibus
1336 1517 1387 1555 cor
1397 1505 1478 1556 tuum
1489 1502 1624 1558 laetatur?

1276 1588 1393 1645 Gdrrsti
1407 1590 1561 1646 nativitas.

1039 1679 1118 1734 Deus
1129 1694 1241 1751 pauper
1253 1680 1396 1749 nascitur,
1413 1681 1483 1735 1111
1497 1680 1544 1734 vis
1560 1679 1647 1735 ditari
1661 1681 1676 1736 1

1001 1769 1124 1823 Ponitur
1137 1769 1167 1823 in
1182 1767 1320 1838 praesepi,
1341 1771 1371 1823 tu
1383 1768 1428 1821 via
1445 1768 1605 1824 honorari?

962 1874 990 1940 Β
1001 1857 1025 1912 0
1035 1858 1130 1913 fetens
1146 1857 1295 1928 superbia,
1306 1856 1389 1912 disce
1400 1872 1457 1913 non
1469 1857 1585 1928 t'atuari,

1001 1944 1074 2011 Quia
1085 1947 1162 2002 idem
1176 1946 1269 2018 jussit
1284 1962 1339 2000 nos
1355 1946 1452 2016 ipsum
1463 1946 1585 2002 imitari.

1037 2037 1135 2106 Inops,
1150 2041 1178 2091 et
1188 2036 1217 2089 ia
1233 2035 1345 2107 frigore
1361 2036 1493 2090 nascitur
1503 2036 1532 2089 in
1548 2035 1596 2090 via

1001 2124 1092 2190 Quem
1104 2125 1191 2179 lactat
1205 2126 1233 2180 et
1246 2124 1362 2179 balneat
1373 2129 1401 2179 et
1410 2124 1611 2192 nutritMarin,

988 2213 1126 2268 ‘Molesta
1141 2229 1200 2268 non
1210 2228 1353 2284 spernere
1368 2214 1453 2269 docet
1464 2228 1519 2268 nos
1530 2213 1579 2268 hic
1589 2213 1647 2285 pia,

1004 2302 1077 2357 Dum
1094 2303 1152 2370 ttet,
1169 2302 1239 2373 sitit,
1256 2301 1351 2356 esurit
1365 2300 1514 2371 Christus,
1531 2303 1632 2373 proles
1648 2303 1707 2359 dia.

1039 2391 1138 2445 lntans
1154 2390 1299 2461 piissime,
1317 2390 1374 2447 mei
1390 2391 1534 2446 miserere

1002 2479 1073 2538 Poto
1088 2495 1141 2550 pro
1157 2480 1309 2552 obsequiis
1326 2480 1428 2535 Matris
1438 2484 1496 2535 tam
1511 2481 1640 2548 sineere,

968 2570 971 2574 ’
1003 2569 1084 2623 Dona
1096 2569 1165 2623 mihi
1175 2569 1320 2639 lacrymas
1330 2569 1481 2623 charitatis
1495 2584 1584 2637 verae,

1002 2660 1040 2715 Ut
1054 2658 1275 2714 tuisdoloribus
1291 2658 1406 2728 possim
1416 2657 1585 2713 condolere.

1319 2747 1523 2803 Circumcisio.

1038 2838 1113 2906 Heu,
1131 2853 1184 2891 our
1198 2852 1256 2891 non
1273 2838 1435 2909 compatior
1446 2837 1614 2906 respuendo
1629 2837 1727 2908 risus,

1002 2915 1153 2980 Dtamaris
1163 2925 1303 2996 lacrymis
1316 2927 1461 2982 abluendo
1478 2927 1574 2993 visus,

1002 3016 1077 3070 Dum
1091 3030 1164 3085 puer
1180 3017 1356 3071 tenerrimus
1372 3016 1451 3071 dolet
1466 3015 1676 3087 circumcisus,

1001 3103 1093 3170 Quem
1108 3105 1200 3160 choro
1216 3106 1318 3160 coelico
1330 3105 1428 3160 laudat
1443 3105 1623 3176 paradisus?

1258 3194 1402 3250 Adoratio
1416 3210 1578 3266 niaqorum.

1037 3283 1144 3354 augeli
1158 3283 1328 3355 pastoribus
1345 3283 1599 3355 tenuntiavarunt,

1003 3371 1046 3426 dc
1060 3373 1138 3444 magi
1153 3373 1327 3427 muneribus
1336 3372 1581 3444 teadoraverunt,

1003 3460 1130 3516 Perdere
1145 3463 1173 3515 ta
1183 3459 1285 3531 pertuli
1298 3475 1365 3515 mox
1375 3465 1604 3532 proposuerunt,

149 3543 280 3614 Odolor,
297 3561 314 3599 o
330 3547 469 3617 gemitus,
482 3548 551 3618 quid
567 3552 613 3604 est
628 3549 706 3620 quod
721 3551 777 3621 (61)
793 3566 849 3624 ego
865 3553 946 3609 teci?
1003 3549 1062 3606 Sed
1082 3553 1205 3605 tecuma
1220 3550 1313 3621 patria
1329 3552 1468 3622 parentes
1483 3549 1634 3622 fugerunt.

115 3632 146 3686 ln
158 3636 296 3702 quantam
310 3634 473 3689 versutiam
489 3650 536 3690 me
547 3637 643 3706 ipsum
659 3637 754 3710 dejeci
765 3641 779 3694 ‘l

114 3719 235 3775 Nonest
250 3721 357 3775 mulum
374 3723 493 3793 aliquid,
511 3726 589 3796 quod
606 3742 662 3798 ogo
679 3744 736 3782 non
753 3728 819 3796 leci,

114 3807 196 3865 Haut
213 3810 244 3864 in
262 3810 350 3865 bonis
364 3812 502 3867 omnibus
513 3830 572 3868 non
588 3818 719 3888 estquod
731 3819 852 3887 perfeci.

150 3898 224 3966 lleu,
242 3899 311 3970 quid
322 3904 390 3971 aget
404 3901 500 3956 anima
514 3903 558 3957 sic
570 3904 599 3958 in
614 3905 700 3961 malis
712 3912 812 3977 111111,

112 3986 183 4052 Quae
199 3988 306 4042 tetetin
320 3989 487 4044 vitiisvelut
503 3994 658 4062 reprobata
676 4011 681 4049 :

112 4073 198 4130 Certe
210 4075 258 4131 bic
271 4079 396 4147 petenda
411 4082 457 4134 111
472 4082 503 4135 11
513 4081 552 4136 111
566 4082 725 4153 Advocato,

111 4162 183 4229 Quae
197 4179 278 4236 111111
294 4167 443 4241 retugium
459 4172 505 4224 est
521 4171 581 4227 reis
597 4173 731 4242 probata.

253 4255 431 4326 Deprecatio
441 4260 480 4314 art
502 4259 651 4334 Virginem
666 4263 803 4319 Mariam.

146 4341 398 4401 Omisericordiae
414 4347 507 4403 Mater
520 4351 548 4404 11
564 4351 688 4423 Regina,

112 4431 235 4502 Semper
250 4433 343 4506 Virgo
359 4450 546 4506 permanens,
562 4439 694 4494 Genitrix
709 4440 818 4512 divina,

112 4519 254 4576 Miserere
270 4523 386 4592 animm,
408 4540 474 4595 quae
487 4525 567 4596 jacet
578 4528 694 4598 supina,

111 4608 262 4680 Oppressa
273 4611 425 4683 multiplici
436 4616 549 4683 peccati
565 4618 691 4672 sentina.

146 4699 212 4754 Tibi
227 4715 279 4770 pro
286 4700 347 4756 Deo
363 4702 507 4772 supplico,
521 4718 573 4773 per
587 4721 674 4776 quem
690 4706 771 4764 veuit
784 4707 853 4781 vita,

111 4786 205 4858 Cujus
220 4788 429 4845 estolementia
441 4790 563 4847 ubilibet
577 4793 644 4860 sita,

111 4877 169 4930 Per
183 4892 271 4947 quam
286 4878 448 4935 estastutia
462 4880 749 4955 daemoniscontrita,

112 4964 150 5019 Ut
164 4965 222 5020 nati
233 4964 349 5035 justitia
359 4982 413 5038 per
427 4973 455 5025 11
470 4969 615 5027 111111111.

148 5052 277 5109 Primum
285 5055 332 5110 tac
343 5062 374 5112 ut
388 5057 509 5130 diligam
524 5059 680 5118 Dominum
691 5064 834 5134 perfecte,

113 5140 270 5223 Nunquam
285 5159 352 5199 eum
367 5146 504 5209 deseram
517 5150 693 5222 meditando,
711 5167 765 5208 nec
779 5155 817 5220 te;

112 5227 145 5283 ln
161 5229 218 5284 11111
233 5230 376 5288 catholica
387 5251 506 5307 semper
516 5240 613 5293 vivam
628 5244 720 5312 recte,

111 5316 223 5372 Carens
233 5319 310 5374 omni
326 5323 465 5380 scandalo
481 5325 609 5383 infidelis
624 5333 714 5386 sectae
729 5328 798 5401 (62).

147 5406 298 5480 Oqunntaa
310 5412 506 5487 suntsgratiae,
525 5433 600 5490 quas
619 5434 672 5489 per
681 5422 709 5475 te
719 5421 830 5491 recepit

1262 3637 1346 3712 Fuga
1361 3640 1392 3694 in
1404 3639 1579 3713 AEqyptum.

1037 3728 1060 3783 Ο
1075 3728 1144 3799 quis
1159 3743 1217 3782 non
1232 3728 1407 3798 compatitur
1421 3730 1532 3784 tantillo
1548 3729 1651 3786 intanti

1002 3817 1072 3871 Tam
1084 3819 1141 3872 cito
1158 3816 1282 3871 insidias
1293 3817 1352 3888 pati
1368 3816 1528 3885 inchoanti,

1002 3907 1134 3961 Labores
1152 3906 1265 3960 itineris
1277 3905 1369 3975 hujus
1383 3907 1531 3977 toleranti,

1002 3995 1100 4066 Atque
1114 3995 1199 4050 Matri
1210 3993 1344 4066 Virginis
1359 3996 1457 4066 ipsum
1472 3995 1641 4067 bajulanti?

1038 4084 1113 4138 Nam
1128 4084 1249 4139 Matrem
1263 4099 1329 4155 quae
1344 4085 1446 4157 egredi
1457 4084 1576 4140 domum
1592 4085 1641 4140 vix
1651 4085 1780 4157 solebat,

1002 4172 1089 4227 Modo
1105 4187 1195 4227 casus
1214 4170 1280 4227 Filii
1295 4173 1325 4226 in
1339 4175 1449 4227 tantum
1466 4174 1602 4245 cogebat,

1004 4260 1087 4327 Quod
1102 4276 1185 4317 esua
1196 4262 1289 4332 patria
1306 4267 1391 4319 nocte
1407 4261 1550 4335 fugiebat,

1000 4349 1073 4405 Cum
1088 4353 1222 4406 recenter
1237 4350 1325 4423 edito,
1338 4367 1425 4423 quem
1440 4367 1543 4407 secum
1557 4351 1692 4425 gerebat.

1035 4440 1142 4495 Olesu
1158 4439 1302 4509 piissime,
1319 4455 1336 4495 o
1351 4455 1425 4510 puer
1435 4441 1552 4509 tenelle,

959 4529 1059 4638 ¹,Pro
1075 4544 1175 4583 amore
1196 4530 1323 4584 obsecro
1344 4529 1446 4585 Mariae
1461 4530 1579 4599 puellae,

1000 4618 1102 4672 Omnis
1118 4620 1175 4672 ture
1190 4618 1270 4688 reple
1286 4633 1332 4673 me
1343 4618 1494 4689 passionis
1510 4618 1589 4689 11111,

1002 4707 1107 4777 Meque
1115 4707 1168 4762 tibi
1179 4705 1297 4779 jugiter
1310 4707 1426 4762 servire
1441 4706 1595 4777 compelle.

1037 4796 1060 4851 Ο
1075 4796 1166 4869 Virga
1182 4797 1345 4867 1111111111,
1362 4811 1379 4852 o
1394 4796 1450 4851 tlos
1465 4796 1652 4868 feminarum,

1001 4885 1185 4960 Angelorum
1195 4886 1328 4955 Domina,
1338 4887 1367 4942 et
1381 4885 1465 4941 orbis
1481 4888 1639 4942 terrarum.

1004 4976 1102 5031 Pande
1112 4975 1193 5044 111111,
1205 4975 1351 5047 supplico,
1368 4973 1511 5047 quidquid
1527 4975 1566 5030 sit
1578 4989 1713 5032 amarum

1004 5065 1038 5121 ln
1050 5065 1166 5120 cunctis
1176 5080 1243 5136 quaa
1258 5079 1348 5135 passa
1362 5078 1396 5119 11
1411 5079 1463 5134 pro
1479 5062 1575 5119 salute
1589 5063 1766 5124 animarum.

1040 5152 1155 5208 Utinam
1170 5154 1240 5206 tunc
1254 5151 1379 5222 losephi
1389 5150 1529 5206 servulus
1546 5150 1683 5220 fuissem,

1003 5243 1089 5299 Certe
1108 5240 1300 5298 tibertissime
1315 5243 1353 5310 ta,
1370 5239 1451 5299 1111,
1467 5240 1649 5313 gessissem,

1004 5330 1057 5387 Vel
1068 5330 1103 5386 ad
1118 5331 1215 5387 minus
1225 5329 1342 5386 asinum
1357 5328 1490 5402 Virginis
1505 5328 1672 5398 duxissem,

1004 5420 1039 5476 Et
1053 5422 1158 5476 cuncta
1173 5418 1294 5475 servitia
1307 5417 1441 5491 gaudens
1453 5417 1669 5489 implevissem.

148 5566 204 5637 (60)
225 5568 348 5624 Videtur
376 5570 423 5625 hic
439 5575 598 5632 anselmus
622 5577 703 5650 loqui
719 5579 755 5635 da
770 5595 826 5634 suo
841 5595 945 5636 mona·
1001 5585 1086 5650 patus
1103 5579 1288 5635 investitura.
1305 5577 1379 5633 Vidn
1394 5579 1433 5634 ib.

113 5636 211 5693 chatu.
225 5639 298 5695 Vide
314 5641 343 5695 in
359 5640 484 5716 legenda
500 5650 529 5703 et
544 5653 701 5705 comment.
718 5666 748 5705 11.
764 5649 902 5706 151116.

1036 5651 1093 5720 (61)
1110 5649 1348 5706 11111ήοί11111.
1369 5649 1581 5706 schismaticos
1596 5649 1700 5707 innuit.
1719 5650 1793 5706 Vide
1807 5649 1837 5706 rb

113 5707 170 5780 (61)
189 5710 298 5768 Dolore
313 5711 430 5772 videtur
444 5717 480 5773 de
494 5723 615 5791 accepta
630 5722 667 5777 111
678 5721 807 5780 Hearico
825 5723 944 5795 1111111-
1002 5739 1032 5780 n.
1047 5720 1182 5779 661187.
