3908 6112
110 287 171 357 867
482 285 700 349 WILLELMI
715 283 889 348 calcent
904 283 1244 349 GBMMETICENSIS
1260 286 1454 351 MONACHI
1773 286 1831 350 868

113 489 249 559 concinit,
270 488 381 560 quibus
404 487 509 542 aneilla
538 486 592 540 Dei
616 485 767 540 blathiidis
793 485 944 539 abbatissa
957 465 986 526 Α
999 499 1119 554 pueros,
1140 486 1190 557 qui
1206 487 1280 540 clam
1295 488 1330 541 ad
1350 487 1509 543 ludendum
1528 503 1594 543 cum
1611 480 1769 558 oppidanis
1785 488 1830 543 in-

113 579 174 634 tere
190 578 224 632 ts
246 578 333 632 annis
355 577 484 647 praefuit.
505 576 549 630 lbi
573 575 721 629 blathildis
746 575 848 646 regina
876 573 940 629 1081
1000 573 1129 629 lantibus
1145 575 1341 646 intraverant,
1362 577 1536 632 combussit.
1548 577 1631 642 Quod
1647 577 1757 632 iterum
1771 593 1837 632 res·

113 667 275 723 Dominicae
290 665 505 719 iucarnationis
516 679 605 732 anno,
624 681 653 717 m
665 663 741 717 Non.
754 663 942 731 Novembris,
1002 664 1128 719 tauravit
1141 668 1169 719 et
1180 666 1355 720 custodibus
1371 666 1436 721 suis
1452 667 1638 736 mancipavit.

113 756 211 826 epulta
227 759 281 810 est.
299 755 342 808 lbi
358 770 475 825 quoque
491 753 600 807 Cecitia
617 754 701 824 virgo
724 753 781 807 filia
798 751 864 822 ejus
884 753 945 806 Deo
1276 772 1401 827 ppApUp
1421 771 1557 826 xxqup

114 849 287 900 ⁰⁰¹¹S⁰⁰fflifl
307 845 352 896 9Βῖ
372 847 399 896 Oi
417 844 446 895 1¹¹
472 843 594 896 Sffl'l'illO
620 842 671 928 Μ
699 842 748 895 diu
768 843 946 895 ⁰⁰mm⁰l³l³
1002 858 1303 924 Qnenrodellcnricus
1314 877 1371 915 rer
1380 861 1565 915 Francorum
1577 860 1654 932 apud
1672 860 1834 916 vadumDi·

113 938 170 990 est.
186 934 291 1000 Porro,
313 933 341 986 in
358 931 493 986 cccnehio
516 932 614 985 Sancti
629 930 769 1001 Stephani
784 930 947 984 monacho·
1038 947 1084 985 voe
1091 933 1256 985 exercitum
1270 933 1370 986 amisit
1386 939 1416 986 et
1428 938 1531 1003 postea
1542 932 1610 986 duri
1621 931 1834 988 reconciliatus

116 1039 181 1078 rum
193 1023 342 1077 exercitus
357 1022 528 1074 daemonicae
536 1020 677 1092 phalangi
688 1019 946 1089 resistit,quorum
1037 1002 1132 1057 eidem
1148 1009 1276 1056 misum
1296 1003 1471 1075 'simillimis
1485 1003 1629 1057 ''eddidit-

114 1112 228 1182 primus
243 1111 336 1164 abbas
359 1111 485 1164 aletrinus
507 1108 691 1163 Lansrancus
709 1108 869 1162 Bcccensis
885 1124 948 1162 mo·
1002 1109 1066 1162 Rex
1081 1112 1177 1164 autem
1198 1109 1348 1164 Henricus
1368 1109 1509 1180 injuriam
1524 1109 1583 1163 sibi
1598 1124 1615 1162 a
1631 1109 1707 1164 duee
1727 1109 1835 1163 illatam

115 1200 228 1255 nachus
252 1200 354 1253 extitit.
374 1199 427 1253 llic
447 1215 516 1253 vere
534 1199 589 1252 tuit
601 1198 948 1269 generalangebardus,
1002 1200 1060 1252 tote
1085 1199 1191 1253 annisu
1213 1199 1337 1268 cupiens
1351 1198 1468 1267 ulcisci,
1489 1202 1606 1268 sumpto
1620 1196 1833 1253 ttoiffredoco-

116 1289 250 1343 moribus
266 1289 345 1342 mitis
359 1292 386 1342 et
409 1288 572 1359 religiosus
583 1293 610 1341 ct
623 1294 679 1341 turn
694 1286 847 1341 saecularis
862 1302 950 1357 quam
1000 1289 1070 1342 mite
1085 1288 1306 1359 hadegavensi,
1323 1287 1533 1357 copiosissimo
1549 1303 1615 1341 cum
1631 1287 1767 1342 exercitu
1781 1287 1830 1341 ite-

113 1377 277 1449 spiritualis
300 1377 432 1431 scientiae
449 1376 661 1446 peritissimus.
684 1376 738 1440 Qui
759 1379 825 1445 post
842 1375 951 1445 aliquot
1000 1378 1062 1431 rata
1085 1376 1269 1446 expeditione
1298 1375 1541 1430 Northmanniam
1569 1375 1755 1448 aggreditur.
1783 1375 1836 1440 Qui

113 1482 224 1536 annes,
240 1466 389 1520 annitente
406 1464 574 1520 Alexandro
589 1480 674 1535 papa,
697 1463 885 1517 Cantuarium
901 1478 950 1516 ar·
1001 1465 1168 1520 comitatum
1184 1466 1389 1535 pertransiens
1411 1464 1601 1519 Oximeusem
1623 1468 1651 1519 et
1674 1467 1834 1535 penetrans

114 1555 366 1626 chiepiseepatum
384 1554 527 1623 suscepit,
545 1556 649 1624 etpost
664 1554 785 1607 muttum
798 1553 949 1623 temporiS,
1001 1555 1226 1625 Baqjoaeensem,
1238 1555 1355 1608 tandem
1366 1554 1477 1608 refiexo
1489 1552 1563 1607 calle
1573 1552 1719 1607 redeundi
1730 1552 1837 1606 vadum

113 1662 190 1700 anno
206 1646 242 1699 ab
258 1644 464 1698 luminatione
488 1643 604 1697 Domini
633 1640 712 1709 1100,
731 1659 759 1694 rr
780 1641 844 1695 liat.
870 1641 950 1695 lunii
1003 1644 1085 1697 Dirce
1104 1643 1234 1713 appetiit.
1251 1643 1334 1707 Quod
1350 1658 1422 1714 rege
1438 1645 1620 1710 transeunte,
1638 1641 1734 1695 media
1750 1657 1835 1695 ener-

116 1734 198 1790 ohiit.
217 1735 289 1788 Post
303 1734 401 1803 ipsum
427 1732 593 1786 ll'iltelmus
613 1730 787 1799 menachus,
815 1729 950 1784 ltadbodi
1005 1733 1082 1786 citus
1096 1748 1165 1803 pars
1182 1733 1331 1802 substitit,
1348 1731 1422 1784 mari
1437 1732 1616 1801 eructuante,
1633 1730 1671 1783 ob
1688 1730 1836 1784 redunda-

114 1822 269 1895 Sngiensis
280 1818 951 1891 episcopildinsCadomensisEoclesioeregi·
964 1815 990 1877 B
1005 1822 1114 1876 tionem
1133 1821 1262 1875 huminis
1283 1836 1341 1875 nen
1357 1819 1462 1874 valens
1486 1823 1678 1874 transmeare.
1697 1817 1773 1872 Cum
1787 1819 1836 1890 qui

115 1927 183 1966 men
198 1912 299 1980 tenuit,
319 1911 369 1981 qui
386 1912 414 1962 et
435 1909 499 1979 ipso
526 1912 594 1978 post
615 1909 757 1963 loannem
779 1907 949 1978 metropoli·
1005 1910 1124 1966 busdux
1139 1910 1247 1965 acriter
1258 1908 1539 1980 supervenienssub
1555 1908 1637 1980 regis
1650 1907 1748 1961 oculis
1760 1908 1835 1962 illico

115 2003 216 2054 tanum
227 2000 497 2070 llothcmagensem
508 1997 794 2067 archiepiscopatum
806 1996 947 2065 suscepit.
1005 2015 1207 2072 congressus,
1230 2001 1308 2053 tanta
1330 1999 1379 2052 iilo
1405 1998 1485 2052 caede
1503 1997 1681 2067 prostravit,
1707 2000 1740 2050 nt
1764 2012 1837 2067 quos

118 2084 950 2143 DeindotiilebertusConstantiniensisCalliduandomi
1004 2089 1122 2161 gladius
1138 2105 1196 2143 non
1207 2088 1358 2156 exstinxit,
1376 2088 1500 2157 hesper
1516 2085 1750 2141 Northmannica
1765 2101 1838 2139 com-

117 2181 216 2233 rector
233 2178 329 2231 taetus
352 2178 407 2230 est.
434 2177 528 2247 tuqus
552 2180 681 2245 tempore
698 2174 863 2229 Wittelmus
890 2174 949 2227 dux
1003 2179 1061 2247 pita
1090 2177 1278 2248 dispergeret
1292 2176 1431 2231 violentia
1446 2176 1520 2230 dirae
1535 2174 1837 2243 captivitatisllidens

117 2263 949 2336 Northmannorumetrexbnglerumauno1087liothe·
1004 2270 1100 2320 autem
1119 2282 1308 2320 rcxsuorum
1325 2266 1485 2335 interitum,
1509 2264 1684 2335 quantocius
1707 2264 1800 2318 valuit
1822 2279 1837 2316 a

117 2356 196 2426 mngi
218 2372 237 2408 v
253 2354 323 2410 Idus
339 2354 521 2424 Septembris
540 2358 673 2408 mortuus
693 2358 753 2422 est,
775 2353 804 2405 in
823 2351 950 2405 ccclesia
1005 2355 1220 2410 Nerthmannis
1244 2355 1371 2409 recessit
1398 2359 1426 2408 at
1442 2355 1478 2408 ad
1494 2368 1547 2409 eos
1565 2353 1641 2407 ultra
1656 2353 1763 2406 venire
1780 2367 1837 2406 nen

117 2444 216 2500 Sancti
244 2443 385 2514 Stephani
414 2443 576 2499 honorifice
597 2442 716 2496 Cadomi
734 2442 868 2511 sepultus
893 2442 949 2494 est.
1004 2444 1150 2515 apposuit.
1162 2443 1328 2497 Amicitiam
1339 2442 1561 2513 qnoqucduciS,
1573 2440 1840 2511 considerataeius

119 2533 190 2588 Haec
200 2550 250 2603 per
261 2533 496 2602 anticipationem
508 2532 583 2585 dieta
601 2529 949 2585 susticiantl'enerahilis
1005 2534 1159 2603 probitate,
1175 2532 1340 2602 requisivit,
1357 2535 1385 2585 et
1408 2531 1577 2602 Tegulcnse
1602 2533 1746 2599 castrum,
1764 2529 1839 2601 quod

119 2627 216 2676 autem
240 2621 454 2691 Theodericus,
481 2627 637 2692 postquam
663 2621 829 2674 coenebium
851 2617 950 2672 Sancti
1006 2618 1840 2690 dudumabstulerat,illitradidit.Saepedictusrexvalde

118 2710 230 2766 Ebrulh
241 2710 421 2765 tereltannis
432 2711 517 2777 rexit,
529 2710 767 2780 proquibusdam
777 2708 949 2761 tumultibus
1006 2711 1058 2764 hait
1082 2710 1229 2779 militaris
1256 2725 1432 2780 magnaeque
1448 2709 1628 2764 tortitudinis
1654 2711 1683 2763 et
1710 2709 1837 2779 pictatis.

119 2800 177 2855 sibi
190 2800 325 2853 excitatis
340 2815 355 2852 e
368 2799 475 2854 domne
493 2798 622 2853 lieberto
635 2799 669 2852 de
679 2796 948 2866 Grentemaisnilie,
1005 2799 1174 2871 hlathitdem
1191 2799 1425 2869 (illeliuscledii
1442 2799 1524 2869 regis
1540 2799 1696 2870 Rugorum
1708 2797 1800 2851 filiam
1810 2798 1838 2851 in

119 2889 168 2960 qui
184 2891 254 2942 tunc
270 2889 349 2958 prior
361 2890 431 2957 erat,
450 2887 584 2941 Mauritie
599 2886 825 2956 archiepiscopo
846 2889 873 2940 et
887 2884 950 2938 Hu-
1004 2888 1190 2943 matrimonio
1205 2887 1361 2956 habuit,ex
1372 2903 1429 2957 qua
1440 2886 1514 2941 duos
1528 2886 1616 2955 iiiios,
1627 2885 1798 2957 Philippum
1813 2888 1839 2941 et

117 2977 188 3049 goni
201 2979 341 3049 episeopo
353 2992 455 3031 curam
464 2977 628 3030 animarum
644 2975 950 3030 reddiditAhsolutus
1004 2977 1172 3048 Hugonem,
1193 2991 1339 3046 unamque
1363 2975 1452 3029 filiam
1467 2975 1578 3046 genuit.
1603 2972 1659 3039 Qui
1679 2977 1839 3046 postquam

118 3067 218 3137 itaque
234 3066 271 3121 ab
293 3067 348 3135 eis,
373 3068 472 3137 utpote
488 3066 567 3120 fitius
587 3066 680 3136 pacis,
700 3066 743 3119 iro
763 3064 950 3119 Hierusalem
1004 3080 1129 3137 regnum
1144 3064 1246 3120 Gallice
1262 3064 1322 3119 iero
1339 3063 1373 3118 25
1385 3065 1469 3118 annis
1480 3064 1566 3132 rexit,
1583 3078 1839 3133 causacorporeae

119 3155 260 3210 decrevit.
277 3154 332 3220 Qui
347 3155 415 3210 dum
431 3155 731 3226 inCypruminsnlam
746 3170 812 3209 eum
824 3153 951 3224 quodam
966 3154 1108 3235 csnlutis
1129 3169 1146 3208 a
1166 3154 1278 3208 loannc
1297 3152 1479 3207 medicorum
1493 3151 1676 3222 peritissimo
1689 3152 1838 3221 potionem

119 3245 298 3299 venerabilis
315 3247 381 3300 vitae
405 3246 564 3317 peregrine
581 3245 720 3314 episcopo
738 3244 774 3296 ad
796 3243 952 3313 quamdam
1003 3244 1126 3313 accepit.
1139 3242 1198 3297 Sed
1209 3257 1323 3296 veneno
1337 3241 1457 3295 nimiam
1472 3240 1551 3294 sitim
1564 3239 1839 3312 inferentejussum

120 3334 279 3388 ecelesiam
295 3334 389 3388 saneti
400 3333 513 3388 Nicolai
530 3335 673 3401 venisset,
690 3333 771 3386 humi
781 3334 951 3402 prostratus
1003 3332 1151 3387 Archiatri
1167 3331 1280 3401 sprevit
1294 3336 1321 3385 et
1336 3329 1545 3384 acubioulario
1561 3331 1662 3399 petum
1676 3329 1836 3398 accipiere,

122 3438 223 3476 coram
238 3422 321 3475 altari
338 3422 448 3475 diutius
464 3423 568 3489 oravit,
584 3422 682 3491 ibique
700 3423 729 3474 in
743 3422 874 3475 oratione
886 3420 950 3473 liat.
1002 3423 1071 3476 dum
1080 3420 1352 3488 medicusabcsset,
1362 3423 1427 3474 ante
1435 3417 1640 3490 purgationem
1651 3416 1739 3472 bibit.
1752 3417 1834 3472 Unde

120 3510 250 3581 Augusti
276 3510 394 3563 beatum
414 3510 475 3563 lieo
501 3509 636 3580 spiritum
661 3508 797 3563 reddidit.
822 3509 953 3562 Insulani
1004 3512 1093 3566 nimis
1114 3510 1290 3578 infirmatus,
1326 3508 1429 3563 eedem
1454 3507 1500 3562 die
1526 3509 1594 3577 pest
1618 3507 1837 3578 perceptionem

121 3613 201 3666 vcro,
221 3599 369 3666 comperta
388 3597 541 3650 sanctitate
565 3597 631 3650 talis
657 3597 819 3668 peregrini,
843 3613 953 3667 corpus
1004 3595 1838 3666 sucroeEucharistiaeobiit.Philippu1nvcrofiliumsuum

121 3684 189 3757 ejus
203 3685 232 3739 in
243 3686 369 3741 ecclesia
379 3685 570 3756 sepelierant.
583 3686 677 3757 Cujus
693 3687 805 3740 meritis
820 3688 849 3739 in
862 3701 954 3757 aegro·
1004 3688 1185 3760 inregimine
1195 3687 1375 3741 Francorum
1387 3685 1537 3739 haeredem
1548 3683 1739 3739 constituitet
1746 3683 1838 3739 tutele

120 3774 158 3828 tis
187 3773 277 3829 multa
305 3775 464 3829 sanitatum
493 3774 633 3830 miracula
658 3775 800 3829 divinitus
833 3778 953 3830 ostensa
1004 3770 1699 3844 Belduinililandrensisstrapaecommendavit.

123 3867 202 3919 sunt.
1293 3880 1418 3935 CAPUT
1439 3880 1547 3934 XXIX.

406 3951 532 4007 CAPUT
548 3952 667 4007 XXVII'
1007 3990 1088 4055 Quod
1108 3989 1309 4044 delationibus
1324 3987 1513 4060 quorumdam
1526 3986 1588 4040 dux
1603 3984 1777 4040 tt'iltelmus
1788 3984 1837 4039 ah-

123 4058 205 4125 Qued
219 4059 281 4113 dux
300 4057 462 4113 Wittelmus
478 4060 580 4114 urbenr
607 4060 852 4114 Genemannieem
866 4065 895 4115 ct
908 4077 952 4116 ea·
1042 4077 1113 4132 ques
1124 4061 1160 4114 dc
1170 4060 1335 4114 baronibus
1343 4060 1408 4112 suis
1421 4058 1510 4129 ejecit
1526 4057 1808 4112 delt'orthmannia.

218 4136 313 4184 Slsflffl
329 4131 506 4185 Medflfflfflffl
523 4133 704 4203 eddfldflfll'si
722 4137 751 4185 ⁰⁶
767 4134 854 4202 cepit.
1040 4152 1123 4205 Tune
1133 4149 1312 4221 quibusdam
1328 4148 1481 4202 maledicis
1492 4147 1607 4200 vicinos
1624 4159 1835 4216 comparesque

157 4237 333 4309 Magnificus
349 4238 409 4292 (tux
432 4237 608 4306 WitlelmuS,
627 4236 806 4292 Francorum
826 4238 954 4292 catervis
1005 4256 1078 4294 sues
1094 4239 1303 4293 accusantibus
1313 4254 1350 4291 ex
1360 4236 1550 4305 invidia,dux
1570 4234 1739 4289 willelmus
1757 4248 1835 4288 exas-

122 4329 322 4395 eompetenter
336 4326 470 4394 devietis,
487 4327 759 4395 memorepprobrii
775 4344 791 4380 a
805 4325 954 4381 Geitlredo
1006 4332 1125 4398 peratus
1141 4327 1253 4398 ingenti
1262 4327 1336 4380 turia
1351 4327 1479 4380 barenes
1491 4340 1575 4392 sues,
1593 4324 1711 4378 scilicet
1728 4320 1837 4377 liedul-

122 4415 228 4470 comite
250 4408 319 4468 sibi'
333 4414 415 4482 illati,
444 4416 480 4468 ad
500 4416 601 4468 urbem
626 4415 873 4469 ttenomuunieam
902 4430 955 4484 per
1007 4415 1228 4483 snmdetoenia,
1247 4412 1733 4486 HugonemdeGrentemaisnillio
1752 4410 1839 4466 etEr·

121 4503 232 4575 aliquot
245 4519 340 4558 annos
351 4519 432 4557 arma
448 4506 601 4557 convertit.
613 4502 688 4567 Quin
701 4505 790 4575 igitur
806 4504 953 4573 explicare
967 4530 994 4593 D
1009 4506 1127 4561 aeidum
1144 4504 1281 4558 Willetmi
1296 4503 1433 4558 Geroiani
1449 4501 1551 4569 lilium,
1568 4500 1657 4570 eiecit
1680 4501 1716 4554 de
1730 4500 1836 4555 North·

122 4593 228 4663 poterit
257 4595 328 4662 quot
359 4592 483 4646 militum
506 4592 689 4661 incursibus
712 4596 784 4662 quot
802 4592 953 4663 legionum
1009 4595 1135 4649 mannia.
1153 4594 1297 4648 Abhctcm
1311 4607 1429 4662 queque
1446 4591 1619 4656 liebertum,
1636 4589 1689 4659 qui
1708 4588 1776 4659 jum
1789 4587 1839 4642 tri·

122 4681 361 4753 expeditionibus
370 4680 449 4734 illam
465 4680 623 4735 afflixerit?
638 4682 682 4735 Ad
693 4684 874 4751 postremum
884 4681 953 4735 victi
1008 4685 1065 4739 bus
1075 4681 1333 4737 anniscoenebium
1344 4679 1444 4734 Sancti
1459 4677 1792 4747 Ebrnlfirexerat,quia
1805 4675 1838 4729 dc

121 4768 310 4833 Cenomanni,
325 4769 388 4840 jam
410 4769 541 4824 castellis
556 4785 610 4839 per
629 4774 767 4824 cunctum
784 4771 952 4825 comitatum
1008 4772 1112 4828 audaci
1127 4771 1320 4826 Geroicorum
1338 4769 1476 4839 prosapia
1495 4767 1652 4836 prodierat,
1671 4767 1738 4820 sine
1759 4768 1841 4819 reatu

122 4859 267 4931 subactis,
284 4860 405 4914 dextras
420 4859 488 4914 duci
504 4859 657 4928 dederunt,
681 4859 767 4914 tidem
790 4863 953 4931 pangentes
1008 4863 1037 4915 ot
1049 4859 1162 4930 judicio
1179 4858 1283 4930 synodi
1293 4857 1329 4911 de
1344 4855 1557 4910 Northmannia
1571 4853 1683 4923 expulit
1698 4858 1726 4908 et
1742 4868 1839 4925 quem·

123 4947 165 5002 illi
179 4948 359 5004 arctissimis
383 4947 589 5003 sacramentis.
613 4946 645 5001 In
664 4964 789 5018 querum
806 4949 902 5004 medio
918 4948 954 5003 ad
1008 4951 1074 5004 dam
1092 4948 1268 5003 monachum
1283 4946 1400 5000 nomine
1421 4944 1588 4999 Osbernum
1603 4944 1631 4997 ei
1652 4942 1841 5014 subrogavit.

123 5035 298 5093 domandam
325 5052 426 5093 eorum
448 5037 645 5106 insolentiam,
671 5037 728 5092 duo
744 5038 902 5107 municipia
923 5038 953 5092 in
1009 5040 1158 5094 liebertus
1179 5038 1301 5092 Romam
1326 5035 1408 5104 petiit
1427 5036 1455 5087 et
1479 5031 1600 5087 Nicolao
1619 5047 1703 5102 papae
1719 5046 1842 5085 eausam

124 5124 368 5196 Ponte-Barbate,
393 5143 446 5182 seu
472 5127 617 5194 Barbelto,
649 5127 799 5194 stabilivit,
829 5128 953 5198 suisque
1008 5144 1092 5183 suam
1115 5125 1267 5180 intimavit.
1297 5123 1355 5178 Sed
1384 5121 1522 5193 quoniam
1542 5120 1704 5191 praedictus
1727 5118 1844 5189 praesul

123 5210 266 5267 militibus
289 5216 481 5271 custodienda
504 5215 660 5285 commisit,
682 5215 858 5271 Meduanum
883 5233 954 5272 vere
1008 5218 1095 5289 panto
1114 5218 1182 5286 post
1199 5214 1358 5268 defunctus
1377 5214 1433 5279 est,
1450 5210 1489 5264 nil
1501 5209 1687 5264 rectitudinis
1701 5223 1757 5279 per
1776 5223 1843 5263 eum

124 5302 953 5376 castellumcujusdamepulentimilitisneminetioiilredi
1008 5297 1846 5372 consecutusest.DeniquevenerahilisRobcrtuseumtt

125 5389 222 5444 adhuc
243 5392 400 5459 restiterat,
425 5395 502 5464 quod
527 5395 587 5449 dux
604 5394 783 5449 exercitibus
806 5395 953 5466 applicitis
1008 5393 1162 5450 monachis
1183 5391 1384 5446 Alexandrum
1408 5404 1513 5460 papam
1534 5387 1605 5442 adiit
1625 5389 1654 5442 et
1668 5385 1738 5457 ejus
1751 5385 1848 5457 iussu

124 5479 295 5551 aliquandiu
304 5496 478 5554 oppugnans
488 5484 953 5557 cepitignequeinjcctoperduos
1010 5486 1171 5540 liebertum
1184 5480 1327 5535 Calabriae
1337 5480 1441 5534 ducem
1451 5477 1673 5549 compatriotam
1687 5491 1780 5531 suum
1795 5490 1847 5530 ex·

160 5622 199 5697 lt)
212 5623 271 5680 Atii
293 5623 410 5680 Annam
425 5629 551 5700 vocent,
566 5626 679 5703 fuitque
703 5627 835 5685 secunda
848 5643 934 5702 uxor,
950 5625 1102 5685 Mathildis
1113 5638 1184 5678 vere
1198 5622 1302 5692 prima.
