3908 6112
135 297 197 361 741
272 284 276 290 “

451 291 805 358 CONSUETUDINES
824 291 1155 357 CLUNIACENSES.
1167 327 1205 341 -
1220 293 1348 358 LIBER
1361 297 1543 363 TERTIUS.

1804 305 1863 379 742

134 500 286 571 quomodo
297 499 438 554 inclinant
452 498 489 552 ad
505 496 615 567 altaria,
628 499 657 551 et
673 495 708 550 ad
723 493 909 549 sacerdotem
920 509 973 563 per
987 477 1018 546 Α
1031 497 1058 548 et
1074 494 1160 549 mittit
1178 495 1208 551 in
1224 511 1342 552 manum
1364 498 1398 552 D.
1415 500 1542 557 abbatis.
1563 503 1616 559 Est
1631 506 1726 560 autem
1752 507 1861 579 huJ'us·

137 605 228 660 quem
239 590 449 660 asperguntur.
462 588 623 657 Postquam
632 600 735 640 omnes
745 584 879 651 exierint,
897 583 972 637 aeci-

134 679 177 748 pit
194 678 374 732 absconsam
390 677 426 732 ab
442 676 681 745 hebdomadario,
694 691 760 746 quae
771 673 922 727 candelam
932 673 973 726 in-

132 767 231 821 terius
261 766 350 821 habet
374 782 546 835 accensam,
567 770 596 819 ct
619 763 730 835 capello
755 764 856 818 induto
880 765 972 816 totum

135 856 302 910 claustrum
317 857 485 927 perlustrat.
509 856 610 909 Primo
633 855 710 908 videt
726 854 753 907 si
770 853 870 906 clausa
892 853 929 905 sit
944 855 972 905 et

134 945 278 999 obserata
289 945 394 999 demus
411 944 653 1014 eleemosynaria,
671 942 796 1013 coquina
811 941 969 1013 regularis,

136 1034 340 1103 refectorium,
351 1034 424 1088 cella
439 1034 626 1101 novitiorum,
643 1032 669 1085 si
684 1032 752 1102 quis
767 1031 862 1085 adbuc
879 1030 926 1099 sit,
943 1031 972 1083 et

136 1127 260 1193 propter
273 1123 342 1194 quid
360 1126 425 1178 anta
449 1122 610 1192 cellarium,
628 1122 696 1193 quid
720 1125 825 1191 agatur
839 1121 869 1174 in
884 1120 970 1173 domo

138 1212 376 1279 infirmorum,si
393 1212 500 1266 infirmi
513 1211 574 1281 jam
591 1212 616 1265 si
633 1211 852 1279 collocaverint,
865 1212 972 1280 etque·

138 1302 223 1356 modo
240 1316 275 1355 se
291 1301 427 1368 habeant,
441 1302 467 1354 si
483 1301 550 1372 quis
566 1315 668 1354 eorum
684 1299 779 1353 adhuc
796 1300 973 1353 remanserit

140 1389 165 1443 in
181 1390 313 1444 ecclesia
328 1388 358 1444 S.
379 1391 491 1459 Mariae,
513 1389 646 1443 ascendit
668 1387 884 1455 dormitorium,
901 1403 972 1458 por-

140 1483 202 1533 tans
228 1494 343 1548 secum,
369 1481 396 1534 si
421 1480 488 1550 quid
509 1479 584 1533 forte
607 1479 636 1531 in
660 1478 790 1531 claustro
806 1478 973 1548 neglectum

120 1624 123 1632 ,
141 1567 302 1638 offenderit,
318 1571 346 1624 et
360 1568 502 1639 perspicit
514 1582 616 1623 omnes
628 1566 867 1621 necessariarum
883 1565 974 1620 sedes

137 1657 225 1711 abac
241 1673 338 1728 usque
354 1658 389 1712 ad
405 1658 503 1712 finem.
521 1657 554 1711 Iu
573 1657 619 1710 his
636 1654 773 1710 omnibus
790 1656 817 1709 si
833 1655 904 1726 quid
920 1669 972 1709 ne-

136 1746 289 1818 gligeatiae
305 1745 468 1816 offenderit,
486 1749 514 1801 in
530 1744 721 1818 sequentidie
737 1744 766 1799 in
784 1744 910 1814 capitulo
926 1759 973 1797 re·

1030 584 1109 639 modi
1126 600 1131 639 :
1149 585 1215 656 Ege
1239 585 1337 641 frater
1358 587 1397 642 N.
1424 588 1516 645 offero
1539 590 1600 646 Deo
1620 599 1649 648 et
1664 596 1778 651 sanctis
1798 601 1863 669 ejus

1030 672 1273 744 apostolisPetro
1284 682 1313 730 et
1321 676 1622 750 Paufclmncpuerum
1632 684 1791 739 nomincN.
1799 686 1863 740 vice

1025 765 1861 844 parentmncjascumoblatioaeinmanuatquepetitione,

1029 851 1136 906 altaris
1157 851 1235 923 palla
1258 870 1344 908 ariana
1367 856 1585 929 ejusinrofata,
1602 860 1758 916 adnomen
1777 879 1862 917 saac-

1031 946 1124 994 torum
1141 958 1260 1012 quorum
1283 943 1331 997 bic
1350 944 1485 1016 reliquiae
1505 948 1694 1003 continentur
1713 956 1742 1004 et
1764 951 1863 1006 domni

1030 1028 1149 1084 abbatis
1162 1031 1201 1087 N.
1213 1034 1385 1102 praesentis,
1399 1035 1484 1089 trado
1497 1051 1593 1090 coram
1610 1039 1863 1113 testibasrequla·

1030 1121 1110 1174 riter
1121 1137 1357 1191 permansurum,
1366 1124 1407 1177 ita
1420 1130 1449 1183 ut
1465 1125 1567 1180 abbae
1585 1128 1634 1181 die
1645 1143 1701 1182 noa
1717 1129 1807 1184 liceat
1817 1131 1864 1185 illi

1031 1209 1134 1263 collum
1141 1210 1178 1264 de
1186 1211 1241 1263 sub
1246 1212 1319 1282 juqo
1329 1219 1470 1268 excutere
1478 1215 1604 1286 requiam
1617 1217 1672 1271 sed
1680 1219 1776 1289 magis
1785 1221 1863 1291 ejus·

1031 1299 1097 1354 dam
1112 1299 1224 1371 regulae
1234 1300 1368 1355 fideliter
1384 1318 1417 1356 se
1427 1311 1582 1374 cognoscat
1593 1306 1731 1361 instituta
1749 1308 1862 1365 debere

1031 1404 1166 1451 servare,
1179 1389 1536 1446 etDcminocumcoeteris
1555 1395 1689 1464 gratanti
1706 1398 1864 1452 animemi-

1030 1478 1130 1533 fitare.
1139 1477 1180 1530 Et
1190 1484 1219 1531 ut
1230 1479 1405 1550 beecpetitic
1413 1480 1498 1535 drma
1507 1491 1690 1556 permaneat,
1703 1502 1789 1540 manu
1797 1503 1862 1542 maa

1031 1566 1266 1638 subterfirmavi,
1276 1568 1460 1641 testibusque
1472 1571 1586 1627 tradidi
1592 1573 1799 1630 roborandam.
1809 1577 1864 1631 Ac·

1031 1657 1100 1726 cipit
1122 1658 1187 1728 ipse
1202 1674 1276 1728 puer
1299 1675 1365 1713 cum
1385 1659 1533 1716 offertorio
1550 1665 1685 1732 patenam
1701 1666 1729 1719 ct
1740 1666 1863 1722 calicem

1031 1745 1127 1799 hostia
1143 1747 1280 1816 imposita
1300 1751 1329 1802 et
1346 1750 1415 1803 vino
1430 1749 1546 1818 infuso,
1568 1753 1596 1805 et
1608 1753 1646 1807 ita
1664 1753 1795 1810 vicarius
1813 1756 1863 1811 ille

130 1835 253 1889 clamat.
272 1834 304 1890 ln
319 1837 413 1891 hieme
431 1837 500 1891 facit
515 1836 602 1891 aliam
617 1836 725 1889 circam
736 1834 772 1888 ad
787 1833 974 1887 intervallum
990 1854 1017 1920 Β
1031 1825 1154 1889 involvit
1169 1852 1286 1890 manum
1302 1839 1385 1907 pueri
1397 1855 1463 1892 cum
1480 1840 1554 1909 palla
1573 1841 1684 1912 altaris,
1702 1847 1732 1897 ut
1746 1846 1805 1898 tam
1820 1844 1864 1916 ip·

126 1925 213 1994 quod
231 1924 307 1980 solet
322 1941 390 1981 esse
414 1927 490 1981 inter
511 1929 687 1994 nocturnos,
713 1927 741 1979 et
756 1922 930 1991 matutinos3
946 1924 975 1975 et

121 2012 166 2066 in
180 2012 230 2067 illa
245 2013 351 2069 circuit
364 2015 453 2069 etiam
478 2016 575 2070 omnia
599 2016 673 2069 lecta
688 2014 812 2068 fratrum
833 2015 861 2065 et
877 2010 974 2064 omnia

117 2101 276 2158 ecclesiae
291 2104 402 2160 altaria.
419 2105 455 2160 m
471 2110 501 2160 ut
511 2105 642 2160 breviter
657 2104 693 2158 de
703 2102 771 2175 ejus
786 2100 884 2156 officio
901 2114 974 2153 con-

116 2191 264 2263 cludam,
282 2195 308 2248 si
325 2196 451 2252 domnus
467 2195 560 2252 abbas
575 2209 634 2247 nen
645 2192 729 2247 adest
740 2207 793 2245 nec
809 2190 902 2259 prior,
915 2202 974 2241 non

109 2279 235 2339 solum
260 2300 364 2342 omnes
385 2288 602 2353 obedientiarii,
620 2286 671 2358 qui
692 2285 721 2338 in
746 2283 874 2338 claustro
892 2283 972 2337 sunta

110 2373 280 2429 obediunt
295 2375 362 2447 ejus
376 2378 510 2448 imperio,
529 2379 582 2432 sed
594 2378 680 2432 etiam
692 2377 748 2447 ipsi
765 2376 801 2430 ad
817 2375 972 2447 quodcun-

111 2478 193 2534 que
209 2480 287 2534 0pus
302 2464 400 2535 fuerit,
419 2466 532 2522 decani.
543 2466 574 2523 Si
585 2482 672 2539 quem
687 2466 785 2521 tamen
796 2463 973 2519 monachum

107 2553 242 2623 recipit
260 2553 296 2609 de
311 2555 368 2609 alio
384 2556 573 2625 monasterie,
590 2557 659 2611 huie
672 2556 831 2611 fraternam
847 2552 973 2608 societa-

112 2645 265 2712 temper
284 2645 526 2700 omniatribuere
548 2645 664 2715 poterit,
690 2647 812 2715 excepto
835 2641 972 2713 capitulo,

112 2731 214 2801 quod
232 2732 329 2786 solum
345 2734 453 2788 damno
478 2734 577 2789 abbati
599 2738 744 2789 reservat.
768 2733 861 2787 Habet
876 2732 973 2786 autem

114 2822 161 2874 et
177 2821 245 2891 ipse
261 2819 467 2894 suffraganeos
485 2840 575 2889 sues;
599 2840 688 2877 uniam
704 2823 754 2893 qui
776 2821 911 2892 suppleat
928 2820 972 2872 vi-

117 2923 199 2963 cem
231 2909 298 2980 eJ’us
320 2911 454 2965 absentis
471 2913 501 2966 iu
518 2912 648 2985 singulis
673 2928 749 2982 quae,
776 2912 806 2964 ut
821 2911 911 2979 aiunt,
936 2907 974 2962 ad

119 3014 258 3053 manum
273 3004 341 3053 suat
357 3001 481 3071 agenda,
499 3001 670 3069 circatores,
688 2999 851 3071 magistros
866 3012 972 3069 puere-

119 3104 210 3155 rum,
230 3087 376 3160 iuvenum
392 3090 544 3145 custodes.

456 3177 582 3233 CAPUT
599 3178 661 3232 Vll.

422 3267 467 3323 De
482 3267 690 3322 circatoribus

173 3363 360 3418 Gir-catorum
373 3374 481 3413 munus
493 3363 538 3413 est
549 3360 580 3412 ut
589 3372 692 3411 omnes
702 3355 903 3428 negligentias
916 3357 973 3410 tam

120 3452 273 3507 minimas
286 3465 374 3522 quarn
388 3447 529 3519 maj0reS,
545 3463 611 3518 quae
628 3445 685 3500 ullo
703 3446 789 3499 medo
805 3446 907 3499 eontra
923 3461 973 3499 or-

120 3542 235 3596 dinem
249 3543 378 3611 possunt
406 3538 600 3609 contingere,
617 3538 734 3604 notent,
752 3537 779 3588 ct
803 3535 832 3588 in
848 3533 974 3604 capitulo

120 3631 297 3686 reclament
308 3647 315 3694 ;
333 3631 361 3682 et
373 3630 527 3697 propterea
538 3628 628 3680 totum
638 3624 799 3678 claustrum
810 3639 868 3677 non
883 3622 975 3677 semel

124 3721 194 3774 sed
208 3718 360 3774 multoties
384 3716 414 3769 in
429 3716 476 3770 die
500 3714 689 3782 circumeant,
706 3716 738 3766 ut
762 3728 816 3766 nec
835 3712 920 3766 locus
937 3711 975 3766 sit

117 3825 193 3863 nec
209 3808 280 3862 hora
295 3807 325 3860 iu
341 3821 398 3877 qua
419 3805 510 3859 frater
531 3803 609 3858 ullus
634 3817 760 3856 securus
782 3816 852 3855 csse
866 3800 974 3871 possit,

120 3897 166 3952 si
182 3898 237 3952 tale
252 3897 323 3968 quid
339 3893 601 3959 commiseritum
618 3890 799 3962 deprehendi
811 3892 839 3944 et
853 3905 912 3944 non
923 3906 975 3960 pu-

119 3985 253 4040 blicari.
271 3985 363 4057 lgilur
379 3982 591 4045 obedientiarii,
609 3981 659 4051 qui
674 3996 731 4033 nou
749 3981 875 4048 possunt
890 3978 976 4032 omit-

120 4076 204 4129 tere
218 4077 248 4129 ut
261 4073 418 4145 aliquando
431 4070 665 4126 aliissilentiims
677 4069 711 4142 dc
724 4067 900 4123 obedientiis
910 4071 975 4126 suis

119 4160 312 4234 loquantur,
330 4162 458 4233 siquem
481 4161 659 4215 circatorum
679 4159 807 4213 viderint
830 4174 976 4228 superve-

122 4251 216 4321 nire,
237 4252 375 4307 continuo
397 4253 574 4321 assurgunt,
601 4253 629 4304 et
651 4249 818 4303 summatim
835 4248 975 4303 demons-

126 4340 219 4395 trant
232 4357 299 4412 quae
316 4341 356 4395 ait
371 4340 414 4394 eis
431 4339 597 4394 necessitas
617 4337 766 4409 loquendi.
786 4338 898 4392 Derane
922 4339 976 4392 ab·

125 4421 203 4483 bati
216 4433 242 4484 et
252 4430 342 4500 priori
358 4429 397 4482 ita
412 4428 547 4482 deferunt
562 4427 722 4481 circatores
745 4431 774 4481 ut
791 4443 976 4499 nequaquam

128 4518 322 4574 venientum
345 4533 398 4572 eos
414 4518 550 4571 noverint
565 4531 650 4587 esse3
672 4516 757 4587 quia,
781 4519 812 4571 ut
833 4518 977 4586 seriptum

133 4611 191 4660 est
205 4624 211 4661 :
225 4608 292 4663 Non
308 4613 354 4661 est
369 4608 532 4680 discipulus
543 4625 632 4680 super
648 4609 832 4680 magistram.

448 4715 572 4770 CAPUT
589 4714 661 4769 Vlll.

299 4805 344 4859 De
358 4806 462 4875 pueris
476 4811 505 4858 ct
524 4821 623 4858 corum
647 4804 813 4874 magistris

183 4889 253 4946 Puer
266 4893 319 4963 qni
334 4908 401 4947 cum
416 4893 483 4946 laici
495 4893 539 4947 vel
550 4892 678 4947 clericali
687 4893 883 4960 habitaverit,
897 4891 975 4945 hunc

149 4981 321 5035 camerarius
338 4981 368 5034 in
388 4981 561 5035 vestiarium
585 4981 667 5035 ducit
681 4982 785 5035 codem
801 4981 887 5033 modo
903 4995 974 5033 vea-

152 5062 267 5124 tiendum
284 5085 343 5141 quo
354 5070 477 5141 quilibet
487 5071 615 5126 novitius
628 5071 762 5141 vestitur,
779 5068 976 5140 praeterquod

153 5154 172 5207 el
184 5174 239 5213 non
255 5159 442 5228 stamineum,
461 5161 512 5214 sed
528 5176 581 5230 pro
600 5161 744 5215 stamineo
760 5160 882 5214 camisia
897 5160 975 5213 linea

152 5240 234 5301 latur.
250 5248 325 5302 Cum
341 5248 439 5302 visum
463 5249 551 5304 fuerit
571 5249 678 5303 domno
703 5250 812 5319 abbati,
829 5249 973 5319 capellum

150 5327 274 5391 dairaco
290 5334 358 5406 ejus
370 5336 457 5407 jubet
467 5337 587 5407 auferri,
608 5342 637 5393 ct
652 5338 797 5393 cucullam
813 5339 839 5392 ei
850 5336 975 5390 dandam

147 5421 296 5479 benedicit.
328 5425 417 5480 dubet
449 5427 535 5480 etiarn
562 5428 610 5480 uni
642 5429 765 5482 fratrum
791 5431 821 5481 ut
847 5443 973 5497 puerum

146 5512 241 5569 afferat
255 5514 322 5568 vice
337 5520 489 5583 pareatum
510 5515 587 5587 ejus
614 5515 668 5601 Qui
688 5517 867 5587 petitionem,
884 5532 972 5587 quam

141 5602 270 5657 facturus
286 5607 343 5674 eet,
374 5605 533 5675 scriptuam
551 5606 664 5660 habens
680 5607 833 5661 confirmat
849 5623 912 5660 eam
929 5606 973 5661 si-

140 5707 197 5764 gno
213 5692 341 5765 propriae
357 5709 472 5766 manue,
488 5698 516 5749 et
531 5698 634 5766 postea
649 5696 721 5768 legit
737 5712 801 5751 eam
816 5697 845 5752 in
859 5700 970 5767 aperto,

1032 1940 1099 1979 sum
1114 1940 1238 1995 puerum
1249 1941 1336 1997 quam
1352 1926 1419 1997 ejus
1429 1929 1609 1984 sacrificium
1621 1930 1749 1986 efferata
1764 1948 1864 1988 sacer·

1032 2014 1099 2068 dote
1114 2014 1325 2085 recipiendum.
1347 2017 1456 2071 Postea
1479 2018 1610 2074 induitur
1633 2021 1768 2092 cuculla3
1784 2025 1813 2078 et
1827 2023 1864 2078 de

1033 2106 1140 2159 caetero
1156 2105 1321 2159 benedictio
1333 2105 1399 2176 ejus
1411 2107 1544 2163 diflertur
1555 2125 1649 2180 usquc
1661 2111 1864 2184 adlegitimam

1033 2197 1157 2265 aetatem,
1173 2194 1203 2248 id
1217 2197 1272 2262 est,
1289 2195 1315 2250 si
1330 2213 1388 2253 non
1404 2199 1540 2269 amplius,
1556 2199 1602 2254 vel
1618 2215 1713 2271 usque
1729 2202 1765 2256 ad
1780 2201 1864 2273 quin·

1033 2283 1127 2338 decim
1142 2300 1236 2338 annos
1253 2286 1357 2340 aetatis.
1376 2286 1495 2341 Rursus
1510 2288 1544 2342 D.
1570 2288 1661 2343 abbas
1677 2305 1743 2344 cum
1759 2290 1863 2346 volue-

1032 2373 1068 2427 rit
1084 2389 1150 2428 eum
1160 2373 1346 2445 benedicere,
1364 2375 1455 2430 refert
1464 2375 1521 2430 hoc
1531 2376 1672 2432 fratribus
1687 2376 1716 2430 in
1725 2377 1862 2450 capitale,

1032 2466 1060 2517 el¹
1075 2464 1139 2534 ipse
1155 2463 1277 2534 ‚invenis
1298 2464 1395 2519 statim
1416 2467 1529 2519 veniam
1552 2467 1632 2536 petit,
1659 2468 1687 2520 et
1702 2466 1738 2520 de
1759 2466 1862 2522 schola

1031 2552 1185 2606 absolutus
1201 2554 1282 2607 venit
1292 2554 1327 2608 ad
1338 2554 1445 2624 pades;
1460 2556 1603 2610 tamenab
1619 2556 1865 2626 aliispuerisaon

1030 2641 1141 2697 recedit
1157 2657 1252 2713 usqua
1269 2643 1304 2697 ad
1315 2643 1793 2700 horambenedictionisSicutalii
1808 2660 1864 2700 no-

1030 2728 1103 2798 vitii,
1120 2730 1290 2800 profitetur,
1307 2731 1370 2785 sola
1385 2732 1508 2786 cucullae
1519 2732 1686 2788 benedictio
1701 2749 1759 2787 nou
1773 2734 1864 2788 itera-

1030 2820 1087 2889 tur,
1100 2835 1154 2874 000
1170 2820 1302 2889 exuitur,
1329 2835 1383 2874 nec
1397 2819 1538 2890 induitur,
1555 2820 1614 2876 uisi
1639 2823 1717 2876 sicut
1738 2824 1767 2877 et
1781 2822 1864 2892 prius

1030 2911 1099 2963 erat.
1115 2909 1204 2963 Pueri
1214 2914 1311 2965 autem
1330 2911 1380 2980 qui
1391 2913 1459 2964 sunt
1469 2911 1499 2964 in
1512 2914 1658 2965 conventu
1673 2916 1787 2982 nostro,
1805 2926 1865 2967 nou

1029 2997 1106 3051 ultra
1120 3000 1270 3052 senarium
1285 2999 1472 3069 protendunt,
1490 3003 1518 3054 et
1534 3015 1636 3055 eorum
1647 3000 1783 3071 magistri
1796 3002 1866 3055 suut

1006 3154 1008 3158 y
1030 3087 1097 3157 duc,
1115 3087 1208 3142 sinon
1223 3089 1334 3158 plures,
1361 3092 1458 3144 tamen
1481 3104 1630 3160 nunquam
1651 3093 1720 3144 sunt
1742 3091 1865 3159 paucie-

988 3192 1090 3278 0100.
1107 3175 1236 3241 Quorum
1247 3178 1402 3248 disciplina
1418 3181 1464 3233 est
1474 3178 1655 3251 hujusmodi.
1667 3179 1766 3233 Primo
1776 3178 1865 3233 simut
1935 3183 1938 3187 ’

1031 3269 1060 3320 in
1074 3267 1139 3323 loeo
1156 3268 1321 3322 dormitorii
1333 3268 1444 3339 jacent,
1464 3270 1491 3323 et
1507 3269 1744 3340 siugulaeorum
1757 3267 1831 3323 lecta
1848 3283 1866 3343 a

1031 3358 1244 3428 magistrorum
1255 3373 1357 3413 eorum
1372 3357 1457 3412 lectis
1474 3357 1690 3413 suntdiscreta.
1708 3357 1814 3411 Nullus
1831 3372 1865 3411 eo

1031 3447 1107 3505 alius
1123 3446 1265 3501 accedere
1282 3447 1446 3516 praesumit.
1467 3445 1498 3501 Si
1514 3447 1581 3517 quis
1597 3462 1700 3501 eorum
1715 3460 1791 3516 opus
1811 3445 1865 3499 ha-

1032 3536 1128 3590 buerit
1142 3536 1172 3590 in
1183 3540 1268 3591 nocte
1279 3536 1315 3590 ad
1325 3536 1514 3591 necessarias
1529 3536 1583 3603 irc,
1595 3536 1678 3606 prius
1689 3534 1866 3606 magistrum

1033 3626 1346 3696 sonituexcitatprcpe
1354 3625 1552 3696 sejacentem,
1564 3625 1751 3697 quisurgeus
1762 3640 1867 3680 accen-

1033 3716 1074 3769 dit
1084 3715 1244 3780 lucernam,
1262 3715 1348 3768 mittit
1359 3716 1387 3767 in
1399 3714 1551 3782 laternam,
1562 3730 1687 3786 surgere
1698 3715 1766 3769 facit
1777 3715 1867 3769 alium

1032 3821 1167 3875 puerum.
1179 3804 1288 3859 Eorum
1299 3805 1440 3880 alterutro
1454 3820 1575 3859 sursum
1587 3807 1703 3859 tenente
1711 3807 1863 3875 laternam,

1032 3895 1148 3949 medius
1164 3893 1316 3948 interillos
1328 3894 1470 3964 magister
1481 3893 1599 3963 incedit3
1609 3895 1652 3948 sic
1665 3894 1801 3949 nimirum
1813 3908 1866 3950 ees

1032 3983 1277 4051 ducitctreducit,
1288 3982 1502 4036 neccandelam
1513 3983 1675 4054 exstinguit
1685 3999 1781 4053 usque
1797 3984 1866 4038 dum

1033 4075 1118 4127 ambo
1136 4073 1194 4126 sint
1203 4070 1382 4125 recollocati.
1395 4069 1467 4124 Cum
1479 4074 1575 4125 autem
1590 4071 1688 4126 cuncti
1705 4088 1739 4126 se
1752 4071 1868 4127 levave-

1033 4163 1092 4216 rint
1103 4161 1137 4215 ad
1145 4162 1315 4229 nocturnoS,
1324 4163 1393 4214 eunt
1403 4161 1489 4214 simul
1500 4161 1537 4214 ad
1548 4161 1772 4214 neeessariaset
1781 4160 1867 4230 pueri

1033 4253 1061 4305 et
1076 4249 1220 4321 magistri,
1232 4249 1332 4320 utjam
1344 4250 1379 4303 de
1395 4249 1512 4304 duobus
1527 4249 1669 4319 praemisi.
1679 4247 1824 4303 Sedeseis
1836 4249 1867 4304 iu

1032 4340 1128 4395 medio
1145 4340 1262 4394 duobus
1278 4339 1398 4394 circulis
1422 4338 1530 4410 ligneis
1545 4339 1615 4393 suut
1638 4339 1818 4408 praenotatae,
1835 4337 1866 4393 iu

1032 4430 1141 4500 quibus
1157 4431 1201 4484 eis
1219 4429 1403 4485 venientibus
1419 4428 1518 4482 nullus
1534 4428 1620 4482 audet
1635 4430 1665 4482 ut
1681 4426 1792 4482 sedeat.
1809 4424 1865 4480 Ca-

1031 4519 1140 4589 pellum
1149 4536 1207 4574 non
1220 4519 1354 4589 induunt,
1370 4519 1447 4573 sicut
1457 4517 1516 4589 alii,
1529 4517 1588 4571 nisi
1600 4516 1728 4588 quandiu
1744 4516 1865 4588 sedeut3

1032 4610 1193 4679 surgentes
1209 4610 1287 4662 stant
1310 4607 1399 4662 nudis
1423 4606 1579 4678 capitibus,
1599 4607 1726 4661 invicem
1742 4621 1865 4677 exspec-

1033 4701 1137 4751 tantes
1156 4697 1294 4752 Providet
1310 4711 1413 4752 eorum
1429 4696 1573 4768 magister
1587 4696 1759 4766 principalis
1770 4698 1866 4750 utnon

1031 4787 1116 4854 prius
1133 4786 1333 4841 adecclesiam
1349 4786 1490 4841 accedant
1505 4802 1593 4856 quam
1607 4783 1867 4855 omnespetuerint

1032 4875 1219 4942 convenisse,
1237 4879 1265 4930 et
1276 4876 1529 4945 septempsalmos
1546 4874 1658 4929 sensim
1671 4877 1699 4929 et
1709 4873 1868 4943 diligenter

1032 4968 1180 5018 cantasse.
1193 4965 1275 5018 Tunc
1290 4965 1416 5035 primum
1431 4964 1603 5019 solemniter
1613 4964 1694 5017 venit
1704 4962 1865 5017 cumscho·

1031 5054 1144 5107 laribus
1161 5055 1225 5108 suis
1250 5058 1277 5108 et
1291 5054 1497 5123 luminaribus,
1515 5055 1543 5106 et
1560 5052 1624 5121 ipse
1647 5053 1707 5106 tres
1724 5052 1792 5106 illas
1808 5052 1866 5105 fra·

1032 5149 1108 5198 trum
1133 5145 1283 5199 orationes
1301 5143 1455 5211 terminat;
1482 5157 1557 5213 quas
1579 5157 1614 5196 ca
1636 5140 1718 5213 vice,
1735 5141 1782 5196 vel
1797 5143 1867 5211 pest

1030 5233 1252 5304 completorium
1276 5233 1392 5304 gerunt.
1415 5230 1460 5285 Ad
1484 5234 1656 5298 nocturnos,
1673 5231 1732 5286 imo
1748 5231 1784 5285 ad
1800 5246 1865 5285 om·

1028 5338 1083 5377 nes
1108 5324 1207 5392 horas,
1223 5321 1335 5392 siquid
1352 5321 1411 5391 ipsi
1435 5320 1519 5390 pueri
1544 5320 1720 5376 offenderint
1742 5322 1770 5377 in
1785 5319 1864 5390 psal·

1029 5412 1136 5481 modia,
1154 5412 1199 5465 vel
1218 5413 1248 5465 in
1269 5410 1326 5465 alio
1343 5412 1439 5479 cantu,
1464 5409 1512 5464 vel
1534 5395 1728 5480 dormitando,
1755 5411 1801 5465 vel
1817 5409 1867 5464 ali·

1028 5501 1098 5570 qnid
1114 5501 1170 5555 tale
1182 5498 1241 5554 ullo
1258 5499 1342 5553 modo
1359 5498 1577 5569 committendo,
1590 5500 1708 5554 minime
1720 5499 1863 5567 differtur,

1028 5591 1141 5660 absque
1158 5604 1238 5644 mera
1258 5589 1339 5643 froco
1362 5590 1390 5642 et
1405 5588 1519 5643 cuculla
1540 5590 1618 5643 exuti
1636 5588 1818 5660 judicantur,
1836 5591 1865 5643 et

1029 5679 1135 5734 insola
1151 5677 1272 5734 camisia
1296 5679 1450 5734 caeduntur
1465 5679 1511 5734 vel
1526 5694 1542 5732 a
1557 5678 1665 5749 priore,
1690 5677 1737 5732 vel
1756 5692 1863 5746 aprae-
