3900 6112
205 373 245 436 79
643 362 780 428 GESTA
807 361 1072 428 PONTIFIOUM
1100 358 1481 427 CAMERACENSIUM.
1884 367 1925 430 80

124 577 129 585 “
201 573 286 630 ircda
296 572 343 626 vel
354 568 527 625 mansiones
537 567 585 621 vel
595 567 713 637 paratas
722 563 883 631 iaciendas,
896 566 945 618 eut
959 562 1033 618 lide-
1046 544 1077 605 A
1090 569 1178 624 dibus
1195 563 1332 633 conditis,
1350 561 1496 634 quandam
1516 560 1603 615 etiem
1618 559 1804 632 metropolim
1819 561 1923 635 Maga.

196 664 339 735 jussores
347 657 505 727 tollendos,
516 658 565 710 aut
573 656 708 710 homines
717 655 813 725 ipsius
823 652 1033 708 aecclesieetam
1089 655 1372 714 dahurohvoeabule
1380 651 1496 707 struxit.
1505 648 1559 704 Cui
1568 665 1633 704 eum
1641 650 1677 704 ab
1695 651 1919 721 episeopissuis

200 752 348 823 ingenuos
361 764 448 819 quam
459 761 566 801 serves
578 747 786 815 superterram
798 743 893 811 ipsius
906 756 1032 795 cemme-

199 843 305 894 nentes
316 850 502 908 nequaquam
514 834 747 905 distringendos,
760 831 805 885 vel
817 830 893 884 ullas
903 828 1033 884 retribu-

198 929 297 982 tiones
309 930 358 981 eut
369 925 496 980 inlicitas
511 923 685 977 occasiones
701 918 906 991 requirendas,
920 918 1032 972 nestris

199 1020 227 1072 ct
238 1015 345 1071 tuturis
357 1013 540 1084 temporibus
552 1010 667 1082 ingredi
678 1010 793 1075 audeat,
801 1006 847 1061 vel
858 1022 891 1061 ee
903 1021 970 1077 quae
982 1022 1033 1059 su-

199 1121 252 1177 pre
267 1106 427 1159 memoraie
443 1104 521 1168 sunt,
538 1100 655 1170 penitus
672 1097 791 1168 exigere
802 1098 962 1166 presumat.
973 1093 1032 1149 Sed

198 1193 285 1247 licent
299 1193 459 1247 memerato
476 1187 588 1259 presuli
604 1188 727 1255 suisque
739 1183 971 1239 suecessoribus
981 1198 1031 1238 res

199 1281 339 1352 predictae
349 1278 505 1345 aecelesiae,
515 1291 581 1330 cum
593 1273 708 1328 cellulis
720 1278 748 1327 et
764 1274 854 1327 rebus
870 1272 918 1326 rel
933 1271 1030 1327 hemi-

1087 749 1177 804 multa
1193 749 1364 800 sauctorum
1378 742 1502 813 pignera
1518 740 1723 810 impetrasset,
1746 739 1920 797 Fulbcrtum

1087 839 1259 908 episcopum
1268 829 1748 901 sauctorumGeugcricividelieet
1769 830 1924 901 atquchu·

1086 926 1160 981 berti
1174 941 1298 996 corpere
1307 921 1436 978 sibidari
1448 918 1620 989 postulavit3
1633 917 1836 973 felicissimam
1846 933 1919 973 sene

1086 1014 1246 1068 arbitratus
1263 1029 1346 1067 suem
1363 1012 1426 1065 iere
1436 1008 1633 1077 metropolim,
1648 1008 1674 1061 si
1684 1009 1831 1061 tentorum
1845 1023 1918 1061 con-

1084 1102 1235 1157 fessorum
1251 1098 1422 1171 patrociniis
1435 1097 1597 1152 fulciretur.
1615 1094 1714 1167 Hujus
1725 1111 1796 1150 vero
1807 1096 1921 1167 petitio

1084 1205 1151 1245 nem
1165 1190 1326 1260 episeopus
1340 1188 1488 1242 declinere
1499 1185 1672 1252 formidans,
1683 1184 1796 1239 incerte
1809 1184 1897 1239 haesit
1911 1200 1918 1254 ;

1085 1279 1138 1333 sed
1149 1282 1246 1333 temen
1257 1276 1422 1345 beneficiis,
1434 1292 1500 1346 quae
1511 1273 1601 1328 multa
1615 1272 1677 1344 jam
1692 1273 1720 1326 ci
1735 1273 1917 1343 prestiterat,

198 1370 287 1424 nibus
296 1369 354 1422 sibi
369 1367 504 1437 legaliter
514 1363 670 1434 subiectis,
684 1362 740 1416 sub
757 1361 948 1414 immunitatis
964 1374 1030 1414 nes·
1084 1369 1114 1421 ut
1130 1366 1270 1435 diximus,
1287 1382 1323 1421 ne
1339 1363 1376 1406 ιιι
1393 1363 1697 1433 videreturingratus,
1708 1377 1772 1416 suae
1781 1361 1916 1431 petitioni

195 1461 248 1512 trae
263 1455 438 1511 detonsione
458 1454 557 1524 quieto
578 1451 681 1506 ordine
700 1450 866 1520 possidere,
884 1451 912 1502 et
926 1451 1028 1503 nestro
1083 1453 1218 1509 effoetum
1233 1455 1379 1526 promisit,
1396 1453 1457 1518 Qua
1474 1453 1504 1506 jn
1518 1466 1550 1505 re
1565 1449 1667 1521 presul
1681 1450 1806 1519 anxius,
1824 1450 1854 1505 in
1870 1450 1918 1504 di.

196 1546 322 1601 lldeliter
335 1558 440 1614 parcre
455 1541 590 1611 imperio,
607 1542 694 1610 etque
713 1555 767 1609 pro
783 1538 940 1592 stabilitate
955 1552 1027 1590 nos·
1082 1559 1170 1599 verso
1191 1547 1274 1613 parte
1297 1542 1426 1596 animum
1445 1539 1601 1609 ancipitem
1623 1539 1730 1603 tlectit;
1747 1538 1914 1610 vidensque

195 1637 239 1688 tra
254 1634 300 1688 vel
316 1633 407 1686 tetius
422 1629 535 1700 imperii
558 1645 575 1682 a
595 1628 656 1682 Deo
677 1628 764 1681 nobis
779 1626 876 1681 collati
891 1627 938 1679 vel
955 1641 1027 1680 oon·
1041 1587 1068 1650 Β
1082 1631 1284 1687 difficultatem
1299 1631 1421 1703 negotii,
1434 1629 1498 1684 sive
1515 1628 1603 1683 donet
1613 1627 1678 1682 sire
1689 1630 1788 1699 neget,
1801 1631 1915 1681 utrum·

195 1720 334 1776 servandi
350 1735 408 1774 une
423 1732 490 1772 cum
505 1718 584 1771 clero
601 1720 629 1769 ei
643 1714 752 1786 p0pu10
769 1714 827 1768 sibi
843 1712 978 1785 subjecto
994 1714 1028 1767 li·
1081 1736 1138 1793 que
1154 1720 1212 1774 sibi
1233 1720 1296 1775 iore
1315 1718 1518 1791 periculosum
1532 1716 1666 1771 advertit.
1683 1715 1715 1770 Si
1730 1714 1808 1770 enim
1826 1718 1916 1786 neget

194 1809 266 1864 bere
278 1805 719 1862 Deimisericerdiemexorare.
730 1802 765 1856 Et
773 1802 912 1873 quicquid
922 1801 1027 1856 exinde
1081 1809 1271 1878 imperatoris
1286 1807 1485 1862 benivolentia
1500 1805 1646 1860 offensum
1656 1804 1692 1857 iri
1705 1822 1712 1869 ;
1730 1803 1756 1858 si
1772 1818 1843 1857 vere
1859 1805 1915 1858 do-

172 1915 178 1925 ·
195 1898 290 1953 liaeus
301 1899 404 1952 noster
415 1895 535 1966 exigere
544 1896 667 1963 poterat,
680 1894 708 1945 in
720 1892 915 1945 luminaribus
930 1891 1027 1960 ipsius
1079 1902 1143 1967 net,
1161 1913 1224 1952 suae
1239 1897 1402 1967 provinciae
1418 1896 1544 1950 futurem
1561 1892 1734 1964 perniciem,
1757 1895 1856 1963 utpote
1872 1891 1915 1946 vi·

196 1987 343 2042 aeeeiesiae
367 1982 569 2039 concinnenda
592 1980 800 2051 perpetualiter
819 1979 1026 2033 concessimus
1079 1988 1174 2040 dualae
1191 1985 1334 2056 patronis,
1351 2001 1406 2055 per
1421 1999 1496 2054 quos
1512 1985 1540 2037 et
1549 1981 1741 2052 temporalem
1752 1981 1859 2035 meruit
1870 1997 1915 2035 gg.

194 2076 230 2129 ad
245 2074 423 2129 habendum.
442 2072 568 2140 insuper
587 2073 690 2123 nostre
709 2068 864 2139 largitione
885 2066 1024 2121 concedi·
1076 2073 1166 2128 lutem
1182 2079 1210 2128 et
1226 2075 1367 2129 celestem
1392 2075 1493 2142 sperat
1514 2070 1735 2126 beatitudinem.
1753 2069 1831 2124 luter
1846 2069 1912 2124 haec

193 2180 260 2218 mus
275 2161 389 2234 pretato
406 2160 547 2230 episeopo
562 2163 589 2212 ct
608 2156 841 2211 successorihus
857 2155 923 2227 eius
939 2169 1024 2209 omne
1076 2162 1190 2216 medius
1207 2161 1349 2232 pontifex,
1366 2161 1483 2216 tandem
1499 2159 1555 2214 sibi
1572 2158 1693 2228 provida
1709 2158 1823 2212 ratione
1838 2173 1913 2211 eon-

192 2253 340 2307 teloneum
357 2265 423 2303 eum
438 2250 554 2300 monete
569 2245 697 2299 civitatis
714 2261 777 2299 suec
788 2243 1023 2311 Cameracensis,
1076 2250 1177 2317 suluit,
1194 2251 1357 2321 paucisque
1373 2265 1494 2304 suorum
1510 2248 1620 2318 quibus
1641 2250 1756 2302 secreta
1770 2246 1911 2300 credebat

194 2356 228 2395 ee
244 2338 381 2393 videlicet
396 2341 508 2405 tenere,
531 2338 561 2388 ut
580 2350 686 2389 novem
701 2336 800 2403 partes
817 2333 1024 2402 episcoporum
1075 2338 1226 2408 abhibitis,
1240 2338 1315 2392 elam
1325 2339 1451 2392 duorum
1463 2336 1652 2391 sacerdotum
1667 2350 1803 2404 corpora,
1815 2335 1911 2389 sancti

193 2429 300 2483 usibus
315 2426 500 2495 deputontur,
517 2422 630 2476 decime
645 2437 717 2475 vero
733 2438 803 2492 pars
819 2421 854 2473 ad
872 2437 946 2474 usus
963 2420 1024 2473 ire·
1074 2427 1211 2480 videlieet
1226 2426 1379 2482 Teoderjcj
1397 2424 1539 2495 epismpi,
1557 2425 1664 2494 detque
1678 2439 1768 2493 supr-a
1783 2423 1912 2477 diximus

192 2519 270 2573 trum
286 2514 421 2585 ejusdcm
437 2511 679 2582 congregationis
694 2509 904 2579 perpetualiter
918 2510 949 2562 in
966 2508 1022 2562 ele·
1075 2515 1112 2584 (ι,
1134 2513 1189 2584 49),
1212 2520 1241 2569 et
1261 2515 1383 2570 alterius
1405 2514 1493 2584 cujus
1509 2529 1615 2567 nomen
1633 2512 1741 2566 oxcidit
1756 2509 1841 2581 (167),
1858 2512 1912 2565 de.

192 2605 308 2659 mosina
325 2606 425 2656 nestra
439 2599 582 2670 preficiat.
601 2600 747 2652 Praeterea
757 2598 973 2665 constituimus,
986 2611 1023 2650 ee
1037 2633 1063 2696 c
1075 2605 1162 2656 tectis
1174 2603 1343 2674 sepulchris
1354 2603 1466 2673 accepit
1480 2621 1486 2667 ;
1504 2601 1681 2671 feretrisque
1693 2599 1856 2655 honorifice
1868 2601 1911 2654 jn.

192 2695 260 2765 quis
276 2692 336 2745 dux
349 2690 394 2744 vel
411 2690 607 2757 cemesetque
619 2687 748 2740 vicarius
765 2701 818 2740 seu
835 2685 975 2756 quislibet
986 2701 1023 2739 ex
1076 2691 1184 2756 voluta,
1197 2707 1263 2745 cum
1275 2691 1385 2762 aliquot
1401 2692 1488 2744 etiam
1504 2690 1636 2744 articulis
1650 2689 1747 2742 saneti
1762 2688 1908 2757 hetberti,

186 2779 345 2852 judiciaria
358 2779 502 2847 potestate
514 2780 646 2829 nostram
656 2774 701 2828 rcl
713 2777 935 2828 antecessorum
949 2789 1021 2828 nes·
1069 2780 1245 2848 imperatori
1260 2778 1432 2850 concessit]
1448 2778 1529 2843 Quod
1546 2779 1572 2832 si
1588 2779 1655 2849 quis
1667 2777 1755 2831 latius
1766 2777 1847 2831 scire
1859 2777 1911 2831 dc·

190 2869 303 2923 trorum
318 2880 423 2936 regum
439 2864 549 2919 violate
560 2866 712 2934 presumat
725 2863 963 2916 constitutionem
972 2859 1020 2916 ¹⁹³·
1074 2868 1194 2936 siderat,
1212 2867 1319 2922 librum
1334 2884 1421 2938 quem
1439 2867 1598 2921 Fulberttis
1609 2867 1712 2920 docter
1726 2866 1909 2921 karissimus

189 2955 272 3021 Quod
287 2955 314 3010 si
331 2954 443 3022 iecerit,
466 2954 567 3006 causis
587 2951 739 3022 regalibus
761 2951 799 3005 sit
819 2951 977 3016 ebnoxiuS,
994 2954 1023 3004 ct
1073 2955 1108 3009 de
1125 2956 1183 3009 vita
1198 2957 1293 3010 saneti
1310 2956 1463 3023 hetberti,
1483 2955 1608 3026 jubente
1632 2955 1738 3008 domno
1764 2954 1907 3026 episcope

190 3043 313 3113 insupcr
327 3042 432 3096 solidis
449 3041 599 3095 sexcentis
620 3038 776 3109 culpabilis
787 3037 959 3109 judicetur,
974 3038 1020 3090 vi·
1073 3042 1216 3113 Generde,
1232 3044 1428 3114 inscripserit,
1445 3043 1533 3114 legat.
1549 3043 1612 3098 Hoc
1622 3046 1718 3097 eutem
1727 3045 1843 3114 absque
1855 3044 1907 3098 Dei

189 3132 295 3187 delicet
311 3133 342 3186 ut
356 3131 422 3184 duae
438 3132 537 3200 partes
553 3129 582 3183 in
598 3127 750 3181 archivum
762 3128 857 3196 ipsius
873 3127 1020 3180 aecclesiae
1073 3132 1118 3200 pie
1135 3132 1330 3201 dispositione
1351 3132 1515 3202 contigisse
1536 3147 1593 3186 neu
1614 3131 1719 3199 dicem,
1736 3147 1803 3185 eum
1819 3133 1907 3187 etiam

188 3220 387 3287 admittantur,
410 3223 437 3272 et
457 3218 574 3271 tertiam
593 3216 685 3271 fiscus
701 3214 812 3286 regalis
829 3219 931 3268 nester
946 3215 1019 3268 rcci-
1072 3220 1177 3274 boatus
1191 3221 1238 3274 vir
1253 3221 1368 3274 D0mini
1384 3221 1587 3274 Theodericus
1604 3221 1678 3274 hane
1694 3222 1908 3276 remuneratio.

187 3309 261 3378 piet;
285 3311 316 3361 ui
340 3307 439 3360 nulius
465 3305 521 3360 ieie
545 3305 614 3376 quid
631 3304 738 3358 audere·
755 3304 895 3371 deinceps
912 3318 1018 3373 prosu·
1072 3323 1138 3362 uem
1149 3325 1164 3361 e
1175 3309 1298 3363 Domine
1309 3312 1337 3363 ct
1347 3309 1565 3363 venerationem
1577 3325 1593 3362 e
1604 3308 1712 3378 popule
1730 3312 1905 3380 mercretur,

186 3398 256 3449 mat.
272 3395 355 3458 Quod
371 3395 410 3447 ite
431 3396 459 3446 ct
478 3409 533 3447 nos
553 3407 607 3461 per
621 3392 697 3446 hene
711 3395 841 3445 nestram
859 3391 1017 3444 auctorite-

187 3485 246 3537 tem
262 3482 482 3548 confirmemus
500 3485 529 3535 ut
544 3482 622 3534 sicut
636 3496 651 3533 a
667 3481 760 3533 beatae
771 3479 920 3532 memoriae
936 3481 1015 3532 ente-

188 3585 311 3627 eessore
331 3572 434 3624 nostre
454 3569 594 3639 predictae
615 3567 761 3622 aecclesiae
777 3567 914 3621 collatum
930 3571 1016 3637 atque

1072 3399 1099 3449 et
1108 3411 1143 3450 ne
1156 3399 1256 3450 nestra
1268 3395 1419 3466 provincie
1428 3397 1493 3450 suis
1503 3396 1711 3451 defensoribus
1721 3397 1905 3466 pr·iveretur;

1071 3499 1147 3553 ques
1158 3485 1244 3538 etiem
1255 3484 1281 3537 si
1293 3485 1460 3538 subducere
1472 3485 1569 3554 vellct,
1586 3485 1681 3539 fateor
1691 3484 1809 3555 quidem
1822 3486 1905 3540 nullo

1071 3571 1157 3626 modo
1175 3574 1286 3641 posset.
1303 3571 1395 3636 Quem
1415 3573 1492 3627 enim
1513 3588 1635 3627 sensum
1651 3574 1732 3628 cives
1748 3573 1905 3629 habituros

186 3658 333 3714 firmatum
349 3663 403 3722 cst,
421 3658 458 3710 ita
474 3657 613 3726 deinceps
630 3653 838 3710 invielabiliter
853 3669 1014 3709 conserve·
1071 3660 1242 3726 existimes,
1271 3661 1296 3712 si
1318 3661 1493 3716 advocatum
1513 3676 1599 3715 suurn
1615 3661 1906 3733 Geugerieumeripi

105 3786 108 3791 -
185 3750 240 3803 tur.
258 3747 294 3801 Et
308 3750 338 3801 ut
354 3746 418 3800 haec
434 3749 536 3799 nostre
551 3744 734 3799 auetoritasa
751 3743 888 3797 fidelibus
904 3746 1015 3798 sanctes
1071 3748 1128 3801 sihi
1144 3751 1313 3816 cernerent,
1329 3764 1383 3818 por
1406 3764 1492 3820 quem
1516 3749 1586 3802 felix
1602 3749 1707 3802 civitas
1722 3747 1905 3807 cameracus

186 3837 239 3890 Dei
254 3834 400 3890 eecclesiae
412 3837 440 3888 et
450 3833 562 3888 nestris
575 3833 675 3887 verius
687 3833 856 3902 certiusque
867 3831 1013 3899 credetur,
1069 3835 1193 3890 feliciter
1208 3836 1361 3904 illustrata,
1378 3852 1483 3891 nemen
1500 3853 1587 3891 suum
1602 3839 1775 3908 propagavit
1790 3839 1903 3910 ubique

183 3939 272 3979 manu
280 3923 399 3994 proprie
408 3922 523 3977 subiter
532 3937 596 3975 cam
605 3921 799 3989 firmavimus,
810 3923 837 3974 et
846 3920 933 3974 anulo
943 3935 1014 3972 nos·
1067 3925 1223 3994 gentium?
1240 3923 1330 3978 Immo
1346 3940 1382 3978 uc
1397 3924 1453 3993 ipsi
1470 3923 1588 3995 quidem
1604 3925 1783 3995 imperatori,
1796 3927 1900 3998 eredo,

182 4012 387 4084 trejussimus
399 4009 554 4083 insignari.
567 4009 690 4081 Signum
698 4009 812 4063 Ottonis
828 4008 1014 4062 serenissimi
1066 4012 1126 4065 vivi
1143 4012 1291 4066 cederent.

182 4102 275 4173 regis.
288 4101 387 4155 Brune
399 4099 595 4154 cancellarius
606 4098 642 4152 ed
653 4098 749 4152 vicem
767 4096 898 4151 lietberti
915 4093 954 4136 ¹2⁴
967 4113 1013 4150 ar·
1100 4097 1155 4172 [79.
1173 4099 1240 4169 (78.)
1254 4101 1334 4165 Quod
1345 4118 1375 4154 ιιι
1386 4101 1491 4156 sinodo
1501 4102 1577 4173 apud
1587 4101 1797 4174 anulcnhcin
1809 4105 1902 4158 testi-

154 4252 157 4267 ,
181 4189 375 4260 ebicapellani
392 4188 553 4260 recognovi
569 4184 617 4241 ¹25.
630 4187 715 4241 Anno
726 4187 893 4257 eregnanto
908 4185 1012 4240 Ottene
1063 4189 1160 4243 monio
1176 4194 1205 4243 et
1220 4189 1331 4244 auxilio
1350 4189 1490 4245 Fulberti
1503 4191 1650 4246 Arteldus
1666 4191 1851 4263 restituitur,
1870 4198 1901 4249 et

180 4280 375 4334 serenissime
391 4293 462 4349 rege
478 4280 536 4345 (an.
552 4274 626 4344 940).
644 4276 749 4330 Actum
765 4278 810 4329 est
830 4274 1010 4346 ingeleheim
1062 4277 1148 4349 Hugo
1162 4277 1323 4348 expellitur
1338 4278 1439 4348 (lineo.
1456 4296 1495 4348 iv,
1511 4278 1567 4348 35).
1585 4279 1669 4349 Apud
1688 4279 1898 4351 Engulenhein

179 4365 218 4410 ¹2⁶
232 4369 262 4421 in
277 4367 330 4421 Dei
345 4367 462 4420 nomine
477 4365 612 4419 feliciter.
630 4365 733 4418 Amen.
754 4388 764 4412 ι
1062 4365 1167 4420 sinodo
1179 4370 1369 4439 congregatae
1380 4383 1479 4422 eorem
1491 4368 1635 4422 ambobus
1648 4367 1899 4440 regibuS,0ttene

213 4455 268 4529 [le.
285 4455 352 4525 (Ἠ.)
366 4454 447 4520 Quod
453 4455 571 4524 petenti
586 4453 654 4524 regi
669 4457 801 4507 sanctum
814 4450 1008 4522 Gangeticum
1060 4453 1899 4524 videlieetetLuduwico,cumhlarinoRemanaesedisvi·

178 4553 208 4601 et
216 4542 536 4600 sanctumAetbertum
547 4543 700 4611 episcopus
707 4545 839 4594 sanctum
852 4538 1008 4593 Theoderi-
1059 4540 1428 4613 eeriounequectiemcum
1435 4544 1533 4599 multis
1541 4545 1727 4616 coepiscopis
1735 4545 1899 4604 rotbertus

177 4651 240 4690 cum
257 4639 286 4688 ct
301 4631 354 4687 elii
369 4632 428 4686 riri
441 4646 548 4701 corpus
562 4629 684 4684 contulit
697 4629 746 4697 (V.
758 4629 863 4697 Auth)
872 4627 937 4681 Otto
950 4626 1006 4681 iste
1058 4629 1190 4684 interfuit
1201 4632 1259 4700 (en.
1271 4630 1350 4700 948„
1362 4631 1517 4688 ubiseries
1530 4633 1589 4688 litis
1600 4649 1653 4703 pro
1665 4634 1816 4705 episcopio
1834 4637 1897 4692 lle-

175 4722 472 4793 gleriesusprinceps
482 4735 516 4774 eo
526 4722 657 4788 tempere
667 4717 744 4771 cirea
754 4716 964 4770 instructiones
972 4732 1005 4771 ac
1057 4719 1204 4772 mensium
1215 4719 1291 4773 inter
1302 4719 1455 4775 hrtoldum
1467 4725 1494 4775 ct
1507 4720 1663 4792 Hugenem
1683 4723 1821 4778 ventilata
1836 4727 1896 4781 est.

174 4813 408 4865 restaurationes
424 4807 628 4863 aecclesiarum
643 4806 1003 4875 exercebaturettentier3
1058 4806 1894 4884 Ubiverocumipschrteldus,absenthuidcmHugone
1945 4846 1948 4886 ;

172 4894 1004 4969 jamquequattuordecimpentificelismagnificentiaese·
1057 4895 1172 4963 aemulo,
1190 4911 1289 4950 coram
1302 4897 1426 4968 regibus
1442 4901 1470 4952 et
1481 4899 1619 4953 omnibus
1630 4899 1679 4969 qui
1693 4900 1817 4955 aderant
1829 4917 1893 4958 suae

820 5082 967 5145 VARIAE
991 5081 1236 5148 LECTIONES.

206 5263 246 5308 123
261 5266 344 5321 elcesi
361 5267 386 5348 l,
407 5268 433 5321 3.
455 5265 494 5308 let
510 5266 671 5338 Ruodpcrti
692 5265 794 5320 charte
812 5265 887 5338 erip.
904 5262 943 5308 ¹²5
954 5264 1086 5337 posthaec
1101 5268 1204 5322 charta
1220 5267 1385 5338 originaria
1401 5275 1478 5325 teste
1495 5269 1671 5329 Colrenerio
1687 5269 1776 5330 hahet
1794 5296 1803 5329 .·
1818 5271 1891 5331 itata
1941 5250 1948 5296 ἶ

171 5338 211 5391 ΙΙΙ
226 5337 289 5391 Kal.
306 5338 395 5403 lunii,
414 5354 490 5391 enno
506 5343 601 5392 autem
618 5339 654 5391 ab
671 5336 872 5392 lucarnatiene
888 5337 1003 5392 Domini
1019 5340 1246 5408 nongentesimo
1263 5340 1333 5408 XL,
1351 5341 1509 5397 indictione
1532 5344 1597 5398 Xlll
1659 5363 1700 5400 uec
1716 5352 1820 5401 uester
1840 5353 1892 5401 mi·
1941 5328 1948 5370 ¹

168 5426 225 5463 nus
240 5414 396 5463 accuratas
410 5409 519 5462 eurisit.
537 5409 599 5463 Sed
612 5410 643 5462 in
659 5408 708 5462 dic
724 5424 858 5462 eruerem
879 5409 980 5463 inesse
1000 5414 1124 5479 eportet.
1145 5409 1221 5464 Nem
1243 5409 1262 5463 4
1283 5410 1347 5465 Kal.
1365 5411 1431 5466 duri.
1452 5411 1520 5469 Otto
1534 5362 1744 5472 dees'ciartas
1759 5417 1843 5473 dedit
1859 5419 1890 5472 iu

168 5480 293 5535 civitate
308 5479 406 5549 Salac,
425 5493 516 5550 quere
533 5479 582 5534 die
596 5480 733 5551 sequenti
748 5494 805 5533 uon
816 5479 913 5550 potuit
927 5479 1003 5549 apud
1017 5479 1182 5551 Inpellieim
1200 5482 1327 5537 versari.
1343 5479 1382 5524 iii
1397 5483 1494 5556 ingele
1511 5485 1537 5540 l.
1554 5483 1591 5526 ¹²7
1608 5487 1693 5542 deest
1710 5487 1735 5542 l.

968 5645 1107 5712 NOTAE.

268 5810 278 5818 ο

198 5831 275 5910 (tei)
291 5832 425 5910 Retradi,
441 5832 607 5892 secundum
621 5828 780 5890 Melaeum.
797 5827 893 5890 Natal.
908 5828 961 5889 SS.
977 5827 1082 5906 Belgii,
1098 5832 1207 5910 ehug.
