3908 6112
149 278 211 345 1³5

597 275 734 340 GESTA
756 276 1018 346 Ponrlrteuu
1040 279 1422 348 OAMERACENSIUM.

1816 286 1876 350 las

152 485 196 558 git
219 486 316 537 autem
342 478 513 549 episcopum
534 493 587 547 pro
607 462 1028 534 000010010000000111011οΛ
1078 479 1122 535 31.
1152 481 1197 536 De
1224 484 1406 538 monasterio
1426 485 1523 538 sancti
1544 483 1652 539 Salvii.
1679 485 1742 541 Neo
1768 487 1874 555 procul

153 572 220 627 dine
238 570 315 625 sorte
330 584 383 639 per
398 569 472 622 hane
489 567 588 620 villam
604 567 761 622 transitum
776 568 884 637 tacere,
907 586 984 637 prro-

152 661 272 733 iatoque
288 657 385 713 abbati
400 656 534 712 lieduino
545 657 779 711 —comesenim
795 660 857 712 erat
871 657 986 712 itineris

152 750 368 805 -obscenam
392 746 605 802 monachorum
628 747 884 801 conversationem
909 746 987 800 indi-

155 853 235 893 care.
266 836 385 892 Salubri
414 837 511 904 etiam,
541 836 629 888 immo
658 835 834 905 competenti
862 835 986 890 consilio

154 927 290 982 hortatus
315 928 361 980 est
384 925 466 979 illum
490 927 530 993 ut,
555 923 582 977 si
597 939 672 994 quas
689 939 739 978 res
755 925 850 978 saneti
867 923 987 978 vedasti

153 1016 184 1070 in
200 1014 307 1069 vicinia
324 1013 460 1084 prelibati
476 1012 592 1066 cenobii
608 1012 738 1078 haberet,
766 1027 818 1067 eas
841 1012 987 1084 siquidem

41 1117 44 1125 ’
155 1119 209 1175 pro
234 1103 291 1159 hoc
314 1102 504 1169 monasterio,
531 1099 609 1170 quod
635 1100 692 1155 sibi
709 1102 986 1173 essotcontiguum,

157 1195 351 1261 conmutaret,
364 1190 500 1261 huncque
510 1184 551 1231 Ἀθ
561 1191 657 1244 locum
667 1205 721 1258 pro
730 1190 894 1260 conpendio
904 1194 988 1245 aeter·

155 1298 202 1337 00
218 1278 464 1336 remunerationis
488 1280 644 1334 meliorare
668 1282 826 1352 satageret.
843 1277 898 1344 Qui
914 1280 990 1334 inter

155 1370 327 1442 hujusmodi
350 1368 497 1439 colloquia
520 1369 632 1423 incerto
657 1367 754 1438 haesit,
771 1371 800 1424 et
815 1373 911 1424 tamen
926 1369 989 1424 acsi

156 1458 276 1514 difficile
291 1457 451 1514 recusavit.
465 1457 526 1512 Nec
547 1458 637 1511 multo
652 1462 720 1526 post
734 1463 830 1512 autem
848 1458 989 1529 temporis

156 1548 311 1603 intervallo
327 1547 421 1602 abbas
438 1546 597 1601 salubriter
614 1546 780 1614 consultus,
795 1547 870 1601 bene
886 1552 913 1602 et
929 1547 990 1600 dili·

1043 568 1113 623 bine
1128 569 1197 624 olim
1212 571 1330 641 quidem
1349 573 1444 626 sancti
1464 572 1581 627 Martini
1600 572 1777 640 aecclesiola,
1796 590 1875 629 nunc

1043 662 1140 712 eutem
1149 660 1359 713 monasterinm
1368 661 1538 715 canonicale
1546 661 1576 715 in
1587 662 1778 716 veneratione
1787 663 1875 717 etiam

1043 747 1138 800 sancti
1147 746 1237 801 Salvii
1249 748 1383 818 episcopi
1393 753 1421 812 et
1432 749 1561 804 martiris
1572 752 1697 804 constat.
1708 749 1729 822 [t
1738 750 1767 805 V.
1778 749 1875 821 Salv.)

1044 835 1112 907 Ipso
1138 851 1264 906 namque
1287 839 1418 906 tempore
1442 843 1565 893 sanetus
1584 837 1712 909 Salvius,
1728 840 1807 894 totus
1824 854 1873 894 su·

1044 939 1143 993 perure
1159 924 1260 994 patriae
1276 925 1404 995 inhianS,
1418 941 1508 982 causa
1519 926 1769 998 peregrinationis
1784 927 1874 982 habe·

1044 1029 1099 1067 nas
1113 1013 1232 1084 reliquit
1248 1014 1401 1084 episcopii,
1418 1014 1629 1086 protectusque
1647 1031 1785 1088 peregre,
1802 1031 1878 1088 prae·

1045 1101 1184 1156 dicationi
1200 1117 1320 1172 operam
1335 1103 1406 1157 dare
1421 1104 1578 1158 estimavit.
1601 1103 1693 1175 Igitur
1708 1104 1823 1159 deloco
1839 1105 1876 1159 ad

1044 1191 1141 1246 locum
1157 1191 1334 1262 procedens,
1351 1192 1476 1247 verbum
1490 1192 1543 1247 Dei
1557 1192 1665 1264 populo
1683 1192 1876 1265 suggerebat,

1046 1282 1074 1335 et
1103 1279 1229 1334 maxime
1262 1280 1511 1336 celebrationibus
1544 1281 1705 1335 missarum
1736 1281 1875 1335 instabat.

1046 1369 1156 1422 l'ernm
1179 1369 1229 1423 ubi
1250 1369 1286 1422 ad
1305 1368 1400 1439 ipsam
1420 1369 1558 1424 viciniam
1573 1370 1737 1439 deveniret,
1754 1385 1789 1423 ac
1804 1385 1879 1441 qua-

1047 1457 1113 1512 dam
1129 1457 1175 1512 die
1192 1458 1228 1512 de
1243 1457 1470 1512 valentianense
1488 1461 1575 1528 portu
1594 1457 1631 1512 ad
1652 1458 1748 1512 vicum
1765 1456 1879 1512 Conda-

1046 1550 1106 1602 tnm
1129 1547 1278 1615 transiret,
1299 1563 1316 1600 a
1340 1548 1467 1618 quodam
1487 1546 1629 1616 pestifero
1650 1546 1737 1601 factis
1760 1545 1880 1600 insidiis

157 1641 262 1709 genter
277 1635 463 1691 considerata
484 1636 689 1705 oportunitate,
706 1637 808 1689 notum
824 1635 892 1690 tecit
908 1637 989 1706 epis·
1047 1640 1161 1707 eaptus,
1187 1635 1216 1688 in
1237 1635 1371 1689 custodia
1387 1635 1539 1707 religatur,
1555 1635 1706 1706 raptisque
1722 1634 1903 1689 indumen·

158 1741 243 1796 copo,
269 1741 302 1779 so
326 1728 514 1779 executorem
538 1724 600 1777 lore
625 1724 805 1794 monitionis,
830 1725 856 1778 si
872 1725 908 1779 ab
924 1727 989 1795 ipso
1045 1725 1084 1779 tis
1109 1724 1347 1779 sacerdotalibus
1373 1727 1400 1778 et
1428 1723 1609 1778 ornamentis
1639 1722 1879 1793 episcopalibus,

157 1815 263 1869 abbate
279 1813 441 1867 Tooderico
458 1813 714 1867 commutationem
735 1814 891 1891 impetrare
908 1815 989 1869 vala·
1047 1829 1113 1884 quae
1129 1828 1231 1868 secum
1248 1816 1434 1882 portaverat,
1456 1812 1660 1867 obtruncatur.
1681 1810 1881 1883 Sepultusquc

158 1907 213 1957 ret.
231 1901 315 1956 Unde
334 1902 411 1956 letus
437 1903 608 1972 episcopus,
631 1903 770 1959 continuo
787 1903 899 1958 directa
914 1904 991 1976 lega·
1048 1918 1064 1956 a
1081 1903 1153 1956 viris
1168 1902 1320 1974 religiosis
1342 1902 1372 1955 in
1393 1900 1563 1972 supradicta
1579 1900 1673 1955 sancti
1688 1900 1807 1954 Martini
1820 1915 1881 1954 000-

158 1991 238 2047 11000
253 1990 388 2045 abbatem
403 1991 598 2046 Teodoricum
609 1992 737 2046 adorsus
748 1995 804 2062 est,
822 1997 990 2048 monstrans
1007 2009 1033 2070 B
1048 1990 1150 2059 clesia,
1167 1994 1236 2046 tunc
1252 1990 1287 2044 ad
1301 2004 1437 2061 praeseus
1453 1995 1481 2045 et
1495 1993 1598 2060 postea
1615 1990 1713 2043 multis
1733 1987 1880 2060 praeooni·

159 2081 264 2134 animae
279 2079 452 2149 perieulum,
465 2081 494 2134 ni
504 2083 635 2151 tempore
648 2080 706 2135 sibi
721 2084 901 2138 consuleret.
919 2083 991 2138 Cum
1047 2081 1181 2136 rantibus
1196 2079 1359 2147 miraculiS,
1376 2079 1477 2149 quanti
1499 2081 1528 2134 et
1541 2078 1637 2148 qualis
1653 2076 1749 2133 meriti
1765 2077 1882 2132 extitis-

159 2170 248 2241 longe
272 2172 353 2224 esset
377 2170 503 2238 positus,
528 2172 624 2225 locum
647 2173 827 2225 commutare
852 2172 990 2243 deberet,
1049 2175 1094 2225 set
1110 2169 1254 2240 apparuit,
1271 2173 1301 2222 ut
1316 2169 1490 2238 plenissime
1510 2168 1540 2222 in
1560 2167 1634 2221 libro
1651 2184 1713 2221 suae
1729 2165 1881 2237 passionis

159 2257 239 2330 quod
254 2257 280 2311 si
295 2258 394 2326 nollet,
410 2257 550 2331 adJ'uncto
574 2259 633 2314 sibi
657 2260 800 2315 Balduiuo
822 2261 991 2316 marchione
1049 2259 1224 2329 repperitur.
1242 2257 1325 2312 Unde
1340 2258 1481 2312 attonitus
1501 2257 1640 2327 princeps
1655 2255 1789 2328 regionis
1808 2255 1883 2309 llar-

64 2402 72 2414 ,
160 2347 254 2402 falsos
279 2347 441 2400 monachos
464 2347 635 2417 expelleret,
660 2349 815 2420 locumque
836 2351 993 2405 emendare
1049 2347 1242 2416 lomartcllus,
1259 2362 1312 2417 pro
1328 2345 1423 2401 salute
1438 2345 1543 2400 animm
1559 2345 1595 2399 dc
1609 2345 1675 2414 ipso
1690 2345 1765 2399 lisco
1777 2344 1883 2399 Valen-

161 2452 229 2491 cum
244 2436 323 2491 omni
338 2436 510 2490 anctoritate
525 2439 684 2508 satageret.
700 2437 797 2508 Super
812 2439 993 2511 quodnbbas
1049 2437 1184 2491 tianense
1213 2436 1298 2490 etde
1326 2435 1393 2497 aliis
1418 2435 1509 2489 rebus
1539 2435 1637 2489 locum
1665 2433 1884 2506 augmentavit,

160 2524 329 2595 conpetenti
345 2525 469 2580 consilio
487 2526 738 2594 usus,mandatis
754 2528 886 2599 episcopi
903 2529 992 2583 setis·
1050 2530 1258 2596 sumptumque
1287 2524 1511 2596 stipendiarium
1540 2523 1694 2593 deputans,
1721 2522 1884 2577 canonicos

161 2612 260 2668 iacere
276 2613 433 2682 estimavit,
454 2613 605 2685 rebusque
622 2616 716 2669 sancti
733 2616 864 2684 Vedasti,
881 2618 993 2688 quaein
1050 2613 1224 2686 constituit]

162 2717 216 2757 sua
238 2702 346 2755 vicinia
370 2702 591 2774 circumjacent,
613 2705 773 2774 susceptis,
795 2706 894 2760 villam
914 2707 993 2761 Hus—
1085 2697 1881 2773 39.ΠοΜο0000110.800010000000001000111001-

161 2807 248 2862 prum
267 2791 400 2845 Leduino
420 2792 519 2847 abbati
538 2793 715 2847 contradidit
734 2795 794 2864 (an.
815 2793 905 2866 1011).
923 2796 994 2850 llaec
1050 2794 1164 2862 bertus,
1184 2793 1337 2847 sanctitate
1354 2792 1536 2862 conspicuus
1557 2794 1586 2844 et
1607 2806 1665 2844 non
1685 2789 1800 2845 modice
1815 2803 1885 2858 pre-

162 2882 259 2935 autem
279 2881 467 2935 commutatio
490 2896 590 2936 coram
611 2881 752 2937 lietberto
773 2898 846 2956 rege
861 2885 994 2939 Franco·
1050 2882 1159 2949 dietus,
1182 2897 1217 2936 ex
1238 2882 1331 2951 patria
1351 2881 1548 2935 laudunense
1565 2879 1723 2948 decedens,
1740 2878 1771 2931 in
1785 2877 1884 2931 villam

162 2984 228 3024 rum
245 2984 403 3040 coramque
420 2970 588 3040 comitibus,
600 2970 743 3026 Balduino
754 2972 891 3027 videlicet
905 2973 994 3027 Flac·
1053 2971 1208 3027 Mareclies
1228 2969 1302 3041 (οΠ)
1324 2971 1419 3025 locum
1441 2964 1505 3024 su'ae
1521 2973 1631 3023 sanctae
1647 2965 1885 3023 conversationis

162 3057 317 3113 drensium
333 3062 361 3113 et
377 3058 505 3114 Ricardo
522 3060 798 3132 Rotomagensium,
811 3060 887 3116 tacta
898 3067 954 3130 est,
968 3065 995 3117 01
1053 3061 1160 3132 elegit;
1176 3059 1277 3130 ibique
1292 3059 1328 3113 de
1343 3059 1435 3113 rebus
1450 3058 1578 3128 propriis
1588 3063 1617 3113 et
1628 3056 1751 3130 praediis
1767 3069 1885 3110 monas·

163 3147 276 3202 eisdem
292 3146 582 3218 corroborata(t'l5).
598 3148 700 3203 Abbas
720 3150 816 3221 itaque
832 3150 994 3220 Leduinus,
1052 3149 1158 3204 terium
1183 3148 1213 3202 in
1237 3148 1427 3202 veneratione
1453 3151 1564 3202 sanctae
1593 3147 1645 3200 Dei
1674 3144 1829 3218 genitricis
1858 3144 1888 3198 ct

163 3242 195 3291 ut
210 3236 362 3291 edificator
377 3236 514 3292 videlicet
528 3237 665 3308 idoneus,
683 3239 781 3294 locum
797 3256 863 3294 cum
879 3257 995 3296 summo
1054 3241 1224 3293 sanctorum
1239 3237 1441 3308 apostolorum
1466 3236 1543 3290 Petri
1568 3238 1597 3290 et
1620 3235 1703 3289 Pauli
1723 3232 1887 3304 apostolica

165 3325 273 3393 studio,
289 3325 326 3379 ad
341 3325 456 3380 laudem
477 3330 505 3381 et
526 3329 745 3383 venerationem
761 3332 930 3384 sanctorum
946 3331 996 3401 qui
1054 3327 1226 3382 auctoritate
1246 3325 1412 3380 construxit
1432 3323 1516 3394 (278).
1538 3324 1669 3396 llluoque
1686 3322 1827 3377 tratribus
1849 3320 1887 3374 ad

165 3414 273 3468 ibidem
289 3415 456 3484 quiescunt,
474 3416 650 3484 emendavit,
668 3417 813 3489 novisque
828 3418 954 3473 edificiis
969 3422 998 3473 et
1054 3413 1421 3481 deserviendumstatutis,
1432 3413 1495 3483 ipse
1505 3414 1592 3468 etiam
1601 3412 1723 3467 Domino
1736 3410 1889 3474 serviens,

165 3501 296 3556 elaustro
312 3503 446 3574 regulari
461 3503 607 3575 insignire
623 3506 764 3560 exercuit.
1054 3507 1195 3560 virtutum
1210 3503 1306 3576 signis
1322 3506 1350 3559 et
1366 3503 1508 3557 doctrinae
1524 3503 1651 3573 vitesque
1676 3501 1788 3555 meritis
1813 3498 1888 3552 satis

200 3588 246 3644 30.
262 3589 306 3645 De
327 3589 519 3647 Valentianis.
537 3592 569 3647 ln
586 3596 685 3648 castro
703 3594 922 3651 Valentienensi
939 3613 999 3652 mo·
1014 3559 1040 3625 0
1055 3597 1154 3650 clarus
1170 3593 1297 3662 emicuit,
1311 3593 1410 3665 ibique
1419 3592 1551 3646 laborem
1560 3590 1652 3663 hujus
1665 3590 1731 3644 ritae
1748 3603 1887 3643 cousum-

167 3679 328 3734 nasterium
344 3683 390 3735 est
405 3681 624 3751 canonicorum,
642 3683 721 3753 quod
737 3683 881 3740 Arnulius
898 3701 998 3741 comes
1055 3702 1151 3754 mens,
1167 3682 1302 3753 sepultus
1327 3682 1355 3735 in
1380 3696 1452 3753 paco
1472 3680 1610 3753 quiescit.
1632 3679 1714 3732 Hanc
1740 3676 1888 3748 siquidem

168 3768 293 3823 consilio
317 3772 346 3823 01
370 3770 543 3825 anctoritate
566 3771 709 3826 liethardi
733 3773 864 3843 episcopi
880 3773 953 3845 (916)
970 3776 1000 3829 10
1056 3773 1202 3830 abbatiam
1217 3771 1331 3842 primus
1341 3772 1406 3826 Otto
1421 3771 1592 3840 imperator,
1608 3767 1740 3822 Heinrici
1755 3765 1838 3838 regis
1856 3765 1889 3819 11-

168 3857 280 3911 houore
303 3859 398 3911 sancti
423 3858 568 3914 lobannis
595 3860 734 3930 [laptistee
757 3864 932 3933 construxit,
950 3879 999 3918 re·
1056 3864 1114 3920 lius
1139 3860 1242 3931 (179),
1266 3865 1296 3914 01
1319 3860 1465 3931 inprime
1488 3859 1563 3913 libro
1583 3857 1671 3911 latius
1691 3855 1888 3927 digessimus,

167 3946 285 4016 busque
301 3961 355 4015 pro
370 3949 564 4016 oportunitate
576 3949 699 4020 collatis,
713 3951 867 4005 duodecim
879 3952 999 4007 canoni·
1058 3960 1189 4022 tempore
1206 3949 1336 4005 Fulberti
1355 3947 1488 4020 episcopi
1503 3945 1666 4001 habendam
1688 3945 1808 3999 tradidit
1823 3959 1890 3998 san·

110 4034 121 4057 ⁹
169 4049 222 4089 ⁰0⁸
237 4034 396 4106 9901118111·
1057 4046 1112 4098 ctae
1128 4041 1181 4096 Dei
1195 4039 1299 4094 matris
1315 4037 1461 4095 aecclesiae
1473 4035 1745 4092 Cameracensium.

817 4213 965 4276 VARlAE
987 4211 1232 4275 LECTIONES.

203 4311 245 4360 Μ
259 4317 396 4388 donoque
411 4314 436 4372 1.

972 4416 1110 4479 NOTAE.

205 4586 281 4655 (275)
303 4585 386 4638 Hanc
408 4585 665 4639 commutationem
686 4600 762 4640 anno
779 4583 847 4639 1011
862 4583 1006 4638 adscribit
1059 4601 1125 4639 rum
1140 4582 1254 4654 presul,
1275 4586 1386 4636 nostrae
1403 4581 1644 4652 congregationis
1661 4578 1892 4634 0010000100

171 4656 293 4713 Miraeus
308 4656 345 4710 ob
361 4654 494 4709 chartam
510 4655 644 4724 Leduiui,
658 4656 765 4710 editam
780 4657 809 4710 in
824 4654 897 4726 Opp.
915 4653 1007 4723 diplo-
1060 4654 1210 4722 Rorlomis,
1226 4668 1328 4707 mense
1342 4653 1484 4708 00000010
1500 4651 1530 4704 10
1546 4658 1649 4706 octava
1661 4649 1833 4722 rpiplrrnhe,
1847 4651 1893 4701 in-

171 4732 240 4783 mat.
254 4729 276 4792 l,
292 4725 355 4795 265,
372 4727 423 4781 ubi
438 4727 502 4781 haec
518 4726 545 4780 le
569 4731 677 4782 untur:
695 4725 834 4796 Principi
847 4726 1004 4780 aternita—
1060 4726 1191 4780 dictione
1206 4724 1385 4796 diequarte
1403 4723 1599 4779 serenissimo
1616 4738 1689 4804 rege
1708 4721 1892 4776 lv'rancorum

173 4799 328 4871 tis...qu
344 4797 496 4852 00001000
511 4744 638 4851 ahias...
657 4796 720 4851 Sed
739 4804 841 4852 nostro
862 4802 1002 4867 tempore,
1060 4796 1202 4866 lieberto,
1214 4811 1290 4850 0000
1300 4795 1420 4867 imperii
1429 4791 1721 4849 sui28.l'erumrllnd
1733 4790 1893 4872 quadrage

174 4870 280 4925 01000.
297 4869 436 4924 heumihi
451 4873 481 4924 et
498 4868 564 4921 veri
574 4865 726 4938 pontificis
745 4866 768 4921 Ι.
796 4866 828 4921 C.
848 4866 1006 4922 millesimo
1060 4869 1244 4937 simouperte
1257 4867 1432 4921 mendosum
1443 4867 1499 4933 est,
1512 4868 1539 4919 ct
1550 4864 1721 4918 mutandum
1736 4865 1766 4916 in
1780 4876 1893 4933 vigesi-

174 4940 401 5014 quadraqesimo
417 4943 531 5012 quarto,
550 4953 607 5008 per
628 4936 794 4992 Gerardum
812 4938 1005 4994 (3001000000-
1059 4955 1121 5001 mo;
1133 4955 1230 4993 annus
1241 4938 1319 4992 enim
1330 4937 1391 4992 28112
1400 4935 1521 4991 Huberti
1533 4935 1671 4996 cstlorm
1686 4949 1772 5004 porro
1783 4932 1894 4986 llober

173 5028 236 5068 sem
260 5017 289 5064 et
310 5011 544 5067 Atrebatensom
573 5008 738 5079 episcopum
770 5010 922 5080 quesitum
948 5016 1003 5075 est,
1060 5015 1109 5065 tus
1122 5009 1366 5079 archiepiscopus
1381 5006 1453 5062 obiit
1467 5023 1493 5060 a.
1512 5005 1591 5060 1001.
1605 5005 1750 5059 Warinus
1766 5023 1792 5058 a.
1813 5002 1891 5071 1000,

175 5083 334 5156 querendo
347 5089 434 5154 atque
448 5079 641 5134 retractando
655 5079 832 5134 alterutrum
847 5081 892 5135 sic
905 5095 1007 5153 perae·
1060 5086 1089 5136 et
1103 5081 1309 5136 Theodericus
1325 5078 1417 5132 abbas
1430 5076 1493 5148 jam
1510 5073 1893 5132 0010000001000.110010

175 5161 234 5210 tum
248 5160 306 5224 est,
323 5159 353 5208 01
371 5168 425 5208 nos
434 5149 718 5206 consilioseniorum
729 5157 759 5205 et
771 5150 932 5206 vicinorum
941 5167 1007 5207 nec·
1061 5143 1894 5224 18110000100000100000001001000000001101100101011

174 5242 231 5283 uon
242 5231 411 5281 nostrorum
421 5221 561 5291 fratrum,
576 5221 679 5277 cellam
693 5237 756 5294 quae
766 5221 879 5276 dieitur
889 5221 1005 5293 Haspra
1061 5237 1131 5278 esse
1147 5221 1268 5287 statuit;
1283 5220 1386 5345 eth'am
1400 5218 1533 5275 lacobus
1548 5219 1585 5275 00
1595 5217 1696 5274 Guisin
1713 5216 1849 5273 cumdem
1866 5233 1892 5270 a.

174 5292 469 5353 acomitelliohardo
480 5299 509 5347 et
524 5292 685 5349 Teodorico
692 5292 802 5349 abbate
815 5292 1005 5348 Gemeticen·
1061 5292 1130 5349 1001
1144 5293 1233 5348 tradit
1246 5292 1295 5361 (cd
1334 5291 1409 5346 ertia
1424 5288 1474 5358 lx,
1491 5288 1565 5361 916).

174 5370 219 5424 sis
233 5365 361 5424 cenobii·
380 5363 455 5421 dono
470 5364 680 5435 acciperemus,
694 5364 760 5436 quia
779 5363 905 5419 vicinior
920 5363 1007 5419 nobis
1096 5362 1170 5434 (176)
1186 5363 1280 5487 Igitur
1295 5362 1372 5417 intra
1387 5377 1481 5415 annos
1496 5358 1626 5416 979995.

175 5444 259 5504 erat;
279 5436 338 5508 ipsi
355 5450 465 5507 quoque
480 5435 641 5506 Applicurt
663 5434 809 5491 cellullam
833 5435 1006 5490 viciniorem
1097 5432 1350 5502 (rennuentes.

173 5506 726 5576 010100010000001100000001001001.
739 5505 844 5561 Testes
858 5506 946 5578 hrp'us
957 5507 1007 5561 rei
1097 5506 1174 5576 1018)
1188 5505 1232 5559 Ct.
1250 5522 1269 5572 ι,
1287 5504 1331 5573 dl,
1343 5505 1415 5558 Acta
1426 5503 1479 5559 SS.
1495 5503 1592 5575 Belgii
1607 5502 1656 5570 IV,
1674 5500 1736 5556 ll'l.

174 5581 314 5636 fuerunt:
333 5575 619 5648 Richa’rduscomes,
637 5579 686 5660 qui
704 5578 925 5634 donationem...
944 5577 1004 5631 Ro·
1095 5577 1169 5649 1919)
1184 5576 1257 5631 Erat
1268 5579 1390 5645 00010ος
1405 5590 1496 5646 supra
1510 5575 1598 5640 enim,
1615 5590 1638 5641 1,
1652 5572 1696 5640 68,
1713 5572 1778 5644 ipse
1793 5585 1894 5626 narru-

173 5651 280 5707 bertus
290 5648 394 5705 archia
413 5649 530 5720 iscopua
540 5648 721 5722 traterepus.
738 5647 910 5705 Richardus
925 5644 1006 5703 tilius
1061 5648 1103 5703 vit
1116 5647 1255 5703 Curetum
1269 5661 1452 5720 regemeam
1470 5642 1632 5701 tradidisse
1647 5642 1797 5715 Stephane
1813 5641 1895 5712 epis-

175 5665 1006 5792 menardi.minuamurotarwmnussselmco-
1061 5734 1147 5792 copo,
1164 5716 1316 5776 0000911.
