3900 6112
104 228 169 290 357

532 199 660 294 unna
674 233 730 293 uu
747 232 915 296 nessus
927 233 1132 298 anvnnru
1149 235 1414 302 ramrnnrro.

1776 246 1837 309 358

105 424 243 497 ptarhoe
253 425 361 481 habent
371 427 514 483 honorem
524 432 638 500 patrum
650 431 679 485 in
690 431 747 486 hoc
756 432 834 502 quod
847 437 945 502 patres
960 415 989 475 Α
1005 433 1122 489 tualem.
1137 433 1207 489 Etsi
1220 435 1300 490 licus
1316 437 1442 494 dixisset
1456 444 1558 496 nostro
1570 442 1656 513 Mosi,
1669 444 1746 499 sieut
1760 446 1833 501 dixit

108 513 254 568 dicuntur
268 515 306 569 ad
321 514 390 570 illos
404 519 550 572 converti.
569 517 643 573 Cum
660 535 744 591 ergo,
762 521 879 575 domine
896 522 945 588 mi,

109 602 160 657 etii
176 603 279 657 nostri
295 607 437 659 venerunt
448 610 603 676 autequam
625 623 680 662 nos
691 608 725 661 ad
744 607 829 661 iidem
842 609 904 677 ilci,
921 610 945 661 si

109 690 200 745 eorda
227 694 329 746 nostra
345 696 555 748 convertantur
575 694 610 748 ad
634 695 721 762 lilios,
740 695 828 749 eorda
844 710 944 750 corum

106 782 325 834 convertentur
335 779 370 833 ad
378 796 445 836 noe.
458 780 494 835 Et
503 782 581 836 sieut
589 783 661 837 dicit
670 783 751 837 Deus
762 783 942 838 altissimus:

108 888 120 915 ι
134 864 468 939 Eruntpopulusunus,
478 870 594 925 animus
604 887 680 925 unus
700 873 729 924 in
741 872 800 926 ileo
810 871 944 942 glorioso

107 959 136 1010 et
151 955 492 1027 victoricsctSuplr.n1),
512 960 604 1030 aquia
619 975 678 1016 non
692 960 945 1014 dehemusintelli-

106 1058 178 1115 gere
195 1043 278 1097 illam
293 1045 532 1116 conversionem,
547 1047 608 1102 nisi
622 1048 658 1102 de
674 1047 845 1102 iulidclitate
860 1049 895 1102 nd
912 1050 942 1101 li-

107 1131 172 1187 dem
187 1137 219 1185 et
235 1132 401 1187 doctrinam
414 1134 494 1188 iilius
509 1135 597 1204 Justi,
614 1136 663 1207 qui
675 1139 722 1190 ost
732 1136 876 1208 Magister
891 1153 942 1190 sa-

107 1220 173 1275 lutis
186 1235 295 1275 eorum
312 1221 364 1291 qui
378 1223 502 1276 credunt
518 1223 548 1277 in
571 1238 623 1293 ec,
641 1227 670 1278 ct
685 1226 848 1279 secuudum
864 1226 943 1296 qnod

107 1307 177 1363 dixit
190 1307 290 1363 David
304 1309 340 1363 de
355 1325 401 1364 eo.
416 1309 485 1379 lpse
500 1315 546 1366 est
557 1311 646 1383 cujus
662 1314 860 1367 sacerdotium
877 1314 940 1379 erit,

109 1397 273 1453 eorundum
281 1396 415 1453 ordinem
423 1398 642 1455 Melchisedech
654 1401 683 1454 in
692 1407 836 1456 aeteruum
846 1402 941 1471 (i’sal.

109 1486 235 1556 estqui
244 1485 352 1541 obtulit
360 1486 539 1543 sacrificium
549 1489 635 1557 panis
646 1493 674 1543 et
688 1490 748 1543 vini
761 1489 849 1557 (Gen.
869 1498 940 1560 xiv),

111 1577 136 1627 et
149 1571 375 1629 Melchisedech
386 1575 530 1631 sacerdos
545 1576 597 1631 Dei
606 1578 744 1632 altissimi
753 1582 819 1632 ante
832 1579 941 1633 ilar-on.

113 1659 286 1730 Btattcnde,
303 1662 421 1717 domine
437 1664 487 1732 mi,
513 1668 621 1735 quanin
637 1666 676 1720 sit
691 1665 855 1721 differentia
867 1668 942 1722 inter

60 1758 64 1839 ι
114 1749 289 1805 sacheium
311 1751 411 1805 Aaron
434 1756 463 1806 ct
481 1753 560 1807 Justi
584 1754 672 1809 istius
688 1754 815 1810 Domini.
835 1776 845 1805 ι
864 1756 982 1820 DixitB

115 1836 250 1893 hominm
258 1838 384 1894 Domino
400 1855 481 1895 mec:
495 1841 538 1895 Tu
553 1857 587 1897 es
603 1843 746 1897 sacerdos
758 1845 788 1897 iu
798 1847 940 1898 aeternum

116 1924 199 1995 (rui.
208 1930 283 1998 cix),
301 1950 314 1977 ι
330 1943 389 1983 uon
403 1928 440 1983 ad
452 1932 567 2000 tempus
588 1931 665 1986 sicut
676 1931 787 1999 Aaron,
799 1932 850 2003 qui
865 1948 941 1986 mor-

118 2018 175 2071 nu
189 2014 246 2069 tuit
260 2015 491 2087 viginticeutum
501 2033 657 2074 annorum.
668 2019 748 2085 item,
761 2021 942 2074 sacrificium

120 2102 205 2158 daron
229 2102 353 2159 luerunt
376 2121 494 2177 earnes,
521 2111 549 2162 et
566 2109 747 2163 sacrificium
769 2108 849 2163 illius
865 2109 943 2163 lusti

122 2190 223 2247 domim
250 2191 308 2248 tuit
331 2195 417 2264 panis
441 2196 469 2249 et
489 2196 590 2249 viuum
618 2196 782 2251 secundum
806 2197 942 2252 ordinem

124 2279 341 2336 Melchisedech.

148 2367 297 2440 inquibus
305 2370 408 2425 verbis
420 2371 805 2444 Dominusperl‘rophctam
815 2375 944 2429 ostendit

123 2458 264 2513 maiiesto
286 2459 426 2530 quoniam
451 2462 632 2516 sucrificium
659 2465 757 2517 Aaron
788 2463 941 2530 liniretur,

123 2546 222 2615 qundo
248 2548 395 2618 inciperet
418 2549 490 2603 illud
515 2551 696 2605 sacrificium
722 2552 750 2604 in
778 2556 940 2621 oeicruum3

124 2634 184 2704 quod
198 2635 337 2691 liniretur
351 2637 469 2708 quando
480 2639 623 2708 inciperet
633 2641 811 2694 sacrificium
821 2642 850 2694 in
868 2657 942 2710 pane

123 2723 223 2779 etviuo
239 2724 421 2780 aeternaliter
435 2727 618 2797 duraturum,
634 2745 701 2782 cum
715 2732 813 2784 Aaron
829 2746 888 2784 nou
904 2732 944 2784 sit

124 2809 940 2885 tataaeternitasinsacordotio,sicutisaccrdotiChristo.

124 2898 216 2957 Deillie
226 2900 299 2957 liliis
307 2902 471 2957 dicitetiam
481 2903 822 2975 Deusperosprophctae
834 2908 942 2976 Mosis,

122 2987 297 3060 (deutxxxr)
310 3007 316 3046 :
329 3012 340 3038 a
357 2990 537 3063 Sanguinem
545 2992 672 3048 filiorum
684 2996 845 3050 ulciscetur
862 3000 891 3050 et
902 2997 942 3050 la·

120 3079 182 3133 ubit
194 3084 308 3133 terram
320 3080 420 3150 populi
430 3081 487 3135 sui.
499 3104 510 3128 ·
525 3080 633 3151 Etnos,
643 3082 770 3151 domine,
779 3085 942 3140 occidimus

118 3167 284 3237 prophetas,
301 3171 331 3222 et
344 3184 403 3224 nou
419 3169 488 3225 lecit
509 3171 667 3227 vindictam
683 3173 719 3227 do
745 3174 798 3241 eis,
816 3173 876 3227 uisi
890 3190 943 3243 per

117 3257 297 3328 reptuaginta
307 3272 403 3313 annos
412 3273 421 3327 ς
431 3259 484 3314 sed
496 3261 660 3315 cecidimus
671 3261 942 3331 Apostolosetlus·

114 3346 162 3399 uu
177 3344 362 3416 Magistrum
376 3361 488 3415 corum,
505 3351 535 3402 ot
549 3348 619 3403 lecit
634 3349 715 3404 Deus
730 3349 890 3405 vindictam
905 3352 941 3406 dc

62 3500 64 3511 Ι
113 3431 183 3488 lliis.
196 3434 266 3488 dam
277 3438 349 3488 sunt
359 3435 437 3490 mille
452 3438 532 3505 anni,
550 3441 579 3492 ct
590 3437 677 3493 ultra.
696 3437 732 3493 Et
751 3454 804 3509 per
818 3445 940 3495 mortem

110 3522 239 3592 ipsorum
255 3521 328 3576 lavit
342 3523 422 3578 Deus
436 3527 548 3580 terram
566 3527 666 3597 populi
677 3528 735 3597 sni,
751 3532 780 3584 et
795 3545 852 3583 non
869 3529 940 3584 dixit

109 3614 211 3666 terram
234 3612 366 3667 illiorum
389 3613 491 3669 lsrael.
508 3615 551 3670 De
575 3615 649 3684 ipsis
671 3617 757 3671 etiarn
782 3618 852 3672 filiis
868 3619 941 3673 dixit

110 3699 199 3755 llarid
218 3701 251 3756 in
272 3701 389 3771 psalmo
404 3704 567 3758 centesimo
583 3705 697 3762 decimo
713 3709 808 3761 sexto.
827 3728 838 3757 ι
856 3706 939 3761 Sicut

108 3790 221 3861 sagittae
231 3790 265 3843 in
276 3804 363 3845 manu
372 3792 512 3862 potentis,
524 3793 562 3845 ita
574 3793 746 3850 ldiilideles.
761 3819 772 3842 a
784 3795 941 3865 Compar-nt

109 3879 180 3933 euim
192 3877 344 3948 Propheta
359 3878 428 3934 illos
437 3880 516 3936 illios
525 3881 629 3935 iideles
640 3884 758 3954 sagittis
767 3884 889 3939 emissis
904 3886 939 3939 de

109 3980 191 4021 nanu
207 3966 351 4038 potentis,
368 3967 437 4038 quia
455 3969 535 4023 Deus
546 3971 731 4041 omnipotens
745 3972 825 4027 misit
839 3988 892 4027 cos
903 3973 938 4027 ad

110 4054 936 4130 duodeciumportesmundiperquutuormuudiclimata,

111 4143 206 4200 fideles
222 4145 281 4199 hos
298 4145 375 4201 tilios
391 4162 457 4201 cum
480 4149 613 4202 doctrina
633 4148 734 4220 Legis,
758 4151 890 4205 Psaltorii
907 4157 934 4205 et

1003 537 1056 591 per
1070 538 1104 576 os
1115 523 1206 577 David
1217 524 1336 579 Messioe
1346 527 1409 579 sive
1421 527 1538 582 Christo
1551 546 1557 582 ι
1568 529 1719 587 Tuvenies
1731 550 1832 589 sacer-

1002 610 1057 664 dos
1074 611 1102 664 in
1119 615 1260 666 aelernurn
1277 615 1440 670 seeundum
1458 616 1552 687 legem
1565 619 1656 674 Musis
1677 624 1705 675 et
1722 624 1831 694 Aaron,

1002 701 1093 752 staret
1109 700 1154 753 illa
1173 701 1233 767 lcx;
1251 701 1304 756 sed
1315 703 1388 756 dixit
1404 719 1409 758 :
1430 725 1441 751 a
1459 704 1501 758 Tu
1519 709 1833 766 essaeerdosinaeter-

1000 802 1069 840 num
1085 788 1248 842 secundum
1258 791 1391 846 ordinem
1403 792 1622 849 Melchisedech
1634 796 1806 869 (Pselcrx).
1818 821 1830 851 ι

1000 873 1034 927 m
1051 879 1163 931 anricus
1176 878 1228 932 ilci
1246 880 1474 935 communicavit
1489 881 1525 936 de
1541 884 1687 938 sacrificio
1704 887 1789 955 panis
1804 893 1832 944 et

999 963 1073 1031 vini,
1098 969 1126 1019 ct
1150 982 1208 1021 uon
1230 967 1266 1021 do
1287 968 1434 1024 saci-idcio
1458 970 1600 1025 carulum.
1624 972 1668 1026 nd
1685 973 1740 1028 hoc
1757 975 1831 1031 bene

1000 1057 1085 1106 sonat
1100 1055 1222 1108 verbum
1235 1056 1337 1124 Masis,
1355 1073 1422 1111 cum
1436 1058 1528 1114 dixit:
1549 1081 1558 1110 a
1572 1059 1738 1118 Comedctis
1751 1065 1830 1119 vetu-

999 1141 1132 1195 stissima
1147 1147 1280 1199 votorum
1292 1145 1376 1214 (Lcr.
1389 1148 1480 1216 xxvi),
1496 1169 1507 1195 »
1524 1164 1578 1218 per
1596 1151 1674 1219 quod
1695 1151 1833 1224 intelligit

999 1229 1179 1283 sacrificium
1189 1230 1418 1288 Melchisedech.
1435 1234 1469 1289 Et
1481 1237 1586 1291 iterum
1604 1253 1610 1292 :
1629 1236 1663 1292 Et
1678 1241 1764 1295 novis
1780 1257 1831 1296 su·

999 1319 1250 1386 pervenientibus,
1269 1322 1296 1375 id
1313 1327 1368 1392 cst,
1381 1339 1466 1378 novae
1483 1325 1558 1396 legis
1575 1327 1723 1383 sacriticio
1740 1331 1831 1398 publi·

1000 1411 1074 1472 cato,
1091 1411 1204 1478 vetera,
1229 1410 1345 1465 scilicet
1369 1417 1469 1466 vestra
1492 1414 1638 1469 sacriilria
1655 1416 1828 1488 projicietis.

1000 1495 1063 1548 Nos
1079 1500 1175 1551 tamen
1191 1497 1243 1551 Ilei
1259 1513 1363 1553 sumus
1380 1500 1407 1552 ia
1424 1503 1502 1555 omni
1514 1503 1650 1559 adventu.

1305 1586 1431 1642 CAPUT
1455 1590 1521 1645 XX.

999 1673 1042 1728 Dc
1063 1674 1275 1745 reprobatione
1293 1676 1437 1731 sacrificii
1452 1678 1633 1750 dedecorum,
1650 1687 1679 1737 et
1697 1682 1734 1738 de
1749 1683 1829 1740 elec-

1158 1746 1238 1801 tione
1249 1749 1430 1801 sacramenti
1447 1748 1694 1808 Christianorum.

1034 1834 1145 1903 Timeo,
1163 1835 1281 1890 domine
1298 1836 1345 1906 mi,
1359 1836 1435 1907 quod
1452 1838 1532 1893 liras
1549 1839 1636 1910 ejecit
1646 1858 1701 1897 nos
1718 1859 1732 1895 a
1752 1858 1785 1897 se
1801 1848 1829 1898 ct

998 1923 1177 1977 sacrificium
1188 1927 1331 1993 nostrum,
1349 1929 1376 1980 et
1392 1928 1554 1996 acceptavit
1566 1931 1744 1985 sacriticium
1754 1948 1828 2002 gen-

998 2013 1080 2082 tium,
1092 2014 1169 2067 sicut
1183 2013 1256 2068 dixit
1274 2030 1326 2085 pcr
1341 2031 1375 2069 cs
1387 2016 1541 2073 Malachiae
1558 2033 1564 2074 :
1584 2040 1595 2068 ι
1613 2019 1681 2075 Non
1696 2025 1742 2076 est
1758 2020 1829 2076 mihi

999 2100 1135 2156 voluntas
1152 2102 1180 2156 in
1195 2102 1293 2170 vohis,
1311 2103 1383 2157 dixit
1402 2104 1561 2177 Dominae,
1578 2123 1673 2180 acque
1689 2110 1830 2180 accipiam

998 2189 1177 2244 sucrificium
1190 2194 1332 2262 vestrum,
1342 2194 1522 2263 quoniamah
1534 2200 1599 2251 ortu
1611 2197 1829 2269 sclisusquead

997 2293 1136 2332 occasum
1154 2278 1221 2349 ejus
1238 2296 1377 2351 uraguum
1393 2287 1439 2337 cst
1453 2298 1560 2338 acmen
1574 2299 1671 2339 meum
1691 2286 1721 2339 ia
1735 2286 1829 2358 genti·

998 2369 1072 2434 hus3
1089 2383 1156 2438 quar
1172 2366 1337 2422 olleruntin
1349 2370 1467 2424 nornine
1483 2387 1547 2427 meo
1564 2373 1830 2428 sacrificiummun·

997 2456 1066 2509 dum
1078 2455 1160 2524 (Mal.
1170 2473 1199 2515 r.
1211 2479 1221 2501 υ
1235 2454 1313 2528 Ergo
1323 2457 1398 2528 opud
1408 2458 1499 2513 llenrn
1508 2460 1686 2514 sacrificinm
1697 2462 1829 2534 gentium

997 2548 1043 2598 cst
1059 2544 1197 2598 mundius
1208 2562 1294 2616 «priami
1307 2546 1485 2601 sarrilicium
1498 2552 1641 2603 nostruin.
1656 2550 1690 2603 m
1704 2550 1828 2622 insuper

997 2634 1065 2703 quin
1082 2633 1162 2687 licus
1177 2634 1303 2703 privarit
1329 2651 1384 2688 nas
1399 2636 1476 2688 ouini
1492 2638 1639 2692 sacriticio
1658 2640 1781 2709 mundo,
1800 2645 1828 2694 ct

997 2721 1070 2775 alias
1084 2722 1198 2775 docens
1219 2721 1416 2792 Christianos,
1433 2729 1464 2777 ut
1488 2725 1546 2795 ipsi
1561 2726 1688 2781 vitarent
1710 2743 1775 2796 nos,
1791 2743 1828 2782 ne

998 2811 1279 2882 contaminarentur,
1297 2811 1374 2866 sicut
1388 2829 1443 2867 nos
1460 2813 1619 2869 vitavimus
1636 2817 1829 2888 gentosornni

998 2904 1130 2969 ternpore
1147 2901 1827 2975 quosaerificiumnostrumsnitmundumapud

999 2988 1090 3041 Deum
1107 2993 1135 3042 ot
1146 2993 1308 3060 acceptum.

1033 3077 1126 3131 litium
1144 3081 1183 3147 tu,
1208 3079 1324 3132 domino
1343 3080 1392 3143 mi,
1419 3080 1496 3133 nosti
1520 3080 1588 3151 quid
1605 3081 1682 3135 dicat
1698 3082 1776 3137 Deus
1791 3082 1827 3137 dc

997 3170 1101 3221 nostro
1118 3166 1264 3221 sacrificio
1280 3182 1346 3221 cum
1366 3167 1404 3221 ait
1421 3184 1473 3237 per
1493 3184 1527 3222 os
1543 3168 1634 3222 David
1651 3168 1801 3240 prophetae
1818 3187 1825 3227 τ

1000 3255 1161 3327 «Nunquid
1173 3254 1449 3326 vidistis,vcs,qnod
1462 3272 1518 3328 ogo
1530 3257 1643 3313 comedi
1655 3262 1827 3315 carnestau·

998 3361 1109 3413 rorum,
1122 3349 1150 3398 ct
1161 3343 1312 3398 hircorum
1323 3344 1499 3416 sanguinem
1508 3345 1640 3401 hiberam
1650 3347 1804 3419 (Psalnxl‘l
1812 3374 1822 3398 a

998 3432 1826 3505 Perquodmunilcstatllcusquodipsecondemnatcar-

996 3523 1076 3577 nium
1096 3522 1287 3578 sacrificium.
1309 3520 1344 3576 Et
1362 3522 1439 3577 unde
1457 3526 1502 3577 cst
1515 3525 1613 3595 nohis,
1638 3526 1756 3581 domine
1775 3528 1825 3599 mi,

997 3614 1074 3685 quod
1094 3629 1148 3668 nos
1167 3611 1349 3668 detestamur
1359 3612 1388 3665 in
1399 3613 1538 3683 gentibus
1549 3614 1727 3669 sacritlcium
1741 3616 1827 3687 panis

996 3708 1024 3759 et
1040 3702 1111 3771 viui,
1127 3703 1205 3774 quod
1218 3702 1318 3757 statuit
1328 3701 1490 3770 Deua,otin
1501 3702 1581 3757 nullo
1595 3703 1742 3773 reprobat,
1750 3704 1828 3761 sicut

995 3794 1134 3863 reprobat
1154 3790 1334 3846 sacrificium
1354 3792 1500 3860 carnium,
1526 3807 1592 3845 curn
1607 3792 1744 3847 Salomon
1760 3793 1826 3849 des-

996 3883 1090 3937 cribat
1110 3881 1181 3935 illud
1204 3881 1317 3946 Aaron,
1342 3879 1445 3934 dicens
1463 3896 1469 3934 ι
1487 3879 1562 3950 lste,
1584 3880 1697 3937 scilicet
1716 3883 1826 3954 Aaron,

996 3970 1126 4026 extendit
1141 3985 1245 4023 manns
1258 3985 1329 4023 snas
1339 3984 1430 4040 super
1440 3969 1540 4039 altare,
1554 3973 1581 4024 et
1590 3971 1693 4025 obtulit
1703 3973 1827 4044 sangui·

994 4076 1061 4114 acm
1078 4076 1154 4128 uvae,
1167 4063 1194 4113 et
1211 4060 1364 4112 incensum
1381 4059 1441 4112 Deo
1457 4058 1535 4128 vivo,
1551 4062 1579 4113 et
1593 4059 1698 4114 obtulit
1713 4060 1827 4116 sacrill·

995 4151 1071 4202 cium
1088 4147 1265 4202 nostrumdo
1281 4147 1382 4217 granis
1398 4149 1495 4214 terrae,
1512 4146 1588 4200 sicut
1604 4144 1825 4203 Melchisedech

112 4232 332 4305 Prophetarum.
349 4237 453 4291 Mosen
464 4239 560 4292 autom
571 4242 599 4291 et
615 4240 713 4293 Aaron
722 4256 779 4294 non
790 4240 870 4294 misit
885 4257 934 4294 ox·
950 4240 977 4301 D
994 4238 1098 4293 obtulit
1109 4254 1162 4307 pro
1175 4237 1323 4291 Abraham
1333 4234 1439 4303 (Eceh.
1450 4235 1486 4303 n).
1498 4234 1634 4288 Declarat
1646 4235 1726 4290 Deus
1737 4237 1828 4290 saeri-

114 4325 150 4379 tra
163 4325 283 4379 domurn
298 4330 431 4380 sanctam
446 4327 482 4380 ad
497 4327 671 4397 docendum,
689 4329 757 4399 quia
772 4344 830 4383 non
845 4331 880 4385 ad
890 4331 935 4384 ln-

63 4408 65 4443 ³
117 4414 194 4487 tiara,
211 4418 347 4487 Romam,
366 4433 421 4473 uec
436 4418 471 4472 ud
487 4418 544 4472 alia
559 4419 623 4473 loca
639 4422 720 4472 extra
735 4422 844 4473 terram
855 4436 939 4475 sunr-

118 4508 175 4575 lam,
190 4507 271 4562 misit
280 4522 335 4562 eos
350 4508 525 4562 annuntiare
537 4507 699 4561 doctrinam
715 4508 805 4580 Legis
822 4513 849 4565 ct
865 4509 937 4563 Pro·

120 4592 273 4665 pictarum,
290 4597 345 4651 sed
359 4596 408 4651 isti
423 4595 528 4651 ildeles
543 4596 595 4650 lilii
610 4597 655 4651 sic
665 4596 841 4667 projectivel
853 4597 937 4652 missi

122 4686 350 4750 perunit-orsum
366 4685 521 4753 muudum,
546 4690 742 4740 surrexerunt
762 4701 862 4741 coram
877 4688 938 4741 Deo

124 4766 177 4828 loeo
190 4774 298 4839 nostri,
313 4779 471 4845 postquam
481 4774 563 4828 Deus
574 4774 681 4830 occidit
694 4773 785 4829 lsrael
797 4777 938 4830 etuomen

123 4866 257 4931 mtrem,
274 4862 355 4933 quod
379 4864 454 4918 bena
476 4863 571 4917 innuit
589 4862 683 4917 David
699 4864 729 4917 in
742 4863 856 4934 psalmo
872 4880 938 4918 cunr

124 4946 193 5005 dicit:
206 4950 560 5020 «Propatribustuisnuti
572 4956 641 5006 sunt
650 4952 701 5006 tihi
710 4952 938 5019 dlii,eonstitues

123 5039 245 5095 eoeiilios
256 5040 755 5111 recesetpnncipss(1³sai.xuv),··
767 5045 793 5095 el
805 5041 939 5111 peristos

123 5122 245 5183 innovate
258 5134 306 5183 est
321 5129 474 5199 lexprima
490 5129 653 5183 secundum
670 5129 800 5183 ordinem
817 5129 940 5183 Melchi-

63 5246 66 5259 ·
122 5215 230 5283 adach,
245 5218 297 5289 qai
307 5217 488 5275 eacriticium
497 5217 724 5273 Detinetituitin
738 5233 812 5287 pane
824 5219 939 5285 ctrina,

63 5362 69 5379 ‚
121 5314 152 5359 en
165 5304 509 5376 quibuscommuniearit
518 5305 667 5363 Abraham
677 5307 771 5361 amico
783 5307 846 5362 ilci.
861 5308 940 5361 Deus

63 5398 66 5419 ²
110 5390 196 5449 -tl'ma
208 5409 264 5467 per
277 5394 475 5451 ministerium
489 5394 616 5451 istorum
627 5395 748 5451 mutavit
763 5396 941 5450 sacrificium

108 5485 253 5555 noctram,
277 5484 359 5541 cient
381 5483 504 5541 mutavit
521 5499 629 5541 nomen
652 5485 801 5555 nostrum,
821 5490 851 5541 et
864 5485 942 5541 sicut

107 5558 230 5633 :inire
247 5570 349 5651 been
361 5572 515 5635 curatam
530 5577 662 5643 nostram
686 5572 716 5633 iu
737 5574 835 5649 legem
850 5574 940 5649 spiri-

992 4335 1090 4388 trcium
1098 4330 1287 4402 gentiumper
1295 4321 1640 4379 Mosen:‹10ll'eretisDeo
1648 4324 1825 4379 sacrificium

992 4422 1028 4477 de
1043 4419 1159 4481 levans,
1172 4418 1208 4472 de
1223 4431 1301 4484 area,
1314 4416 1342 4467 et
1357 4414 1392 4466 dc
1402 4412 1598 4482 expressione
1615 4429 1690 4480 urae,
1703 4418 1730 4468 ct
1741 4413 1827 4467 hene

993 4509 1162 4565 dicutvoliis
1170 4507 1250 4560 Deus
1261 4503 1412 4558 etcunctis
1424 4502 1564 4573 operibus
1573 4505 1828 4557 manuumvcstro·

993 4600 1150 4656 ruthcv.
1168 4594 1262 4662 xxru).
1288 4617 1298 4640 a
1317 4591 1436 4647 Scimus
1456 4591 1543 4645 etiam
1563 4606 1629 4658 uos,
1644 4591 1760 4645 domine
1775 4591 1825 4659 mi,

993 4688 1071 4759 qnod
1087 4687 1167 4741 Deus
1189 4682 1338 4738 mandavit
1353 4679 1382 4735 in
1398 4678 1541 4750 principio
1563 4681 1632 4749 poni
1648 4683 1713 4735 ante
1729 4693 1826 4733 arcam

993 4777 1115 4831 loedcris
1133 4772 1259 4841 Domini,
1280 4785 1371 4840 panes
1384 4773 1413 4824 et
1424 4784 1483 4823 non
1504 4784 1610 4823 carnes
1624 4767 1732 4833 (Exod.
1745 4768 1825 4838 xxv).

995 4865 1087 4919 Etiam
1103 4862 1220 4917 dominc
1232 4861 1282 4927 mi,
1293 4873 1359 4913 cum
1370 4859 1450 4912 Deus
1459 4857 1495 4913 de
1507 4856 1563 4911 hoc
1574 4857 1604 4909 in
1615 4857 1747 4911 Levitico
1755 4872 1828 4925 praa-

995 4955 1071 5024 ccpit
1087 4953 1186 5006 daron
1202 4966 1255 5021 per
1270 4949 1390 5014 Mosen,
1408 4947 1512 5001 dicens
1530 4961 1536 4999 :
1556 4969 1566 4993 a
1581 4944 1675 4999 Homo
1691 4945 1726 4999 de
1742 4946 1829 5000 sorni·

995 5058 1031 5096 ne
1046 5044 1144 5096 Aaron
1160 5037 1327 5094 sacerdotis
1348 5035 1397 5107 qui
1413 5034 1501 5089 habet
1515 5033 1670 5104 maculam,
1683 5048 1741 5089 non
1752 5030 1826 5088 olle-

995 5134 1039 5185 rat
1054 5129 1233 5184 sacrificium
1250 5127 1285 5180 de
1303 5125 1440 5196 panibus,
1461 5138 1514 5176 nec
1534 5122 1613 5176 aliud
1631 5124 1827 5193 quodcunque

996 5218 1174 5273 sacrificium
1186 5216 1286 5287 (Num.
1298 5214 1371 5281 xxi).
1391 5235 1401 5260 n
1420 5208 1455 5265 Et
1469 5213 1498 5265 in
1513 5210 1649 5281 pluribus
1663 5211 1827 5283 Scriptura)

996 5309 1070 5362 locis
1083 5308 1163 5363 Deus
1181 5300 1397 5377 praeceptioni
1413 5299 1593 5354 sacrificium
1607 5299 1644 5355 de
1658 5314 1733 5370 pane
1747 5303 1827 5355 etex

995 5396 1089 5451 terina
1101 5393 1261 5466 purissima
1273 5388 1437 5477 acceptabit
1447 5388 1529 5458 illud,
1542 5390 1570 5442 et
1579 5385 1635 5442 tale
1646 5388 1827 5444 sacrificium

992 5478 1400 5556 esthodiegentium,scilicet
1411 5478 1497 5549 panis
1508 5476 1824 5548 exsarinapurissirna.

991 5574 1035 5632 De
1047 5571 1195 5632 sacrificio
1211 5569 1297 5625 etiarn
1313 5567 1400 5643 panis
1411 5565 1443 5624 llt
1464 5566 1572 5625 mentio
1587 5566 1617 5622 in
1640 5567 1735 5641 primo
1748 5565 1825 5625 libro
