3900 6112
251 270 597 336 consensualitas
612 269 942 334 CLUNIAOENSES.
955 300 980 318 -·
1000 269 1128 332 LIBER
1138 268 1330 334 TERTIUS.
1593 274 1653 336 7³4

89 472 362 544 adpraerogetivam
376 472 540 538 electionis,
551 470 618 525 talis
634 471 720 526 electi
730 469 766 524 ad
782 471 812 534 Α
827 469 896 525 dum
912 485 917 526 :
936 469 1200 542 acentioaquoquo
1211 469 1365 542 Evangelii
1376 471 1653 542 quaedieendasunt

87 608 89 617 .
103 561 294 634 praelationis.
310 560 394 626 Quod
410 577 476 616 cum
491 576 551 614 non
566 561 605 614 sit
616 560 768 631 iudignum
828 559 874 614 vel
891 560 928 613 ad
944 561 1045 629 matut,
1057 558 1171 628 laudes,
1187 559 1233 613 vel
1244 559 1279 613 ed
1296 574 1450 630 vesperes,
1460 577 1516 615 non
1527 561 1662 616 aliusen·

94 651 286 723 posteritatis,
302 650 377 720 ipsis
389 666 505 721 quoque
521 650 650 719 posteris
661 651 770 703 utinam
828 646 966 717 tiphonas
983 648 1114 718 imponit.
1142 646 1290 703 Sacerdos
1319 648 1471 703 oblaturus
1495 650 1660 720 incensum,

87 739 160 795 iteri.
829 737 913 808 prins
930 737 965 790 ad
977 752 1044 791 eum
1058 740 1164 808 portet,
1181 740 1213 791 ut
1223 754 1275 808 per
1285 736 1353 807 ejus
1364 738 1518 791 manumin
1528 738 1662 794 thuribu-

87 827 775 896 ,entiautemdiebisontiensisarchiepiscopus
829 826 890 881 lum
907 827 1045 881 mittatur.
1073 827 1144 881 ltem
1167 827 1309 881 diaeonus
1326 829 1391 880 ante
1415 826 1619 898 Evangelium,
1637 832 1665 882 et

101 918 139 972 ad
163 912 333 988 capitulum,
351 917 501 973 nuntiatur
518 917 546 971 ei
561 916 596 971 de
612 915 775 981 eloctioue;
830 915 880 986 qui
893 918 971 969 tenet
986 913 1111 970 chorum
1124 920 1189 970 ante
1207 915 1395 970 offerendam.
1412 914 1466 978 Qui
1482 915 1508 969 ei
1523 915 1579 969 tale
1595 916 1665 985 quid

87 1005 245 1062 etelectum
255 1022 308 1076 pro
321 1006 447 1061 solemni
462 1006 520 1060 ritu
529 1004 773 1075 ipsebcnedicet:
830 1003 860 1059 in
869 1019 988 1058 manum
998 1004 1123 1073 dederit,
1136 1004 1182 1059 vel
1195 1003 1232 1058 ab
1244 1003 1399 1074 eorecipit,
1413 1004 1516 1059 sivein
1527 1003 1663 1070 ecelesia,

87 1097 131 1152 nto
147 1111 180 1150 se
202 1095 426 1165 impensissimo
448 1094 604 1161 iacturum,
621 1108 679 1147 non
694 1093 772 1163 quod
831 1093 896 1148 sive
908 1096 1126 1163 extra,manum
1139 1094 1301 1148 osculatur.
1313 1091 1665 1161 Quiipsumtueritoscu·

87 1201 108 1256 r,
124 1185 179 1241 sed
204 1184 346 1256 quidquid
366 1199 382 1237 a
404 1183 535 1254 quolibet
550 1183 683 1253 ipsorum
707 1197 776 1251 par·
832 1181 910 1236 latus
922 1185 1045 1253 excepto
1057 1181 1093 1237 ad
1104 1182 1429 1251 missarumsolemnie,
1440 1184 1469 1236 et
1483 1184 1587 1237 anteat
1600 1185 1668 1253 post

87 1273 308 1344 praeciperetur.
326 1273 384 1326 Ter
399 1275 496 1327 autem
512 1287 615 1326 omnes
630 1269 779 1341 adjuravit
834 1272 949 1325 veniam
964 1271 1045 1340 petit.
1063 1270 1094 1324 ln
1117 1269 1214 1326 medio
1240 1270 1403 1325 dormitorii
1424 1273 1469 1325 est
1484 1270 1579 1325 lectus
1602 1271 1668 1342 ojus

87 1360 106 1416 li
120 1362 303 1429 auctoritate,
319 1364 351 1414 ut
367 1362 392 1414 si
408 1360 455 1415 oui
471 1361 549 1414 aliud
570 1360 640 1431 quid
654 1359 689 1413 de
705 1374 774 1428 por·
833 1374 925 1431 prope
940 1376 1056 1414 murum
1072 1377 1079 1426 ;
1096 1360 1226 1414 sonitum
1242 1360 1307 1430 ipse
1319 1359 1456 1430 facitque
1473 1358 1579 1415 tratres
1595 1360 1669 1416 dilu·
1780 1382 1782 1386 ³

87 1450 468 1519 mereteleeta,videretur,
482 1464 604 1520 proquo
619 1448 687 1518 ejus
702 1446 779 1502 ordi·
835 1451 901 1504 culo
925 1449 962 1503 ad
979 1449 1163 1521 surgendum
1187 1449 1360 1503 excitantur.
1383 1447 1466 1512 Quod
1484 1449 1510 1503 si
1526 1449 1602 1504 torte
1617 1449 1668 1503 ali·

87 1554 103 1594 n
116 1544 222 1611 posset
237 1554 307 1593 esse
322 1538 453 1609 legitime
468 1537 666 1592 etseeundum
676 1536 779 1603 Deum,
836 1537 953 1608 quando
963 1536 1001 1591 ita
1010 1536 1214 1606 obdormierit,
1224 1542 1255 1593 ut
1261 1538 1344 1608 prius
1356 1537 1440 1607 pueri
1448 1541 1572 1609 surgant
1584 1553 1671 1609 quam

87 1617 132 1683 ret
146 1643 201 1682 nee
216 1627 429 1695 dissimularet,
447 1627 500 1682 sed
516 1642 654 1696 praesens
666 1626 702 1680 ad
717 1640 780 1680 vne-
836 1627 895 1696 ille,
911 1629 981 1681 tunc
999 1641 1057 1680 non
1076 1630 1136 1680 tam
1156 1626 1349 1681 vehementer
1371 1625 1546 1681 adoriuntur
1569 1625 1671 1698 legere

87 1715 199 1773 >terret
211 1716 269 1771 Sed
281 1732 347 1770 cum
359 1716 505 1770 neminem
516 1715 689 1777 invenisset,
698 1714 783 1784 quid·
837 1720 867 1769 ut
879 1714 986 1786 solent,
996 1714 1050 1770 sed
1060 1714 1212 1770 submisse
1221 1710 1529 1786 voeanegraviterau
1541 1715 1585 1770 eis
1596 1715 1672 1770 exei-

87 1820 124 1861 us
140 1806 260 1877 generis
270 1805 405 1872 dixisset,
417 1804 560 1858 electione
579 1805 608 1856 in
623 1802 783 1874 preasentia
836 1806 925 1859 tetur.
937 1803 1020 1868 Quod
1032 1803 1098 1858 siin
1110 1804 1267 1875 coquinam
1279 1805 1315 1859 ad
1336 1821 1369 1860 se
1376 1802 1608 1859 calefaciendum
1623 1819 1673 1858 ve·

87 1895 168 1963 scopi
184 1910 303 1949 rursum
325 1893 505 1962 confirmata,
534 1908 642 1946 rursus
666 1906 784 1962 quoquo
838 1894 927 1963 uerit,
939 1891 1088 1948 etiretres
1100 1896 1260 1964 occupatos
1272 1892 1609 1965 psalmodiaoffcnderit‚
1620 1908 1673 1963 pro

103 1978 151 2037 est
172 1983 340 2052 antiphona,
364 1981 510 2036 Condrma
530 1982 584 2035 troc
600 1981 690 2045 Deus,
717 1996 783 2034 cum
799 2015 824 2076 Β
839 1981 907 2053 ejus
923 1982 1100 2050 reverentie,
1117 1983 1297 2053 usquedum
1314 1981 1429 2050 exierit,
1447 1983 1565 2036 omnino
1581 1981 1675 2036 eonti-

87 2071 250 2142 snpradieto
267 2072 297 2124 in
312 2071 469 2125 eeclesiam
481 2069 784 2140 procedend0.Te1·tia
842 2075 977 2126 eeseunt.
989 2069 1113 2142 Signum
1122 2072 1201 2141 quod
1212 2071 1358 2141 pulsetur,
1370 2075 1398 2125 et
1407 2070 1677 2143 quodimissohora

101 2160 218 2214 scilieet
233 2161 262 2213 in
280 2160 419 2214 cathedra
433 2159 464 2215 S.
480 2159 571 2228 Petri,
589 2174 656 2212 cum
672 2158 784 2211 electus
841 2161 1008 2231 inchoatur,
1024 2175 1083 2214 non
1103 2160 1257 2214 dimittitur
1276 2175 1373 2230 usque
1389 2160 1463 2214 'dum
1483 2159 1548 2230 ipse
1567 2160 1675 2229 veniat,

87 2249 172 2303 andus
184 2253 276 2316 esset,
293 2248 413 2303 indutus
424 2251 470 2303 est
486 2246 562 2316 albe,
577 2247 654 2301 stola
670 2249 698 2300 et
714 2261 785 2315 eep-
841 2247 1115 2319 velejusvioerins,
1128 2252 1159 2302 ut
1173 2252 1440 2318 nonexspectetnr.
1456 2249 1502 2302 nd
1518 2247 1677 2318 capitulum

87 2335 786 2408 rhiepisoopussimiliter,etadlineduoabbetcs
841 2338 888 2391 vol
909 2337 946 2391 ad
966 2336 1152 2392 collationem
1168 2337 1382 2408 tratribusjam
1398 2336 1633 2405 considentibus,
1652 2336 1680 2392 si

87 2429 144 2482 tum
156 2425 191 2480 ad
207 2425 443 2480 benedicendum
460 2425 636 2482 inmanibus
654 2424 787 2478 dednxo-
843 2425 909 2496 ipse
925 2426 1116 2481 intervenerit
1124 2429 1237 2495 postea,
1256 2441 1315 2480 non
1330 2426 1416 2480 modo
1438 2426 1611 2498 assurgunt,
1623 2424 1678 2479 sed

87 2514 171 2569 tratis
191 2517 257 2568 ante
284 2514 375 2567 altare
400 2499 548 2582 tapetibus
566 2512 655 2565 simul
686 2526 788 2564 omnes
850 2515 937 2569 etiem
952 2514 988 2569 de
1001 2514 1132 2569 scabello
1147 2514 1239 2584 pedes
1251 2514 1287 2568 ed
1302 2516 1411 2570 terram
1422 2514 1607 2569 submittunt.
1619 2513 1680 2568 No·

96 2604 288 2674 prosternunt
303 2617 337 2656 se
359 2600 394 2655 ed
410 2601 610 2655 adorationem
632 2615 638 2655 :
656 2602 790 2654 cantatur
843 2619 911 2658 men
921 2602 988 2675 ejus
999 2602 1029 2658 in
1040 2603 1124 2658 brevi
1135 2605 1251 2674 quoties
1263 2604 1387 2658 recitare
1403 2604 1558 2673 audierint,
1571 2603 1597 2659 si
1607 2619 1680 2674 pree-

96 2691 196 2747 litenia
209 2707 215 2760 3
229 2695 297 2761 post
315 2689 615 2762 novissimumli'yrie
630 2688 752 2758 eleison,
764 2690 793 2742 et
845 2707 918 2747 sens
933 2696 990 2760 est,
1006 2705 1121 2760 omneS,
1140 2691 1218 2746 sieut
1233 2695 1262 2746 et
1274 2692 1349 2763 ipse,
1362 2693 1513 2748 inclinant.
1530 2692 1562 2747 Si
1572 2693 1608 2747 de
1624 2707 1682 2764 qne

86 2780 223 2836 mininam
238 2778 416 2847 Orationem,
438 2778 532 2850 surgit
554 2777 678 2832 antistes
694 2777 790 2830 dietu—
847 2780 1062 2836 consuetudine
1089 2780 1249 2852 dubitatur,
1268 2781 1411 2853 quidquid
1429 2781 1496 2836 indo
1524 2781 1680 2850 delinierit,

96 2884 133 2924 ne
148 2884 202 2924 nos
216 2868 349 2922 induces.
366 2866 485 2922 Salvum
500 2865 548 2921 tac
558 2881 689 2921 servum.
702 2865 791 2919 Mitte
847 2869 882 2924 de
898 2873 1007 2925 coetero
1022 2870 1109 2940 quasi
1123 2885 1178 2940 pro
1192 2871 1258 2942 lege
1274 2875 1404 2942 tenetur,
1421 2874 1450 2926 et
1473 2871 1530 2927 sibi
1555 2870 1612 2925 soli
1633 2873 1679 2925 est

87 2956 449 3029 ccipietbenedietionern.
466 2955 600 3023 Domine,
614 2954 793 3009 exauditio
848 2959 1021 3028 repositum,
1039 2959 1070 3012 ut
1084 2957 1243 3028 quemlibet
1260 2957 1379 3015 tratrem
1397 2960 1499 3031 mittut,
1510 2960 1640 3030 utaiunt,
1653 2959 1682 3014 in

87 3045 233 3102 utriscum.
252 3045 322 3098 lude
338 3045 474 3115 sequitur
484 3043 651 3098 benedictio
665 3058 670 3097 :
684 3057 795 3114 queso·
811 3069 836 3132 Ο
852 3049 966 3118 eulpam
977 3046 1155 3120 graviorem.

87 3133 224 3203 vexpleta
237 3132 485 3202 iteratopsallitur
499 3132 637 3202 hymnus,
655 3131 694 3185 To
702 3131 794 3185 Deum
1171 3134 1297 3191 CAPUT
1313 3136 1362 3190 111.

87 3239 129 3292 ns,
139 3226 178 3290 et,
191 3223 267 3278 sieut
279 3222 371 3292 prius,
382 3236 489 3275 recens
505 3220 710 3275 benedictione
724 3235 796 3274 con·
886 3224 1075 3298 Depraviori
1083 3224 1176 3297 eulpa,
1188 3231 1217 3279 et
1229 3225 1299 3279 aliis
1309 3225 1474 3297 poderibus
1488 3226 1648 3299 culparum.

87 3329 112 3367 m
122 3312 303 3366 osculantur.
316 3311 370 3364 His
380 3310 554 3364 brcviterde
564 3311 670 3364 domno
681 3310 798 3378 abbate,
887 3315 991 3370 Frater
1005 3315 1056 3387 qui
1070 3314 1159 3369 telem
1174 3313 1333 3370 incurrerit
1347 3315 1474 3386 lapsum,
1497 3319 1640 3373 venturus
1656 3317 1686 3371 in

87 3401 94 3453 i
117 3399 222 3472 gratia,
244 3398 420 3468 praelibatiS,
446 3402 606 3469 repetatur,
634 3398 712 3469 quod
735 3396 800 3452 sine
853 3404 1012 3475 capitulum
1031 3404 1160 3474 primum
1183 3403 1276 3473 pedes
1291 3404 1392 3475 nudat,
1414 3405 1552 3475 capitium
1567 3422 1686 3478 quoque

87 3487 801 3559 diacceptionegeneraliterpevtinetadordinem
854 3494 989 3549 staminei
1005 3492 1052 3549 sui
1067 3493 1170 3548 dextre
1198 3492 1331 3565 laevaque
1355 3493 1500 3550 incisione
1515 3495 1640 3565 laxetur,
1656 3497 1688 3551 ut

87 3594 111 3648 n,
124 3577 286 3632 ctedillum
297 3575 702 3647 quicunqueoifieiofunolus
715 3576 803 3631 suerit
853 3583 977 3639 brachie
991 3583 1088 3654 possit
1105 3598 1159 3653 per
1174 3582 1269 3652 ipsum
1287 3582 1453 3653 extrahere,
1470 3587 1498 3638 et
1512 3585 1688 3639 stamineum

856 3689 921 3727 cum
938 3673 1062 3727 manicis
1078 3673 1156 3727 cirea
1172 3671 1429 3744 semoralieligare
1445 3690 1451 3727 :
1468 3674 1574 3745 accipit
1589 3674 1688 3747 virge·

299 3754 426 3808 CAPUT
440 3753 475 3808 II·
856 3779 921 3817 rum
945 3762 1126 3832 manipulum
1146 3778 1234 3816 manu
1255 3762 1358 3817 dextra
1383 3768 1411 3817 et
1435 3762 1464 3816 in
1479 3763 1554 3818 laeva
1574 3762 1689 3818 cuculle

238 3844 281 3898 De
296 3844 401 3905 domito
417 3843 534 3898 abhdte·
857 3851 972 3906 decenti
985 3850 1211 3920 complicatione
1221 3852 1376 3922 pendente,
1389 3867 1467 3906 unus
1478 3852 1643 3907 admirator
1653 3853 1690 3906 ed

87 3959 122 3999 no
137 3943 246 4013 abbati,
263 3944 293 3997 in
309 3943 473 4012 omniloco,
486 3947 517 3997 ut
530 3943 662 4014 dignum,
680 3943 736 4012 est,
749 3942 806 3996 sin·
858 3940 914 3994 hoe
924 3939 1088 3994 destinatus
1101 3940 1247 3994 antecedit
1269 3940 1441 3996 itaveniens
1452 3941 1690 4012 adconspeetnm

87 4071 88 4079 ι
122 4032 288 4087 reverentia
309 4032 450 4087 defertur.
472 4032 602 4085 Primum
625 4032 656 4084 in
679 4031 807 4085 ecelesia
859 4028 1093 4098 domniehbatis,
1105 4028 1200 4100 virgis
1212 4029 1461 4101 cucullaqueante
1472 4031 1634 4102 sepositis
1645 4045 1692 4085 ve·

87 4121 298 4191 santiphonem
313 4121 497 4192 imposuerit,
514 4123 542 4176 et
557 4123 625 4191 post
640 4120 807 4190 impositam
859 4118 938 4173 niam
961 4117 1041 4187 petit.
1057 4117 1170 4171 iussus
1186 4119 1217 4171 ut
1237 4119 1351 4189 surgat,
1369 4119 1453 4173 sedet
1469 4119 1506 4173 ad
1525 4122 1645 4189 terram,
1663 4124 1692 4174 et

86 4210 171 4281 verit,
190 4225 293 4264 omnes
313 4225 431 4280 quoque
447 4211 549 4263 eontra
564 4208 646 4263 illum
656 4209 807 4263 inclinant.
860 4206 1005 4262 cucullam
1020 4221 1112 4275 super
1127 4221 1223 4277 genua
1238 4207 1328 4276 ponit.
1344 4207 1533 4277 Verberetur,
1551 4211 1692 4278 quantum

90 4316 109 4355 u
124 4302 171 4354 est
182 4299 376 4366 inconvento,
390 4314 540 4369 nunqnam
557 4297 699 4352 omittitur
709 4301 740 4351 ut
750 4313 809 4352 non
861 4294 1363 4351 ineritvisumdomnoabbeti.Post
1373 4294 1692 4366 haecjubctenmcxire

87 4404 164 4443 rrum
185 4387 409 4459 responsorium
425 4389 553 4456 notetur,
571 4389 598 4442 et
615 4387 650 4441 ed
666 4387 808 4441 duodeci·
861 4385 898 4440 ad
913 4383 1112 4453 induendum3
1128 4383 1248 4437 rediens
1265 4383 1368 4438 iterum
1385 4399 1418 4438 se
1433 4386 1603 4454 prosternit.
1620 4384 1693 4440 Cum

87 4477 236 4545 actionem,
264 4477 300 4530 ud
325 4493 414 4547 quam
436 4476 584 4530 incedenti
608 4478 637 4530 et
661 4475 810 4530 recedenti
863 4473 988 4528 audierit
1001 4488 1018 4526 a
1033 4472 1139 4526 domno
1154 4471 1270 4541 abbate,
1286 4472 1373 4543 abite,
1390 4472 1526 4543 protinus
1543 4477 1629 4544 eaput
1643 4475 1695 4528 lle·

87 4567 110 4621 si
120 4569 294 4637 assurgunt,
311 4581 477 4635 quanquam
488 4568 554 4619 ante
570 4564 657 4619 iaciat
673 4568 701 4619 et
718 4568 807 4634 retro,
866 4563 926 4631 etit,
944 4560 1088 4630 capellum
1102 4561 1204 4632 induit,
1222 4561 1259 4616 ad
1273 4561 1459 4633 designatum
1475 4563 1582 4619 talibus
1597 4564 1695 4619 locum

96 4655 232 4727 gradum,
249 4655 348 4716 utelii,
360 4654 414 4707 sed
428 4654 735 4723 proposedemsuam,
752 4623 850 4708 me·D
866 4652 968 4722 tendit,
980 4650 1021 4705 ibi
1037 4652 1143 4720 manet,
1160 4650 1276 4721 dormit,
1294 4652 1429 4723 eomedit,
1442 4654 1558 4724 quando
1575 4657 1602 4708 et
1618 4653 1697 4725 quod

87 4759 140 4799 nen
154 4743 255 4809 choro,
272 4759 308 4797 ne
324 4742 434 4796 diutius
450 4744 530 4796 stare
547 4741 673 4797 debeant
688 4747 810 4813 propter
864 4741 999 4812 praecipit
1028 4740 1155 4794 domnus
1171 4741 1274 4795 abbas.
1299 4741 1343 4795 Ad
1365 4757 1468 4796 omnes
1494 4742 1584 4797 horas
1605 4759 1697 4815 prope

89 4833 215 4903 Propter
231 4831 308 4902 quod
329 4831 416 4884 etiem
438 4832 518 4885 finita
541 4830 667 4886 lectione
688 4847 811 4886 sursum
865 4829 1694 4904 ostiumeeclesieestatcapelletus,doneoKyrieeIeison,

87 4925 236 4990 ureturpe
256 4919 426 4989 descendat,
438 4919 610 4991 usquedum
627 4921 812 4976 surrexerint
866 4919 967 4989 incipit
983 4919 1356 4990 conventus31unecapello
1367 4919 1525 4990 abstracto,
1536 4919 1697 4976 solotenus

89 5012 135 5065 ria
148 5010 238 5064 Patri
258 5008 443 5079 responsorii
458 5010 575 5063 cantati.
592 5008 624 5064 Si
639 5009 756 5080 quando
772 5025 814 5064 re·
867 5023 901 5062 se
916 5007 1086 5078 prosternit,
1095 5023 1149 5062 neo
1161 5024 1193 5062 se
1205 5009 1283 5062 levat
1294 5008 1547 5079 usquedumhora
1561 5010 1698 5081 sittinite,

87 5100 172 5154 urium
188 5100 322 5152 cantatur
332 5097 368 5151 ad
379 5099 514 5170 gradum,
530 5099 608 5169 quod
628 5099 692 5169 ipse
708 5103 812 5167 cantat,
868 5100 896 5152 et
907 5098 932 5151 si
948 5097 1057 5151 tratres
1073 5097 1180 5152 debent
1193 5097 1286 5167 exire,
1297 5098 1467 5167 usquedum
1478 5113 1582 5154 onmes
1593 5102 1699 5170 potue-

90 5189 120 5243 in
136 5188 208 5243 ecdc
220 5203 273 5241 sua
283 5203 349 5241 oum
359 5187 588 5242 concentoribus
598 5189 662 5241 suis
673 5188 815 5243 aceeden-
868 5187 927 5241 rint
942 5186 1052 5252 exisse;
1066 5190 1093 5241 et
1108 5202 1173 5240 enm
1185 5186 1338 5240 intraverit
1348 5186 1517 5258 capitulum,
1534 5191 1602 5244 tune
1613 5189 1700 5244 etiem

87 5278 114 5332 id
129 5292 208 5344 enm,
220 5280 249 5330 et
259 5275 407 5330 stantibus
417 5279 504 5330 retro.
515 5275 573 5331 Sed
583 5279 612 5331 et
628 5280 731 5332 cantor
742 5292 816 5332 sem·
869 5276 1005 5331 similiter
1016 5291 1049 5330 se
1059 5275 1229 5344 prosternit,
1241 5277 1270 5330 et
1275 5277 1378 5345 postea
1388 5276 1425 5330 ed
1432 5275 1605 5333 familiarem
1616 5294 1700 5333 men-

98 5382 166 5422 eum
173 5365 254 5420 venit
266 5365 349 5434 prius
355 5364 559 5435 praenuntians
570 5381 755 5437 quaeeunque
766 5381 816 5420 an·
870 5365 1036 5420 siunculem
1051 5364 1172 5420 recedit.
1193 5362 1238 5417 Ad
1254 5363 1357 5420 ambas
1372 5365 1482 5421 missas
1498 5372 1597 5423 menet
1611 5367 1702 5422 inen-

88 5471 105 5509 ιι
120 5455 168 5510 est
178 5452 287 5522 abipso
302 5452 487 5523 imponenda,
504 5453 755 5526 velquodennque
767 5471 816 5510 re·
870 5454 1065 5527 guloeapituli
1076 5453 1126 5525 qui
1136 5453 1583 5524 ecelesiaeproximusedhoeret.
1594 5458 1702 5514 Nullus

87 5543 181 5599 >rium
195 5542 381 5598 cantandum.
392 5541 513 5597 Adsum
524 5543 819 5614 quoquepertinetut
871 5545 899 5600 ei
918 5543 1059 5616 loquitur,
1083 5557 1138 5598 nee
1156 5542 1243 5598 etiem
1254 5542 1304 5598 ille
1318 5543 1370 5615 qui
1388 5544 1536 5601 ministret
1552 5547 1588 5603 ei.
1609 5544 1703 5601 Cibus

87 5630 279 5708 Evangelium
289 5630 654 5706 quotiespostnocturnos
664 5632 819 5710 astiagen·
871 5648 931 5693 non
945 5632 1130 5692 benedicitur
1142 5632 1193 5708 qui
1203 5631 1231 5690 ei
1244 5631 1385 5722 defertur.
1398 5634 1593 5696 Deindustrie
1607 5637 1704 5696 tamea
