3900 6112
51 310 109 375 ier
737 308 864 375 mssa
886 301 1080 376 marrus.
1241 265 1246 273 ’
1713 304 1777 380 aar

50 512 89 566 ab
107 512 259 567 aecclesiae
274 512 411 567 tidelibus
421 514 571 568 constaret
582 526 651 567 esse
670 513 839 582 plorandos.
853 512 888 566 Et
901 502 929 563 A
943 511 1064 583 gutturi,
1081 513 1175 566 niirati
1192 513 1325 582 proiecto
1340 530 1407 585 quoe
1422 515 1569 585 viderant,
1586 518 1723 573 dicebant
1738 534 1772 574 se

50 602 791 673 vereutique;cumpautopcstprimoquidemdux
801 600 885 669 (366),
941 601 1025 671 plura
1040 601 1153 656 vidisse
1169 617 1254 672 quam
1267 603 1619 660 rumoriuisset.antum
1633 609 1711 661 cuim
1721 622 1771 663 re-

48 691 160 744 deindc
176 692 337 762 imperator
351 693 540 760 interierunt3
556 707 681 762 quorum
692 692 814 745 casibus
824 705 889 743 san·
944 704 1010 760 gom
1027 695 1076 743 aut
1093 692 1250 745 Persarum
1268 696 1314 746 aut
1331 694 1461 746 hrahum
1478 693 1547 747 huic
1564 695 1698 750 conterre
1720 714 1773 751 au·

49 784 99 832 cta
116 780 265 847 aecclesia,
287 785 318 833 ut
333 781 484 850 posterius
498 782 604 835 dicturi
630 795 744 848 sumus,
771 779 889 834 desola—
942 779 1028 847 deba,
1045 781 1180 849 quamvis
1196 796 1248 834 cos
1265 782 1379 835 cunctis
1395 783 1535 852 gentibus
1553 784 1659 852 opihus
1684 801 1772 854 pros-

50 869 165 922 tionem
183 884 376 938 comparasse
391 870 534 938 deplorat.
944 871 1005 920 tare
1020 868 1173 938 legissem.

88 955 135 1010 37.
152 957 230 1011 Hinc
251 962 348 1012 antem
372 959 532 1028 imperator
556 974 702 1030 egressus
727 959 838 1029 (stup),
854 957 890 1011 ad
978 953 1021 1011 38.
1040 956 1109 1011 lndc
1126 959 1210 1011 ctiam
1227 957 1387 1028 imperator
1408 960 1584 1029 procedens,
1608 961 1772 1017 Virdunum

51 1045 199 1099 Evosium
214 1043 289 1111 (365·
312 1047 410 1100 villam
435 1048 681 1117 pulcherrimam,
708 1064 796 1118 quam
813 1047 891 1101 beati
943 1048 1072 1114 perrexit
1086 1046 1180 1117 (Sept.
1196 1045 1234 1115 8),
1250 1048 1431 1103 nativitatem
1447 1052 1559 1104 sanctae
1574 1050 1675 1105 Mariae
1691 1051 1773 1106 cele-

48 1134 359 1207 videlicetGaugerici
372 1137 509 1191 nativitas
521 1137 687 1203 illustravit,
701 1154 766 1191 cum
779 1138 891 1207 primo·
942 1133 1094 1204 hraturns,
1107 1135 1213 1206 legatis
1223 1136 1340 1205 quidem
1350 1137 1443 1208 regiis
1455 1152 1559 1192 secum
1573 1139 1773 1211 deductis,qui

51 1224 140 1277 ribus
155 1224 277 1294 quidem
290 1240 414 1278 suorum
428 1225 623 1294 palatinorum
633 1227 766 1290 intendit,
783 1225 823 1279 ibi
833 1225 891 1279 sci·
932 1222 982 1275 ¹ibi
991 1224 1215 1293 responsionem
1224 1225 1338 1279 comitis
1349 1224 1460 1280 Odonis
1472 1227 1772 1298 audirent,quomodo

51 1313 122 1366 licet
137 1327 207 1366 cum
221 1309 262 1353 Ν
278 1313 420 1368 tlotherto
436 1329 506 1385 rege
522 1314 700 1385 colloquium
724 1314 889 1383 hahituruS,
944 1326 977 1364 so
991 1312 1027 1365 ab
1043 1312 1169 1382 objectis
1181 1313 1313 1368 hetberti
1326 1314 1418 1384 regis,
1428 1331 1443 1367 a
1455 1330 1513 1384 quo
1529 1316 1773 1387 arguebatur,de·

52 1401 108 1455 sed
124 1405 153 1454 et
164 1401 202 1454 dc
216 1404 297 1456 statu
312 1401 483 1475 imperiique
498 1419 555 1457 non
565 1407 674 1457 tantum
687 1404 722 1457 dc
733 1403 891 1457 mundanis
943 1399 1085 1455 tenderet.
1102 1401 1168 1470 tpsa
1183 1418 1254 1457 vero
1271 1402 1300 1456 in
1315 1403 1362 1456 die
1378 1403 1495 1457 domina
1510 1404 1692 1475 imperatrix,
1705 1408 1774 1477 quia

51 1505 158 1543 verum
170 1490 208 1543 de
218 1490 425 1559 spiritualibus
433 1491 602 1558 locuturus3
620 1493 770 1563 sapienter
783 1492 892 1561 qnippe
943 1504 1007 1542 eam
1024 1489 1052 1541 in
1068 1491 1292 1558 processionem
1308 1491 1602 1562 domnusepiscopus
1618 1495 1772 1550 addextra-

51 1578 216 1648 dispositc,
234 1582 265 1632 ut
278 1580 309 1633 in
325 1593 360 1633 eo
375 1580 451 1650 loco,
464 1581 514 1634 ubi
529 1582 734 1635 beatissimum
745 1581 892 1651 Gaugcri-
944 1577 985 1630 vit
999 1577 1083 1646 (361),
1101 1580 1128 1632 ei
1143 1580 1249 1633 stolam
1265 1595 1337 1634 auro
1353 1581 1539 1652 gemmisque
1560 1583 1683 1637 contulit
1698 1584 1773 1638 insi-

52 1682 122 1720 cum
137 1671 266 1722 noverat
280 1672 391 1735 ortum,
408 1669 476 1740 ejus
491 1671 665 1742 gaudiosam
691 1671 890 1736 testivitatem,
945 1666 1619 1739 gnitum.thictiamdomnusimperatormotus
1630 1672 1774 1743 aliquam-

52 1772 122 1827 quoe
136 1753 164 1810 3.
183 1756 288 1811 idibus
305 1758 433 1829 Augusti
449 1763 505 1827 est,
521 1759 673 1814 celebrare
697 1761 819 1814 eveniret,
836 1759 891 1823 Qui
907 1734 930 1793 Β
945 1756 995 1809 diu
1010 1756 1086 1809 inter
1100 1756 1230 1811 Odonem
1247 1761 1275 1811 et
1289 1758 1505 1813 Theodericum
1521 1759 1774 1834 Tullensemtdtttl)

54 1845 890 1921 nimirumquantomajortantohnmilior,cegileotberto,
944 1846 1776 1918 accensos,custellisdirutis,quaeOdninjustecondide-

54 1949 121 1987 cum
136 1934 223 1988 adse
239 1935 362 2002 veniret,
378 1936 406 1989 in
422 1936 711 2008 viilahtosomoisssssss)
721 1939 749 1992 in
762 1938 891 1993 cheresto
944 1938 998 2000 rat,
1016 1934 1187 2003 interposita
1205 1950 1276 2004 paco
1292 1935 1410 2004 sopivit.
1423 1936 1574 1991 Praeterea
1587 1940 1775 1996 monasteriis

56 2023 152 2077 sancti
171 2024 489 2079 Laurentiioccurrere
512 2027 683 2094 estimavit,
710 2028 738 2081 in
763 2028 892 2080 crastino
942 2020 983 2062 Ἠ*
1012 2024 1103 2077 totius
1134 2024 1280 2091 civitatis,
1306 2025 1432 2093 primum
1457 2025 1574 2094 quidem
1604 2029 1776 2099 capitaneo,

54 2126 127 2166 vero
143 2115 243 2166 sancti
259 2113 417 2185 Gangerici
433 2115 597 2170 venientem
607 2117 642 2169 ad
654 2131 688 2169 so
699 2131 765 2169 cnm
778 2131 892 2169 summa
944 2112 1049 2166 deiude
1060 2113 1178 2180 ceteris,
1188 2112 1323 2181 preciosa
1335 2129 1457 2166 munera
1468 2115 1611 2185 erogavit.
1623 2116 1696 2170 Dein
1707 2132 1777 2172 vero

55 2202 250 2256 veneratione
265 2202 409 2272 suscepit.
427 2203 489 2257 Hoc
505 2207 601 2258 autem
616 2208 675 2259 tam
691 2205 820 2275 speciale
836 2207 894 2259 cot·
945 2202 1043 2255 licitis
1060 2202 1247 2271 perveniens,
1264 2217 1317 2271 per
1333 2202 1450 2273 singula
1466 2205 1644 2257 monasteria
1670 2205 1777 2260 multas

58 2290 190 2360 loquium
206 2294 238 2345 et
253 2294 340 2345 tantae
355 2292 551 2346 solemnitatis
576 2298 752 2348 conventum
775 2309 832 2347 non
848 2297 893 2347 cst
946 2307 1018 2360 opcs
1031 2290 1189 2355 distribuit,
1208 2290 1378 2361 nullumque
1390 2292 1499 2344 bonnm
1512 2295 1561 2344 aut
1576 2293 1718 2347 clericum
1728 2299 1778 2348 aut

58 2395 129 2433 meae
144 2380 304 2449 parvitatis
318 2380 473 2446 evolvere;
491 2382 541 2436 uhi
566 2383 683 2454 quidem
708 2382 894 2437 diversarum
946 2380 1122 2432 monachum
1153 2380 1285 2449 preteriit
1314 2379 1502 2447 indonatum,
1532 2380 1622 2434 veluti
1651 2382 1777 2452 quodam

59 2470 209 2523 nationum
226 2468 364 2525 ducesac
378 2472 574 2541 satrapae,ubi
588 2488 771 2527 summorum
786 2475 814 2526 et
830 2472 893 2525 iltu-
946 2469 1096 2540 presagio
1111 2468 1309 2522 imminentem
1334 2469 1421 2534 aliem,
1438 2470 1489 2539 qui
1516 2469 1637 2523 nimium
1660 2471 1777 2525 vicinus

59 2559 162 2612 atrium
173 2559 318 2626 virorum,
327 2563 386 2613 tam
403 2561 611 2630 cpiscoporum
622 2562 761 2615 videlicet
773 2567 896 2631 qaamet
947 2561 1018 2623 crat,
1031 2557 1077 2610 sui
1093 2558 1191 2611 obitus
1203 2557 1389 2627 praevideret.
1401 2558 1572 2613 Novissime
1582 2574 1655 2613 vero
1671 2560 1778 2614 domno

59 2647 209 2716 ahbatum,
225 2648 257 2701 in
273 2664 397 2703 numero
412 2650 580 2704 confluxere
596 2665 745 2719 personne.
773 2651 814 2703 dd
839 2650 895 2704 hoc
947 2645 1079 2700 Gerardo
1095 2647 1235 2716 episcopo
1252 2649 1457 2714 commcutum,
1468 2648 1542 2701 utad
1560 2653 1782 2703 suarevertere-

58 2738 150 2790 autem
159 2737 283 2806 plurimi
292 2742 506 2803 convenerunt,
517 2739 728 2810 uidignitatom
741 2740 897 2808 imperato·
925 2727 928 2733 ⁴
949 2741 1004 2798 tur,
1023 2736 1259 2803 accommodans,
1276 2752 1381 2790 aurum
1396 2735 1555 2805 plurimum
1585 2737 1782 2806 didragmavit

59 2826 127 2878 riam
143 2826 434 2896 mirarentur,qunm
445 2831 596 2897 tantopore
608 2828 896 2882 tamaiandahnt.lbi
950 2821 1034 2893 (369),
1052 2841 1085 2877 ac
1100 2829 1203 2893 postca
1220 2824 1401 2892 valedicens,
1415 2828 1526 2878 sanctae
1543 2825 1710 2879 Marioeduo
1722 2824 1782 2895 pat·

62 2919 137 2966 certe
146 2915 235 2982 pacis
251 2914 423 2984 etjusticiae
443 2931 557 2969 summa
572 2916 708 2971 dittlnitio
728 2920 896 2987 mutuaeque
950 2914 998 2980 tia,
1016 2928 1105 2967 unum
1121 2913 1257 2982 simplex,
1274 2913 1399 2967 atterum
1417 2914 1445 2967 in
1470 2913 1558 2967 modo
1580 2914 1679 2968 crucis
1695 2927 1784 2968 aurea

63 3002 196 3056 amicitie
212 3004 289 3057 iacta
305 3004 516 3072 reconciliatio,
537 3005 577 3057 ihi
597 3021 713 3077 quoque
729 3005 896 3076 diligentis·
912 2994 937 3054 C
952 3001 1110 3072 superficie
1126 3002 1309 3072 insignitum,
1326 3002 1492 3055 transmisit
1506 3018 1561 3071 per
1576 3017 1653 3056 eum.

63 3091 132 3146 aime
143 3092 442 3162 depacesanctaellei
453 3093 732 3149 aecclesiaemaxime
743 3098 896 3149 tractatum
986 3091 1030 3145 39.
1059 3091 1212 3144 Reversus
1231 3091 1328 3160 itaque
1351 3091 1477 3145 domnus
1492 3091 1663 3161 episcopua,
1679 3106 1696 3143 a
1711 3105 1784 3144 con-

65 3186 113 3249 cst,
131 3185 161 3235 et
183 3182 335 3252 quomodo
359 3182 583 3252 christianitati,
606 3198 672 3253 quan
698 3187 739 3237 tot
762 3185 897 3253 lapsibus
951 3181 1045 3235 suetis
1070 3179 1155 3233 matis
1172 3179 1295 3233 Walteri
1320 3179 1439 3233 minime
1461 3178 1593 3232 feriatur.
1616 3179 1694 3233 lnter
1717 3193 1785 3249 quae

66 3273 145 3336 patet,
163 3271 274 3325 melius
291 3271 453 3325 subvenire
469 3271 622 3326 deberent.
642 3271 715 3326 Exin
732 3288 803 3328 vero
828 3289 897 3328 sese
951 3270 1085 3339 plurima,
1098 3267 1240 3338 juvenem
1256 3283 1342 3321 suum
1368 3268 1513 3338 quendam
1536 3267 1712 3321 Rotbertnm
1728 3282 1783 3322 no·

68 3359 189 3414 invicem
211 3360 427 3429 consulentes,
453 3360 573 3414 ubinam
596 3362 701 3416 iterum
725 3366 898 3417 conventuri
951 3360 1039 3425 utine,
1051 3361 1109 3411 tum
1125 3357 1276 3411 nobilitate
1286 3357 1405 3427 generis
1415 3372 1502 3427 quam
1514 3356 1621 3410 virtute
1636 3359 1784 3426 praestan·

68 3446 202 3502 domnum
218 3449 509 3519 etiamapoetoiicum
520 3467 575 3504 una
587 3455 717 3505 cumtam
728 3453 798 3505 citra
811 3468 897 3522 quam
951 3453 1019 3515 tom,
1036 3448 1104 3518 quia
1121 3445 1332 3514 suspicabatur
1346 3462 1414 3499 eum
1429 3461 1492 3500 suae
1507 3445 1647 3500 tirannidi
1663 3444 1786 3499 obstitu·

68 3536 133 3591 ultra
151 3539 271 3609 Alpinis
283 3540 433 3609 episcopis
457 3554 560 3594 secum
582 3538 727 3609 babeant,
752 3555 898 3610 nusquam
951 3551 1026 3601 rum,
1045 3535 1133 3605 coepit
1146 3534 1285 3604 paulatim
1302 3535 1369 3589 odio
1384 3535 1536 3589 insectari.
1554 3533 1612 3588 Sed
1629 3548 1688 3588 non
1704 3534 1786 3603 quie·

68 3627 155 3694 aptius
171 3642 263 3698 quam
280 3627 378 3697 Papiae
393 3628 567 3682 dcccmnnt.
586 3628 640 3682 His
657 3630 694 3681 ita
711 3630 816 3700 gostis,
832 3645 898 3683 cum
950 3626 1001 3693 vit,
1015 3625 1109 3679 donec
1122 3639 1200 3693 cum,
1213 3623 1349 3694 quamvis
1364 3623 1420 3677 suh
1437 3621 1672 3692 interpellatione
1688 3621 1786 3676 domni

69 3715 95 3768 ab
109 3716 244 3770 invicem
252 3716 407 3771 discedere
416 3717 601 3782 debuissent,
612 3734 646 3772 ac
662 3719 808 3789 veroquis
819 3722 898 3771 tanta
951 3713 1110 3783 pontilicis,
1126 3713 1176 3783 qui
1192 3729 1246 3768 eos
1263 3711 1408 3767 foederare
1435 3713 1596 3783 quaerebat,
1623 3713 1652 3765 iu
1677 3711 1785 3765 tribuis

11 3868 13 3883 Ι
69 3819 93 3857 ac
108 3806 181 3858 tanti
196 3805 343 3875 ponderis
357 3821 479 3860 munera
496 3804 681 3861 sufficienter
703 3808 808 3876 poterit
824 3808 897 3860 csti-
951 3802 1015 3872 (370
1031 3803 1170 3872 positum,
1188 3802 1274 3856 etiam
1298 3802 1345 3856 die
1370 3802 1522 3856 Dominica
1546 3799 1703 3855 interiecit.
1728 3801 1787 3854 Pro

68 3906 149 3958 nare,
168 3893 283 3965 quibus
295 3895 430 3949 vicissim
447 3897 607 3964 imperator
618 3911 718 3967 regem
729 3896 897 3965 donavit‚nb
952 3907 1009 3962 qua
1024 3907 1057 3946 re
1074 3895 1102 3944 et
1117 3890 1183 3945 aliis
1199 3891 1267 3945 huic
1283 3891 1432 3944 similibus
1448 3906 1514 3945 eum
1526 3890 1734 3945 exterminavit
1748 3888 1785 3943 ab

11 3978 13 4023 i
68 3983 292 4053 archiepiscope
308 3983 444 4037 vidcticct
458 3984 680 4039 Coloniensium
700 3988 728 4039 ct
750 4002 767 4039 a
790 3985 897 4039 domno
951 3982 1034 4035 urhe.
1051 3980 1108 4034 Sed
1126 3980 1213 4050 paulo
1224 3983 1301 4050 post,
1312 3980 1406 4048 culpis
1414 3980 1657 4034 Christianorum
1669 3978 1791 4049 exigen-

11 4124 13 4131 ,
68 4071 195 4126 Gerardo
211 4072 365 4140 episeopo,
388 4072 441 4126 sed
457 4076 485 4126 ct
503 4089 520 4126 a
536 4074 610 4127 duce
626 4072 784 4129 Gadeirido
810 4074 897 4128 simul
953 4071 1031 4124 tibus
1042 4068 1681 4138 imper-atoredeiuncto,aliisquidemcausis
1698 4082 1787 4121 coac-

66 4160 170 4214 ablatis
181 4161 196 4213 ‘t
206 4160 273 4214 hex
283 4159 605 4230 imperatoremdonare
617 4163 750 4233 cupienS,
759 4179 898 4235 quaecun-
952 4155 1787 4227 tue,inCastellumrecipereestimavit,subconventione

67 4250 232 4322 qnerotuit
247 4264 368 4303 munera
383 4253 415 4304 ut
438 4251 605 4320 susciperet
627 4253 826 4322 praesentavit.
843 4253 897 4317 Qui
913 4252 940 4312 D
954 4250 1051 4302 tamen
1063 4251 1248 4300 sacramento
1259 4245 1463 4300 subnixa.Sod
1474 4245 1541 4315 quia
1551 4243 1710 4313 sepissime
1722 4257 1788 4313 per·

64 4340 206 4394 amnibus
221 4354 290 4393 cum
306 4339 468 4410 gratiarnm
492 4341 606 4395 actione
630 4342 779 4410 remissis,
799 4344 898 4410 utpote
918 4402 925 4409 ,
951 4336 1064 4407 ,jurium
1080 4335 1224 4403 incidens,
1242 4350 1299 4388 non
1319 4348 1387 4387 raro
1404 4334 1507 4403 culpas
1530 4333 1634 4387 solitas
1652 4330 1785 4402 iterabat,

65 4428 246 4496 ditissimus,
270 4427 386 4482 dentem
410 4429 611 4483 tantummodo
632 4432 727 4484 sancti
753 4430 899 4484 Vincentii
955 4424 1166 4481 conventiones
1183 4423 1248 4477 illas
1264 4423 1464 4493 saepissimas,
1480 4437 1555 4493 quaa
1578 4422 1685 4476 domno
1701 4419 1784 4493 cpis-

63 4516 207 4583 martiria,
218 4531 256 4569 ne
271 4515 410 4571 immunis
422 4516 582 4585 videretur,
591 4519 719 4572 retinuit.
727 4518 790 4573 Nec
802 4519 898 4573 solum
954 4530 1038 4585 copo,
1056 4514 1125 4567 dum
1141 4512 1394 4581 reconciliaretur,
1412 4511 1517 4566 callide
1533 4510 1787 4580 promittebat,ra·

62 4610 163 4659 antem
181 4606 342 4675 imperator
356 4620 458 4676 regem
472 4606 585 4676 putavit
600 4606 898 4673 domandum,vcrum
953 4606 1013 4657 tum
1030 4602 1167 4657 duximus
1184 4601 1416 4668 subnectendas
1427 4603 1459 4655 ut
1470 4601 1565 4655 lector
1575 4598 1711 4653 videlicet
1719 4597 1788 4666 pius

62 4695 153 4748 ctiam
171 4709 277 4748 ornnes
291 4697 350 4747 tam
365 4695 524 4764 episcopos
539 4709 627 4764 quam
641 4695 775 4764 abbates,
793 4697 846 4751 scd
871 4701 899 4751 ct
953 4693 1121 4762 patientiam
1136 4691 1269 4761 episcopi
1286 4691 1459 4761 conpatiens
1484 4690 1656 4755 admiretur,
1678 4691 1706 4740 ct
1730 4687 1787 4739 im-

63 4782 200 4853 maiores
215 4782 505 4854 quosquepreciosis
514 4784 685 4837 muneribus
696 4786 898 4855 accumulans,
954 4797 1085 4835 mensam
1098 4780 1202 4834 tiranni
1214 4781 1348 4833 sevitiam
1360 4778 1631 4833 cumadmiratione
1642 4775 1785 4845 deploret.

63 4871 181 4926 nullum
195 4886 283 4942 poene
297 4872 466 4926 indonatum
481 4872 609 4943 reliquit.
623 4872 807 4945 Quicumque
827 4889 900 4946 ergo
953 4873 1027 4926 Sunt
1043 4875 1139 4924 autem
1155 4868 1347 4940 hujusmodi:

62 4960 134 5016 illuc
150 4964 352 5016 convenerant
364 4962 584 5032 imperatoriam
594 4964 843 5034 magnificentiam
853 4979 901 5018 co·
990 4958 1034 5015 40.
1054 4980 1065 5009 ι
1088 4958 1271 5013 Fidetitatem
1296 4956 1446 5012 sicuttibi
1469 4954 1595 5026 promisi
1619 4952 1785 5024 adtendam,

728 5076 876 5137 VARIAE
897 5072 1131 5140 LECTIONES

98 5233 142 5279 ²¹⁷
158 5234 245 5293 deest
259 5232 286 5292 3.
302 5234 330 5292 t.
367 5229 408 5278 ²⁸8
423 5235 637 5292 monasterium
652 5237 678 5292 5.
692 5236 864 5294 monasterii
879 5234 917 5291 t'.

868 5353 997 5416 NOTAE

101 5516 179 5585 aaut)
188 5515 371 5572 Gadeiridua
384 5513 601 5572 Lothariensis.
992 5511 1065 5584 (368)
1077 5514 1188 5569 Ducem
1204 5509 1406 5584 [lotharingiae
1422 5509 1586 5582 superioria
1602 5508 1646 5567 Le
1659 5509 1751 5568 Gnaa.

101 5588 180 5655 (365)
196 5587 271 5656 lvci,
283 5586 320 5641 ad
335 5587 364 5642 ss
380 5585 495 5642 Cbiers.
992 5585 1067 5655 (369)
1078 5587 1098 5641 t.
1115 5602 1141 5641 e.
1157 5586 1256 5655 plenat
1271 5599 1360 5639 manu
1376 5584 1498 5639 divisit.

102 5657 180 5729 (366)
195 5659 358 5728 Mouzon,
350 5674 380 5713 m
395 5659 553 5715 Ardennis
992 5656 1067 5728 (370)
1082 5657 1104 5711 1.
1120 5671 1146 5712 e.
1163 5655 1278 5728 treviis,
1295 5656 1372 5711 undo
1387 5653 1498 5713 Gallica
1511 5670 1570 5712 von
1583 5652 1710 5710 achran
1725 5652 1788 5709 trd-

102 5672 218 5805 (teht
236 5744 262 5787 e
279 5700 398 5806 aequa
412 5728 544 5789 dextram
554 5732 616 5791 ivit
961 5743 1012 5786 ves
1027 5728 1047 5785 i.
1064 5743 1093 5802 q.
1110 5729 1235 5806 treuge.
