3900 6112
1764 309 1823 375 398

103 334 155 409 397
764 318 939 384 NOTITIA
957 314 1187 380 Hlsroteloa

107 533 209 605 quibus
225 531 338 602 aliquot
352 544 390 584 ex
404 528 460 582 ista
476 522 707 596 congregatione
715 518 851 575 monachi
867 533 936 572 cou-
956 504 974 562 d·
997 513 1127 593 saeviens
1138 510 1401 565 nitebaturmultos
1418 525 1523 564 servos
1538 510 1589 564 Dei
1602 510 1711 580 injusta
1727 511 1823 566 servi-

101 621 157 693 J'arn
172 623 298 691 possent
315 617 446 689 pericula
457 612 636 668 imminentia
648 611 808 673 sustinere,
829 606 936 660 oratio·
996 606 1057 657 tute
1069 601 1249 670 deprimerc;
1265 598 1348 669 justo
1360 598 1473 668 jndicio
1490 599 1587 652 annsit
1605 600 1633 651 in
1651 604 1824 669 perpetuum

106 726 156 766 aes
169 725 248 780 quas
262 723 317 779 pro
333 706 398 762 suis
421 699 663 775 persecutoribus
679 697 763 768 juxta
784 693 936 764 Evangelii
995 689 1224 744 dominationem
1241 703 1328 756 qnam
1347 686 1478 754 tenebat,
1498 687 1547 756 qni
1572 687 1599 738 in
1615 688 1825 756 possessiones

105 796 289 855 effundebant
315 797 512 865 praeceptum,
529 789 692 843 statuerunt
713 784 849 840 devotius
874 797 937 835 am·
997 778 1166 833 Dominicis
1182 775 1292 846 injusta
1304 774 1456 844 tyrannide
1473 775 1624 828 sceviebat.

106 888 214 959 pliare3
229 884 408 953 nudatisque
422 879 548 952 pedibus
563 877 599 930 ad
611 873 804 944 corpusbeati
821 868 937 924 ltlartini

110 957 938 1047 processerunt,assumptissocumdebilibusetleprosis

109 1078 183 1135 quos
195 1062 231 1117 de
243 1061 323 1114 rictu
334 1058 382 1113 vel
396 1051 685 1112 vcstitumonasterii
701 1047 895 1114 sustinebant,
911 1046 940 1098 et

113 1167 236 1223 quorum
252 1163 360 1220 preces
376 1145 452 1216 apud
473 1143 627 1196 Dominum
642 1138 741 1192 valere
756 1135 940 1190 contidcbant

112 1239 379 1312 quamplurimum:
407 1233 467 1300 ubi,
497 1229 674 1285 unanimiter
703 1227 732 1279 in
757 1222 939 1280 orationibus

115 1328 320 1398 persistentes,
329 1318 622 1393 implorabantlloum
638 1318 665 1369 et
676 1314 769 1368 sancti
782 1311 894 1375 merita,
910 1312 940 1361 nt

117 1421 225 1488 pestem
254 1414 334 1467 illam
363 1416 421 1465 tam
445 1407 642 1463 saevissimam
671 1397 940 1457 suarnisericordia

121 1505 302 1574 temperaret,
329 1514 366 1554 ne
394 1499 491 1552 locum
506 1495 620 1548 illorum
637 1493 812 1562 perseeutor
826 1486 874 1540 illa
888 1484 941 1538 de-

119 1595 249 1658 strueret,
265 1588 419 1656 undeipse
430 1582 616 1656 postmodum
632 1581 661 1633 in
677 1579 822 1632 internum
837 1588 941 1645 pinnas

119 1680 239 1735 luiturus
247 1676 453 1732 descenderet.
464 1673 518 1725 His
530 1668 752 1740 paractisetiam
765 1665 801 1718 ud
810 1664 944 1717 abbatam

121 1752 944 1833 cluniacensemrecolendramemoriaevirum,Hugonom

1033 884 1059 938 6.
1077 883 1181 937 Scdata
1193 882 1248 935 hnc
1264 884 1435 950 tempestate
1447 881 1680 934 Bartholomaeus
1692 881 1828 935 Turonos

1000 987 1153 1038 rever-sue,
1162 975 1252 1024 totnm
1262 985 1331 1024 sese
1343 969 1422 1022 dedit
1433 969 1461 1022 in
1472 969 1682 1038 componendis
1694 968 1829 1022 dissidiis

999 1077 1065 1131 qure
1082 1060 1158 1112 intcr
1170 1059 1266 1127 ipsum
1283 1058 1493 1111 monasterium
1510 1060 1537 1110 et
1548 1057 1831 1127 plerosquevicinos

999 1153 1075 1201 mota
1094 1150 1184 1200 erant.
1202 1144 1377 1216 Complures
1397 1145 1433 1197 de
1453 1145 1490 1197 iis
1513 1145 1602 1197 rebus
1618 1145 1830 1198 conventiones

999 1236 1084 1290 factae
1101 1238 1178 1301 sunt,
1197 1231 1305 1302 quibus
1327 1231 1561 1284 Bartholomaeus
1586 1231 1659 1285 alios
1678 1230 1828 1301 precibus,

1000 1324 1073 1377 alios
1090 1321 1218 1386 moniliS,
1240 1321 1398 1373 nonrmtlos
1414 1320 1499 1372 ctiam
1518 1321 1637 1388 erogata
1657 1319 1781 1386 pecunia
1795 1317 1833 1372 ad

1000 1426 1102 1481 pacem
1119 1409 1267 1463 invitabat.
1280 1406 1466 1476 lllnstreprae
1482 1407 1599 1460 cacteris
1610 1405 1701 1476 hujus
1711 1406 1754 1460 rei
1764 1419 1830 1460 mo·

1002 1501 1171 1552 numentum
1205 1496 1363 1562 habemus,
1389 1495 1542 1563 epistolam
1571 1493 1684 1547 scilicet
1710 1493 1777 1563 ejus
1797 1493 1833 1545 ad

1002 1581 1833 1655 Ernnldum,quemaliihrnaldumappcllant‚episcopum

1001 1674 1264 1739 Cenomanenscm,
1282 1671 1431 1740 scriptam,
1458 1670 1507 1739 qui
1525 1667 1835 1723 donationemVivonii

1002 1756 1833 1830 llonasterioltluj0riaWilgrinodecessor-esaeiaotam

119 1857 235 1925 mine,
266 1869 352 1908 suam
381 1850 550 1920 lmtitionem
579 1844 751 1899 dilexerunt
776 1840 948 1909 SUPPHcstffl'
965 1869 982 1924 q¹
1003 1856 1068 1905 eta
1094 1849 1220 1919 capitulo
1244 1846 1460 1902 Cenomanensi
1485 1846 1640 1914 firmatam,
1664 1844 1835 1899 rescindere

132 1947 275 1999 exorantes
290 1944 322 1995 ut
337 1941 402 2010 ipse
414 1942 442 1992 et
456 1939 557 1991 sancta
572 1929 947 1997 cluniacensiscongrega-

131 2033 217 2102 tiepro
228 2033 307 2085 tanta
316 2026 525 2100 persecutione
534 2019 694 2093 mitiganda
703 2018 756 2072 Dei
765 2012 949 2070 clementiam

129 2123 322 2190 precarentnr3
338 2116 462 2184 insuper
476 2116 506 2166 ut
522 2112 586 2180 ipse
601 2108 694 2163 abbas
712 2106 809 2160 locum
826 2100 948 2171 ltlajoris

138 2205 287 2261 tlonastcrii
304 2200 453 2259 consolari
468 2195 686 2268 suapraesentia
702 2193 887 2264 dignaretur3
899 2188 950 2259 qui

135 2295 263 2368 benignus
292 2296 323 2346 ut
353 2294 425 2358 erat,
441 2286 572 2358 petitioni
588 2299 691 2339 corum
706 2282 837 2351 benigno
852 2277 948 2330 animo

135 2383 272 2453 adquievit,
295 2380 427 2449 Cumque
436 2371 753 2447 llajusldonasterium
763 2364 950 2438 pervenisset

142 2471 288 2525 maculatus
303 2470 349 2523 est
360 2466 478 2528 tratres
492 2466 520 2517 et
535 2461 662 2515 Turonis
679 2458 714 2512 ad
730 2456 864 2511 comitem
882 2454 950 2505 sunt

136 2559 240 2627 protecti
257 2574 264 2613 ε
282 2557 371 2627 cuius
386 2554 512 2624 pedibus
527 2547 715 2621 prosternati,
733 2561 799 2599 eum
811 2541 886 2596 ntub
902 2539 950 2592 illa

141 2648 323 2714 persecutione
344 2643 406 2714 jam
427 2642 560 2695 cessaret
576 2637 773 2707 precabantur
789 2630 947 2694 humiliter,

143 2735 177 2789 sed
185 2737 343 2790 incassum.
354 2733 429 2784 Nam
440 2744 551 2797 comes,
562 2729 592 2780 in
601 2741 685 2779 suam
697 2722 842 2777 saevitiam
856 2717 946 2771 obsti·

143 2827 215 2893 natus,
245 2839 301 2878 nec
329 2818 467 2890 lacrymis
483 2818 579 2870 ttcxus
602 2817 647 2867 cst
662 2809 883 2872 monachorum,
896 2819 950 2857 nec

141 2909 229 2967 albatis
252 2909 394 2981 precibus
423 2905 579 2975 acquievit,
610 2916 665 2955 nec
682 2916 715 2953 sc
738 2897 785 2950 vol
800 2895 949 2948 medicea

141 2993 502 3072 persequendismonachis
519 2989 704 3060 temperavit.
717 2985 831 3050 Quibus
841 2983 877 3034 nd
887 2995 951 3033 mo-

140 3090 278 3144 nasterium
296 3083 499 3149 redeuntibus,
517 3079 610 3133 abbas
621 3090 739 3147 quoque
750 3084 895 3127 reversus
906 3070 953 3120 est

140 3171 301 3243 duniacum,
328 3164 443 3226 abbate
458 3167 581 3239 ltajoris
599 3162 769 3218 Monastcrii
784 3158 951 3225 comitante,

137 3267 170 3331 tui
183 3265 324 3319 videlicet
340 3260 434 3314 abbas
455 3255 577 3326 Mcjeris
598 3250 779 3316 Monasterii,
797 3251 953 3314 autequam

135 3346 186 3410 ille
210 3352 332 3419 rediret,
362 3345 494 3414 suscepit
509 3358 613 3398 sacros
633 3340 753 3395 ordines
769 3333 953 3400 sacerdotis3

132 3443 238 3508 quando
254 3439 334 3495 enim
358 3436 471 3490 electus
500 3434 545 3487 est
561 3431 590 3485 in
614 3428 759 3496 abbatem,
776 3423 872 3479 adhuc
889 3421 952 3474 dia-

133 3532 189 3587 voni
214 3525 381 3585 ministerio
395 3522 583 3594 fungebatur.
601 3518 694 3573 Perre
711 3515 790 3569 Deus
801 3511 851 3583 qui
866 3508 954 3578 erigit

124 3615 224 3689 elisos,
255 3620 285 3673 et
313 3613 468 3685 sperantes
496 3611 525 3663 in
550 3603 794 3670 senondescrit,
811 3598 954 3653 nondor-

122 3710 241 3765 mitabat
281 3701 453 3759 custodiens
490 3696 582 3751 lsrael
614 3691 807 3764 spiritualem,
837 3690 865 3742 et
893 3683 955 3738 aill-

120 3798 211 3852 ctioni
239 3806 396 3849 servorum
427 3802 559 3854 suorum,
592 3783 652 3855 qui,
680 3784 710 3835 ut
738 3779 881 3847 scriptum
910 3778 956 3828 est

120 3881 189 3952 iam
204 3882 332 3953 duplicia
342 3894 395 3950 pro
407 3875 536 3948 peccatis
551 3873 615 3927 suis
625 3870 807 3939 receperant,
820 3864 956 3918 misereri

118 3973 201 4028 ultra
215 3988 273 4027 nou
287 3967 418 4024 distulit:
434 3964 494 4034 qui,
511 3977 578 4016 cum
602 3959 640 4013 sit
662 3956 848 4025 omnipotens
870 3955 957 4021 atque

115 4059 237 4128 justus,
255 4060 283 4112 iu
299 4060 386 4126 caput
401 4052 516 4107 comitis
528 4049 611 4120 juste
627 4047 696 4100 tecit
706 4043 774 4114 ejus
784 4041 958 4112 injustitiam

125 4148 307 4204 redundare.
320 4145 393 4199 Nam
406 4145 436 4196 ut
447 4138 634 4194 manifestum
643 4135 817 4201 tieretquam
828 4128 958 4199 injustus

133 4251 235 4292 comas
258 4235 306 4289 ille
335 4233 480 4286 adversus
505 4226 640 4281 abbatem
668 4223 696 4277 et
712 4220 778 4273 illos
794 4217 957 4271 monachos

131 4326 307 4392 exstitisset,
324 4326 353 4376 ct
368 4325 397 4374 ut
412 4317 565 4390 appareret
579 4328 667 4384 qnam
676 4310 759 4380 justa
780 4307 890 4362 ultione
906 4321 960 4372 pu-

134 4412 257 4468 niendus
272 4414 342 4479 crat,
359 4410 409 4479 qui
427 4408 557 4460 sanctam
572 4397 814 4454 illamccclesiam
826 4398 881 4447 tam
892 4394 963 4445 irra-

136 4501 310 4557 tionabiliter
326 4496 492 4560 infestabat,
505 4493 595 4558 Deua,
612 4489 661 4559 qui
673 4499 791 4554 semper
805 4484 834 4536 in
849 4480 961 4536 sanctis

146 4569 961 4655 suismirabilis,presuishdelibusdignatuscstinsigne

144 4674 306 4733 miraculum
316 4674 442 4745 operari.
453 4672 615 4738 Postquam
626 4665 703 4718 enim
714 4675 814 4715 comcs
830 4662 961 4712 contem-

148 4764 340 4822 rsitahhatem
370 4759 627 4822 Bartholomaeum,
649 4754 677 4806 et
691 4749 826 4804 abbatem
842 4745 962 4799 Clunia-

152 4857 262 4921 etusam,
293 4857 323 4907 et
352 4847 513 4905 monachos
535 4841 685 4905 exaudire,
703 4852 792 4908 pravo
809 4831 962 4888 intervallo

155 4928 318 5014 interposito,
344 4940 434 4993 trater
452 4934 535 5005 ejus,
559 4931 649 4986 Fulco
671 4927 799 4992 nominc,
817 4923 962 4976 adversus

158 5032 208 5084 eln
218 5048 280 5087 cum
292 5044 380 5083 mann
392 5025 488 5079 valida
496 5018 665 5081 insurrexit,
675 5030 729 5069 nec
738 5015 774 5067 ab
785 5011 852 5082 ejus
863 5023 964 5080 perse·

159 5119 251 5176 cutione
266 5117 407 5181 cessavit,
424 5114 517 5166 donoc
533 5125 599 5164 eum
616 5104 774 5176 captumst
800 5100 836 5153 ab
852 5098 964 5151 honore

160 5204 281 5265 tritarum
296 5223 350 5278 per
365 5203 473 5257 multos
497 5213 592 5253 annos
608 5191 816 5262 inceptionem
832 5185 963 5240 detinuit.

160 5281 237 5369 lbique
265 5296 395 5361 atfictuS,
423 5294 451 5345 et
470 5288 568 5342 divina
591 5284 700 5338 ultione
722 5279 808 5331 datus
828 5276 914 5329 etiam
937 5272 965 5326 in

160 5376 297 5452 herenam
314 5395 447 5447 sensum,
459 5377 532 5431 vixit
546 5374 649 5446 postea
664 5371 731 5438 plus
746 5380 833 5436 quam
847 5362 967 5433 triginta

159 5476 275 5531 theosin
292 5475 348 5528 hae
362 5467 488 5533 miseria,
511 5465 597 5518 etiarn
611 5458 749 5514 hostibus
766 5451 965 5508 miserandus,

158 5553 428 5638 tertejustoJ‘udieio
438 5555 570 5629 privatus
582 5554 628 5605 est
638 5552 666 5603 et
681 5543 816 5614 corporis
836 5544 864 5595 ct
878 5537 966 5592 animi

158 5645 288 5722 libertat03
315 5649 398 5723 juste
424 5648 484 5702 tota
511 5657 565 5698 sna
580 5634 789 5693 miserabiliter
803 5641 968 5700 oppressus

155 5745 188 5804 et
197 5744 285 5802 unias
299 5736 429 5800 hominis
443 5733 597 5811 potestate,
626 5725 678 5802 qui
692 5725 794 5782 contra
813 5717 970 5776 Dominum

1003 1935 1254 1993 conahatur.Ennr
1269 1936 1412 2006 integrum
1426 1949 1463 1988 ex
1474 1933 1640 1988 authentico
1650 1932 1725 1986 infra
1735 1931 1835 2002 proie-

1002 2042 1113 2081 remus,

1040 2133 1095 2185 His
1110 2129 1218 2185 litteris
1234 2145 1354 2182 munera
1370 2127 1478 2198 adjecit
1493 2126 1738 2194 Bartholomaeus
1751 2125 1835 2195 queis

1004 2220 1135 2290 episcopi
1153 2218 1281 2271 animum
1297 2217 1443 2270 adversus
1459 2214 1581 2285 ltlajoris
1598 2213 1837 2267 Monasteriimo·

1005 2308 1117 2362 nachos
1133 2308 1310 2359 commotum
1322 2303 1477 2373 mitigaret.
1490 2302 1604 2365 Quibus
1616 2300 1731 2354 tandem
1741 2300 1837 2353 devic-

1004 2399 1052 2451 tus
1064 2394 1210 2448 Ernaldus
1224 2393 1261 2446 uh
1277 2392 1355 2446 omni
1370 2390 1573 2444 controversia
1589 2389 1728 2443 cessavit.

1039 2503 1066 2556 i.
1084 2502 1243 2555 Crescente
1262 2497 1478 2563 Bartholomaei,
1496 2495 1765 2563 monachorumque
1780 2492 1837 2546 sub

1005 2590 1071 2662 ejus
1082 2590 1225 2658 regimine
1233 2584 1576 2651 viventium‚sanetitatis
1587 2582 1671 2649 tama,
1680 2581 1838 2652 pervarias

1006 2679 1164 2734 Galliarum
1178 2674 1346 2745 provincias
1359 2672 1481 2744 hlujoris
1496 2670 1666 2725 Monasterii
1675 2669 1839 2723 institutum

1007 2759 1198 2839 propagatum
1208 2769 1263 2831 ost,
1275 2759 1633 2832 episcopisvirisquealiis
1645 2755 1839 2811 nobilibusex

1007 2872 1042 2912 ee
1052 2856 1116 2910 loco
1131 2853 1292 2907 monachos
1302 2849 1541 2919 efflagitantibus
1553 2847 1604 2916 qui
1620 2850 1668 2899 aut
1680 2860 1756 2898 nora
1773 2857 1838 2896 me-

1007 2944 1135 2999 naslei-ia
1144 2941 1314 3005 incolerent,
1328 2941 1376 2990 aut
1394 2938 1501 3002 vetera,
1521 2933 1669 3003 inquibus
1681 2930 1838 2998 disciplina

1009 3026 1380 3103 regularisintepuerat,nd
1389 3024 1538 3078 meliorem
1552 3018 1840 3074 statumrevoearent

1008 3119 1082 3183 Quin
1104 3121 1131 3170 et
1146 3116 1184 3168 'in
1206 3118 1324 3168 exteras
1345 3112 1431 3165 otiam
1454 3112 1588 3163 nationes
1610 3121 1717 3160 noman
1736 3119 1839 3158 eorum

968 3211 992 3270 C
1008 3205 1151 3277 pervenit.
1163 3202 1246 3257 Unde
1261 3200 1434 3255 Guillelmus
1443 3198 1648 3266 Conquaestor,
1659 3194 1727 3263 post
1736 3192 1839 3245 Haral·

1009 3296 1077 3350 dum
1101 3291 1216 3363 hugliae
1242 3288 1327 3359 regni
1350 3287 1519 3339 invasorem
1539 3284 1696 3348 devictum,
1722 3280 1839 3349 inipso

1009 3399 1117 3456 pngnae
1133 3381 1197 3435 loco
1213 3378 1332 3448 insigne
1353 3373 1519 3429 coenobium
1534 3373 1563 3424 in
1586 3370 1727 3424 honorem
1744 3366 1840 3422 sancti

1011 3471 1129 3526 Martini
1140 3467 1278 3533 condidit,
1287 3463 1365 3535 quod
1377 3463 1413 3517 ob
1426 3478 1490 3516 eam
1499 3475 1619 3521 causam
1629 3455 1841 3512 Beliumvoluit

1011 3558 1166 3631 appellari3
1183 3561 1210 3610 et
1221 3571 1236 3608 e
1253 3552 1357 3623 Majori
1369 3549 1547 3605 Monasterio
1559 3546 1724 3601 Turonensi
1734 3543 1841 3598 accivit

1012 3648 1185 3714 monachos,
1204 3658 1280 3715 quos
1294 3641 1336 3695 ihi
1347 3639 1463 3704 locavit,
1480 3652 1538 3691 une
1553 3651 1590 3689 ex
1600 3650 1703 3689 eorum
1716 3646 1840 3687 numero

1012 3740 1043 3794 in
1057 3736 1192 3791 abbatem
1207 3730 1310 3798 electo,
1331 3731 1362 3781 ut
1380 3727 1501 3781 narrant
1521 3724 1652 3778 historico
1669 3720 1841 3792 Anglicanoe

1014 3828 1186 3895 scriptores,
1213 3820 1254 3873 De
1282 3817 1372 3888 htqjus
1399 3812 1580 3878 monasterii,
1610 3809 1687 3881 quod
1715 3809 1745 3862 in
1769 3821 1843 3878 agro

1014 3910 1206 3969 Susscxiensi
1221 3908 1308 3961 situm
1324 3907 1401 3968 erat,
1418 3902 1524 3966 initiis,
1540 3896 1787 3968 possessionibus
1808 3909 1843 3947 ac

1013 3983 1841 4068 variisprivilegiistuseagtturtnhlonasticohuglicano,

1015 4089 1122 4157 tomol,
1134 4102 1201 4156 pag.
1213 4084 1274 4150 eto,
1293 4081 1343 4134 ubi
1353 4080 1438 4131 otium
1448 4072 1734 4140 reseruntur'atiquot
1747 4070 1844 4140 diplo-

1016 4182 1091 4234 mata
1113 4181 1173 4229 tum
1192 4167 1334 4225 Willelmi
1355 4167 1436 4234 regis
1458 4162 1553 4232 ipsius
1578 4159 1750 4225 conditoris,
1781 4160 1844 4210 tum

1015 4268 1139 4322 aliorum
1149 4259 1263 4331 hngliae
1275 4270 1388 4327 regum,
1399 4267 1464 4322 quaa
1473 4250 1530 4303 huo
1542 4247 1655 4301 reterre
1669 4243 1842 4314 nihiljuvat.

1016 4357 1100 4409 Circa
1123 4352 1199 4404 idem
1222 4355 1353 4415 tempus,
1377 4343 1406 4394 id
1430 4341 1476 4393 ost
1498 4351 1572 4390 anno
1594 4332 1672 4403 11057,
1699 4331 1844 4386 liudulfus

1017 4440 1205 4514 PaganelluS,
1222 4434 1331 4489 nobilis
1346 4429 1472 4500 hugluS,
1490 4425 1647 4479 ecclesiam
1658 4423 1773 4476 Sanctae
1782 4418 1845 4472 Tri·

973 4551 1000 4610 D
1018 4530 1126 4596 nitatis,
1144 4542 1229 4598 quam
1246 4520 1370 4576 lihoraci
1383 4516 1519 4582 habebat,
1535 4512 1657 4583 Maioris
1675 4505 1846 4562 Monasterii

1019 4617 1149 4674 abluatiot
1157 4610 1309 4669 monachis
1323 4629 1334 4657 r
1347 4605 1474 4672 tradidit,
1485 4603 1607 4670 cupiens
1617 4597 1770 4652 servitium
1781 4593 1845 4662 Dei,

1019 4709 1096 4781 quod
1107 4707 1134 4759 iu
1146 4719 1179 4757 ea
1191 4699 1366 4770 deperierat,
1377 4694 1571 4748 reformare...
1582 4691 1738 4757 quatenus,
1754 4680 1849 4751 inquit

1021 4795 1152 4852 assiduis
1168 4793 1300 4860 ipsorum
1316 4783 1499 4838 orationihus
1514 4781 1625 4846 partem
1641 4774 1734 4826 heatae
1748 4784 1848 4823 resur·

1020 4883 1160 4940 rectionis
1176 4883 1205 4934 in
1223 4879 1320 4932 tuturo
1336 4873 1444 4926 habero
1459 4881 1605 4920 merem.»
1624 4861 1728 4913 Varias
1743 4855 1849 4911 deinde

1021 4971 1233 5046 possessiones
1250 4963 1358 5035 adjecit
1376 4959 1410 5013 ad
1427 4953 1637 5010 monachorum
1656 4944 1848 5001 sustentatio-

1022 5079 1105 5124 nem,
1128 5074 1195 5128 quaa
1215 5067 1311 5109 omma
1331 5044 1497 5101 Alexander
1512 5040 1535 5093 ll
1560 5051 1694 5091 summus
1719 5031 1851 5103 pontifex

1023 5146 1215 5205 confirmavit.
1234 5141 1307 5211 lljus
1327 5136 1454 5204 diploma
1470 5131 1498 5182 in
1518 5133 1594 5180 lenio
1611 5121 1851 5177 laudatoMonas·

1023 5240 1072 5294 tici
1083 5232 1235 5306 huglicnui
1249 5228 1385 5289 retertur,
1398 5219 1504 5291 pagina
1519 5215 1580 5280 cet,
1591 5214 1640 5269 ubi
1656 5208 1854 5281 plurahaben·

1023 5354 1120 5409 turdo
1136 5347 1237 5403 eodem
1254 5343 1364 5397 sanctae
1379 5332 1528 5388 Trinitatis
1544 5329 1673 5400 prioratu

1059 5441 1085 5495 8.
1103 5439 1164 5492 Nec
1179 5431 1338 5504 putandum
1351 5429 1393 5480 tot
1408 5421 1508 5489 cellas,
1525 5434 1591 5489 quae
1614 5419 1682 5469 tunc
1710 5408 1853 5481 temporis

1023 5528 1129 5600 Maiori
1142 5517 1319 5578 htonasterio
1335 5511 1479 5582 subjectae
1494 5508 1622 5574 luerunt,
1639 5503 1675 5556 ab
1691 5499 1796 5554 abbate
1806 5494 1856 5551 aut

1025 5615 1179 5674 monachis
1197 5606 1333 5682 ejusdem
1348 5600 1406 5656 loci
1421 5595 1619 5654 emendicatas
1635 5591 1741 5655 inisse,
1757 5592 1859 5640 cume

1025 5703 1171 5768 contrario
1200 5696 1324 5776 gratiam
1345 5689 1404 5749 sihi
1432 5683 1571 5763 prestari
1589 5675 1792 5737 existimarant
1813 5662 1865 5735 att
