3900 6112
130 258 189 320 723

131 455 336 521 municautur;
352 456 419 510 duae
437 456 548 510 tantum
572 455 726 525 particulae
748 453 835 519 illius.
849 453 968 524 hostiae,

132 562 220 617 quam
235 546 377 600 sacerdos
394 545 503 611 divisit,
526 560 584 598 non
609 546 768 599 mutentur.
790 543 970 598 Praedietam

133 639 231 689 autem
245 625 385 704 pixidem,
403 633 471 686 dum
486 633 591 704 psalmi
610 633 769 687 familiares
780 634 970 704 posttertiam

134 724 283 792 dicuntur,
301 723 444 777 diaconus
469 723 505 776 de
530 722 668 777 columba
687 721 804 793 jugiter
825 722 971 793 pendente

132 827 226 881 super
242 813 342 880 altare,
359 812 436 866 beno
451 827 517 868 cum
528 810 647 866 linteolo
657 811 692 864 de
704 811 826 880 pulvere
836 810 969 864 exterius

135 904 227 970 tersa,
245 899 399 969 abstrahit,
416 902 443 954 et
459 915 549 968 super
564 899 700 953 dextrum
716 915 809 953 cornu
836 900 892 953 snb
908 913 973 952 coo-

134 989 265 1059 pertorio
282 989 373 1058 ponit,
385 988 536 1058 missaque
546 988 626 1042 linita
641 988 670 1042 in
686 988 790 1042 eodem
805 988 870 1042 loco
887 1002 972 1056 repo-

136 1079 188 1132 nit.
206 1078 368 1148 Postquam
385 1079 481 1131 autem
497 1077 699 1131 subdiaconus
723 1079 752 1130 ot
776 1076 912 1131 minister
937 1075 972 1129 de

138 1170 204 1222 ante
220 1167 310 1221 altare
320 1152 524 1233 discesserint,
534 1166 661 1235 quisque
672 1181 727 1219 sua
738 1165 774 1218 ad
785 1165 974 1219 armariolum

140 1259 280 1326 reportat.
301 1254 357 1308 Ubi
379 1254 592 1324 quantumlibet
614 1253 694 1307 olera
719 1253 784 1307 dies
804 1252 854 1322 sit,
877 1256 974 1307 tamen

141 1359 207 1398 eum
223 1359 310 1398 cereo
326 1347 494 1413 utrumque,
510 1345 616 1412 patena
640 1343 763 1409 scilicet,
781 1357 975 1413 superquam

140 1433 255 1488 Domini
272 1447 381 1501 eorpus
398 1432 519 1485 fractum
536 1431 635 1499 luerit,
653 1434 681 1485 et
705 1431 784 1485 calix
806 1430 975 1502 diligentis-

140 1523 214 1576 simo
231 1520 458 1576 considerantur
474 1537 489 1574 a
505 1520 687 1575 subdiacono
713 1522 770 1574 ete
787 1519 932 1588 ministro,
949 1519 975 1572 si

544 323 548 330 ,
617 255 821 320 UDALRICI
845 251 1153 318 CLUNIAGENSIS
1175 252 1376 319 MONACHI

981 435 1008 496 Ᾱ
1028 469 1115 508 unam
1130 469 1275 522 mensam,
1292 457 1395 523 postea
1410 453 1447 506 ad
1461 467 1566 508 omnes
1581 451 1612 507 in
1635 451 1694 506 alie
1714 464 1727 523 1

1028 544 1072 597 sic
1087 544 1192 598 iterum
1205 544 1281 598 redit
1296 543 1333 597 ad
1345 543 1507 610 dexteram,
1517 545 1544 596 et
1552 541 1714 597 tribuentis

1029 631 1157 703 singulis
1174 633 1336 687 osculatur.
1344 630 1466 696 Quoties
1477 629 1727 700 benedicit,iaeit‘

1029 736 1080 774 ces
1095 724 1196 775 eontra
1211 736 1345 775 mensam
1361 719 1562 791 principalem,
1573 723 1678 774 contra
1690 719 1727 775 de

1030 811 1200 879 sinistram3
1226 810 1262 863 ad
1286 813 1387 878 potum
1410 824 1482 863 vero
1506 823 1565 863 non
1590 809 1648 862 nisi
1669 823 1727 864 uae

1031 897 1445 968 completorium,priusqaam
1455 898 1541 951 tertia
1555 896 1678 952 finiatur
1690 911 1727 952 or

1031 987 1067 1040 de
1083 986 1173 1041 choro
1187 988 1223 1041 ad
1238 1003 1344 1057 aquam
1359 985 1727 1056 benedictam,utcumeai

1031 1078 1180 1146 aspergat.

1067 1163 1102 1218 Et
1117 1165 1185 1234 quia
1201 1164 1366 1219 sacerdotis
1382 1163 1475 1219 semel
1494 1164 1625 1234 memini,
1641 1166 1674 1218 ut
1695 1162 1726 1219 hi

1032 1267 1100 1323 gam
1125 1253 1204 1322 quod
1226 1253 1321 1307 adhue
1341 1253 1378 1307 ad
1399 1268 1466 1307 eum
1486 1253 1658 1324 specialiter
1679 1267 1727 1324 per

1031 1341 1154 1395 missam
1170 1342 1315 1411 privatam
1332 1343 1449 1396 eantare
1463 1341 1600 1410 veluerit,
1611 1341 1727 1397 innuit<

1032 1445 1099 1484 eum
1114 1430 1202 1501 signo
1229 1430 1338 1498 crucis,
1360 1429 1439 1502 quod
1460 1432 1510 1485 est⁴
1528 1430 1649 1502 signum
1671 1429 1727 1485 mis

1031 1518 1138 1572 tanda.
1159 1518 1224 1585 Qui,
1243 1519 1383 1572 continuo
1407 1533 1538 1588 sequens
1553 1518 1637 1573 illum
1653 1517 1691 1573 ad
1704 1518 1727 1575 lt

141 1611 213 1681 quid
224 1610 299 1665 torte
313 1609 361 1663 vel
376 1609 608 1663 minutissimum
621 1609 656 1663 de
668 1624 792 1679 corpore
802 1608 916 1663 Domini
926 1623 975 1661 re·
1032 1612 1102 1661 sunt
1116 1606 1253 1660 utensilia
1264 1606 1416 1661 recondita
1432 1607 1467 1660 ad
1477 1606 1622 1662 solemnia
1634 1605 1727 1664 missa

141 1699 301 1764 manserit;
318 1703 356 1768 ot,
373 1699 399 1752 si
415 1699 484 1768 quid
499 1698 607 1752 viderit
623 1698 817 1765 remansisse,
835 1697 892 1751 hoe
916 1712 975 1750 non
1033 1695 1130 1749 cendit
1146 1695 1401 1765 candelam,ponit
1415 1696 1445 1749 in
1459 1695 1727 1754 brachiumsinistr

141 1805 230 1843 manu
245 1792 366 1858 tangore
383 1787 545 1855 praesumit,
562 1787 616 1840 sed
635 1786 737 1858 lingua
761 1788 873 1840 tantum
899 1785 977 1839 levat
992 1806 1019 1868 Β
1034 1784 1184 1838 timentum
1199 1783 1692 1854 sacerdotale,etdesuperlibrum
1706 1798 1727 1839 u

142 1881 171 1932 et
187 1878 287 1945 sumit,
305 1876 330 1929 si
346 1875 413 1929 talis
428 1877 473 1929 est
488 1874 631 1944 particula
655 1891 743 1946 quam
767 1874 977 1930 convenienter
1023 1872 1179 1927 ‘Sacerdos
1195 1876 1291 1927 autem
1308 1871 1404 1942 primo
1420 1888 1525 1927 manus
1540 1888 1613 1927 suas
1630 1873 1727 1927 levati

143 1980 263 2019 sumere
278 1964 388 2033 possit;
399 1963 426 2016 si
439 1979 509 2016 vero
521 1963 776 2032 minutissimam,
787 1964 818 2017 ut
829 1963 867 2016 ita
882 1962 977 2015 dicem
1033 1962 1120 2015 mittit
1134 1961 1262 2015 hostiam
1279 1977 1346 2015 cum
1360 1960 1510 2015 cochleari
1526 1976 1618 2030 super
1642 1963 1727 2030 putea

143 2053 335 2107 indivisibilis
351 2053 379 2105 et
393 2054 489 2105 atomo
506 2051 622 2120 similis,
640 2051 726 2122 hane,
743 2051 769 2105 si
784 2054 892 2121 potest,
911 2066 977 2105 cum
1034 2050 1120 2103 licem
1135 2066 1253 2121 quoque
1264 2050 1341 2104 lavat
1354 2052 1382 2104 et
1397 2050 1496 2121 tergit.
1508 2049 1581 2103 Item
1597 2050 1627 2104 in
1639 2065 1727 2122 empu

144 2144 213 2197 vino
227 2142 257 2195 in
274 2140 592 2211 calico,qaosacordos
608 2144 635 2194 et
651 2141 794 2195 diaconus
810 2140 919 2212 digitos
929 2139 978 2193 ab·
1035 2138 1161 2193 infundit
1176 2139 1276 2192 vinum
1292 2143 1320 2192 et
1335 2154 1451 2209 aquam,
1468 2154 1543 2209 quas
1564 2141 1677 2193 etcum
1692 2137 1727 2194 sii

143 2232 236 2299 luunt,
253 2230 365 2298 recipit,
382 2229 460 2282 levat
475 2231 503 2283 et
518 2232 645 2298 separat.
663 2228 746 2293 Quod
771 2229 797 2281 si
820 2229 858 2283 ita
880 2229 978 2282 adlue-
1034 2230 1091 2295 vat,
1107 2232 1134 2281 et
1154 2243 1220 2281 cum
1236 2228 1355 2281 dextera
1372 2226 1493 2281 calicem
1511 2227 1727 2297 superpositisj

147 2319 278 2386 scribut
301 2318 449 2371 cumvino
475 2317 537 2371 fiori
558 2334 616 2372 non
640 2319 746 2386 possit,
771 2319 800 2371 in
826 2333 860 2373 eo
880 2322 978 2371 tamen
1035 2316 1176 2386 coporali.
1204 2315 1245 2369 lta
1269 2316 1442 2384 praecedens
1467 2331 1648 2371 conversum
1676 2331 1727 2388 seq

142 2408 218 2475 loco,
235 2407 285 2461 ubi
302 2422 365 2460 eam
380 2406 496 2474 viderit,
509 2405 641 2477 liugnam
657 2407 824 2461 summatim
839 2407 976 2476 applicat,
1034 2405 1130 2475 pergit
1149 2404 1185 2458 ad
1202 2405 1291 2458 altare
1310 2405 1357 2458 ubi
1374 2407 1421 2459 est
1435 2406 1616 2473 cantaturus,
1638 2405 1727 2476 caius

143 2498 172 2550 et
187 2497 231 2549 sie
247 2511 310 2549 eam
327 2495 414 2549 sumit
424 2510 431 2564 3
441 2498 468 2548 et
479 2499 580 2563 postea
593 2497 697 2549 iterum
708 2495 919 2564 patenamvino
929 2511 978 2549 su·
1035 2493 1241 2563 complicatum
1257 2493 1394 2563 explieat,
1409 2494 1490 2564 penit
1502 2493 1625 2548 calicem
1638 2499 1667 2549 et
1682 2488 1727 2550 libi

142 2584 303 2655 pertundit.
315 2583 398 2648 Quod
414 2583 441 2636 si
455 2599 512 2637 non
529 2585 556 2637 et
572 2584 794 2653 quamtumlibet
810 2584 851 2638 ibi
866 2599 980 2638 remau·
1035 2582 1139 2636 salem.
1163 2582 1208 2636 Ad
1231 2583 1438 2637 vestimentum
1453 2597 1513 2637 non
1528 2586 1575 2637 est
1592 2582 1727 2653 improvii

144 2675 225 2728 sisse
242 2671 425 2743 cognoverit,
443 2686 500 2725 non
516 2673 614 2725 tamen
629 2674 750 2741 propter
765 2671 822 2725 hoc
843 2686 908 2726 eam
932 2671 979 2724 vel
1035 2671 1192 2739 omissum,
1210 2675 1240 2725 ut
1255 2671 1291 2725 ad
1305 2670 1423 2742 singula
1438 2671 1727 2728 altariaunasittabu

85 2770 88 2775 '
144 2762 238 2817 semel
253 2761 482 2832 diligentissime
498 2761 566 2814 vino
580 2759 939 2830 superfunderedimittat,
952 2762 981 2814 et
1035 2764 1172 2831 ponatur,
1200 2775 1349 2831 unumque
1372 2761 1487 2832 lignum
1508 2763 1727 2830 patulumetn

143 2851 223 2905 illam
231 2849 468 2920 superfusionem
481 2848 619 2918 primitus
630 2848 734 2912 sumit;
745 2851 774 2903 et
783 2851 888 2919 postea
900 2863 980 2902 eum·
1035 2865 1115 2918 xum,
1132 2865 1224 2919 saper
1238 2849 1315 2919 quod
1326 2854 1474 2918 ponantur
1490 2850 1644 2920 ampullee;
1667 2864 1727 2921 pou

144 2939 212 2992 dem
228 2936 361 3003 cadicem,
377 2951 436 3006 quo
447 2935 548 2988 vinam
564 2935 635 2988 illud
649 2939 763 3005 patenae
786 2935 980 3005 superfusam
1036 2954 1093 3008 que
1108 2937 1138 2990 in
1152 2941 1288 3006 promptu
1302 2938 1561 3007 manutergiolum,
1575 2938 1610 2992 ad
1627 2952 1727 3009 quaes

146 3025 319 3096 sumpserit,
336 3024 392 3078 alio
408 3024 477 3078 vino
494 3023 594 3091 abluit,
611 3023 657 3077 vel
679 3024 766 3093 illud,
782 3039 840 3094 quo
856 3024 981 3078 calicem
1037 3029 1194 3094 postquam
1218 3040 1251 3079 se
1276 3025 1414 3095 induerit,
1440 3025 1553 3080 lavatas
1572 3028 1664 3098 tergit
1686 3042 1727 3083 sui

146 3115 271 3185 maioris
287 3113 388 3166 missae
405 3112 450 3166 vol
467 3113 531 3182 ipse
546 3111 593 3164 vel
609 3111 745 3166 minister
758 3111 882 3166 interius
899 3111 980 3181 lavit,
1014 3114 1727 3187 .digitorum,quibusneeessariotangitressac

145 3204 176 3257 in
191 3202 272 3256 illum
285 3201 407 3255 calicem
418 3198 566 3269 immergit
581 3202 608 3252 et
622 3200 711 3252 sumit
723 3199 866 3271 mittitque
880 3200 981 3254 vinum
1038 3203 1073 3256 de
1089 3203 1213 3256 missam
1235 3202 1392 3271 iucipiens,
1409 3206 1503 3257 totum
1526 3209 1655 3273 cantum,
1681 3204 1727 3277 qui

146 3294 271 3347 alterum
287 3291 316 3344 in
332 3290 454 3343 calicem
475 3286 598 3358 majoris
615 3288 727 3356 missae,
745 3292 773 3342 et
798 3290 984 3360 circumqua-
1037 3292 1172 3360 pertinet,
1191 3307 1244 3361 pro
1257 3291 1352 3345 edicto
1371 3291 1488 3346 Patrum
1508 3298 1678 3348 nostrorum
1691 3309 1727 3348 mi

149 3398 207 3452 que
223 3382 302 3434 intus
322 3379 416 3446 diluit,
433 3380 470 3447 et,
485 3376 511 3430 si
536 3375 672 3429 minister
696 3378 932 3447 communicavit,
950 3378 984 3432 il·
1038 3380 1067 3433 in
1091 3380 1236 3434 directum
1259 3396 1346 3451 qaam
1366 3397 1494 3452 unquam
1517 3383 1623 3438 audeat
1648 3385 1727 3439 canta

148 3470 199 3523 lud
215 3469 326 3534 obibit3
342 3468 389 3520 sin
405 3471 511 3528 autem,
530 3464 743 3534 subdiaconus,
758 3469 915 3536 postquam
940 3468 984 3521 vi·
1038 3473 1157 3522 ventum
1173 3469 1263 3523 luerit
1280 3469 1315 3523 ad
1332 3469 1523 3538 offerendam,
1538 3471 1643 3526 eodem
1659 3470 1727 3526 stud

148 3560 339 3624 numpatouae
351 3552 764 3625 superfusumsuinpserit,in
777 3555 983 3626 eumcalicem,
1038 3556 1169 3627 ligantia,
1193 3571 1250 3626 qua
1265 3557 1329 3610 fieri
1351 3556 1427 3611 solet
1449 3558 1485 3611 ad
1503 3557 1648 3629 majorem
1672 3559 1727 3614 mis

149 3660 240 3715 super
256 3660 343 3715 quem
359 3643 460 3697 eadem
476 3644 579 3711 patena
594 3640 664 3695 lusa
680 3644 986 3715 est,immergit,sieut
1039 3644 1281 3699 omniaseliabet.
1292 3643 1385 3698 Finita
1399 3646 1491 3700 missa
1511 3663 1578 3701 cum
1590 3648 1723 3717 redierit,

151 3736 262 3789 (lictum
278 3737 333 3802 est,
350 3735 378 3786 et
392 3732 481 3785 sumit
496 3735 524 3784 et
538 3732 607 3784 tunc
624 3747 682 3785 non
695 3731 752 3787 alio
768 3732 836 3787 vino
851 3750 919 3787 eum
934 3734 984 3787 ab·
1041 3733 1145 3787 omitt-it
1160 3734 1266 3787 iterum
1286 3733 1385 3788 lavaue
1401 3735 1586 3790 summitates
1605 3737 1727 3808 ⁴digitorr

149 3824 213 3892 luit,
229 3823 289 3877 nisi
304 3821 378 3876 torte
393 3822 450 3875 tale
466 3821 535 3890 quid
558 3824 660 3888 postea
675 3821 716 3874 ibi
738 3823 920 3877 remansisse
937 3838 985 3877 co·
1040 3821 1118 3875 xime
1131 3827 1253 3892 propter
1272 3822 1394 3876 calicem
1410 3826 1438 3877 et
1452 3827 1573 3894 propter
1594 3825 1727 3896 corpora]

152 3912 299 3983 gaurerit.
316 3911 398 3965 Alter
413 3913 615 3968 ministrorum
636 3927 754 3966 cereum
779 3911 814 3964 nd
840 3911 897 3965 hoe
922 3912 987 3965 dili·
1042 3911 1170 3965 tandum.

152 4004 257 4072 genter
279 4000 495 4071 inspiciendum
518 4006 630 4069 tenore,
649 4016 751 4055 verum
769 4000 898 4070 linteola,
916 4017 983 4071 quae
1076 3999 1116 4054 Ut
1130 4000 1227 4054 adbuc
1239 4001 1365 4071 amplius
1376 4002 1446 4072 quid
1457 4002 1552 4056 dicam
1563 4003 1599 4058 de
1609 4003 1677 4076 lege
1689 4020 1727 4059 sa

152 4090 208 4143 tria
223 4094 302 4159 sunt,
320 4089 406 4143 debet
417 4091 680 4161 studioaxplioare.
693 4087 776 4153 Quod
788 4089 814 4142 si
825 4090 986 4145 suhdiaco·
1041 4089 1158 4159 quando
1173 4106 1206 4143 se
1219 4092 1309 4145 vestit
1327 4091 1501 4145 admissam
1527 4093 1682 4162 privatam,
1699 4094 1725 4148 si

152 4196 210 4234 nus
227 4180 315 4234 estin
332 4179 477 4248 custodia,
500 4180 633 4234 custodis
659 4179 704 4232 est
730 4193 848 4232 cereum
872 4180 986 4233 tenore.
1041 4179 1162 4248 signum
1176 4178 1727 4250 adlioram1·egularem,etnoadumst

152 4269 217 4322 Duo
233 4271 328 4322 autem
344 4267 463 4322 linteola
482 4285 574 4339 super
589 4267 711 4322 calicem
732 4264 857 4336 majoris
873 4267 986 4336 missae,
1042 4267 1080 4322 sit
1095 4282 1186 4337 super
1200 4268 1318 4337 cellum,
1336 4283 1449 4323 exuens
1464 4284 1498 4323 se
1514 4273 1641 4325 cessata
1657 4270 1727 4326 miss

153 4358 259 4411 iterum
274 4372 345 4411 vero
360 4372 453 4426 super
467 4358 589 4412 calicem
604 4355 728 4409 minoris
742 4354 849 4409 debent
863 4357 942 4425 poni,
960 4360 989 4410 et
1042 4357 1084 4426 git
1096 4356 1132 4409 ad
1148 4356 1263 4410 horam.
1281 4357 1353 4411 Item
1369 4357 1497 4427 interim,
1515 4359 1670 4413 dumhere
1687 4376 1727 4415 cai

155 4447 200 4500 sie
216 4460 333 4516 quoque
348 4460 434 4499 saera
445 4462 516 4499 vasa
528 4445 558 4500 in
568 4461 622 4499 suo
632 4445 696 4498 loeo
709 4444 855 4513 componi.
867 4443 950 4510 Quod
963 4448 989 4500 si
1041 4446 1165 4499 missam
1182 4445 1299 4515 finierit,
1315 4450 1344 4500 et
1358 4446 1423 4516 ipse
1437 4447 1538 4502 venire
1558 4450 1689 4517 potuerit
1702 4448 1727 4504 in

155 4539 222 4588 ante
232 4534 318 4588 fluam
330 4533 596 4603 missaealiquando
607 4531 989 4603 possuntporteeisse,non
1001 4522 1028 4586 D
1042 4539 1108 4588 ante
1124 4533 1227 4588 Gloria
1242 4535 1328 4603 primi
1343 4534 1459 4603 psalmi,
1475 4552 1655 4591 conversum
1670 4537 1727 4593 dim

153 4627 251 4677 tamen
266 4623 452 4691 propterlmc
468 4623 575 4693 aliquis
592 4638 693 4676 eorum
710 4622 796 4674 debet
811 4621 989 4677 devestitum

153 4713 207 4766 ire.
226 4711 487 4766 lteeedcnsautem
503 4711 644 4766 sacerdos
655 4711 691 4764 ab
708 4710 801 4778 altari,
819 4709 867 4765 dat
882 4712 990 4766 missa-

154 4798 211 4855 lem
226 4802 361 4867 diacono,
378 4804 408 4854 ut
432 4800 468 4854 ab
485 4815 519 4854 eo
545 4802 731 4869 reportetur,
757 4799 861 4853 stolam
877 4800 942 4871 ipse
962 4804 990 4856 et

155 4891 336 4960 nianipulum
352 4889 516 4959 complicat,
532 4889 592 4942 nisi
612 4887 687 4942 torte
717 4887 786 4953 sint,
804 4890 835 4942 ut
859 4890 990 4944 infestis

155 4981 324 5050 prmeipuie,
333 4979 480 5048 deaurata,
490 4980 557 5031 tune
573 4977 650 5031 enim
661 4994 676 5030 a
689 4977 814 5031 sacrista
826 4980 896 5032 sunt
911 4995 989 5033 com·

156 5066 301 5133 plicando.

194 5153 224 5206 ln
238 5155 363 5224 privatis
374 5156 479 5209 diebus
489 5154 595 5209 hostia
607 5171 666 5208 non
677 5158 859 5210 consecratae
875 5159 990 5225 portan-

157 5243 204 5294 tur
218 5242 247 5295 in
262 5241 428 5311 refectorio,
445 5249 477 5299 ut
499 5245 556 5312 liis,
572 5245 621 5314 qui
646 5260 681 5298 eo
708 5243 754 5297 die
778 5260 836 5297 nen
861 5261 990 5300 commu-

106 5358 109 5371 ·
158 5328 350 5398 nieavoruat,
372 5347 426 5401 per
448 5349 553 5387 manus
575 5332 741 5387 sacerdotis
765 5331 988 5403 distribuantur,

159 5417 238 5488 qued
252 5417 309 5470 hoo
325 5418 425 5473 ordino
441 5420 506 5475 lieri
529 5421 614 5490 solet,
631 5424 662 5475 ut
676 5421 803 5491 primum
822 5421 931 5477 tribuat
956 5424 991 5478 de

126 5563 145 5593 .
158 5505 234 5576 ipsis
248 5503 356 5559 hostiis
366 5506 471 5562 domno
486 5508 584 5564 abbati
602 5525 609 5579 ;
625 5514 738 5580 postea,
752 5525 818 5564 oum
833 5510 892 5566 siat
907 5527 991 5567 men-

159 5610 204 5656 sae
218 5597 293 5669 tres,
309 5593 446 5668 utrinque
466 5597 502 5653 ad
517 5597 668 5654 dextoram
695 5598 796 5655 domni
817 5599 932 5657 abbatie
954 5603 991 5660 ad

1043 4624 1218 4678 vestimento
1235 4624 1419 4693 complicato,
1432 4624 1478 4678 vel
1494 4642 1554 4679 non
1567 4625 1727 4697 complicat

1043 4713 1139 4783 pergit
1153 4713 1190 4766 ad
1206 4713 1325 4768 Horam.
1343 4715 1379 4767 at
1396 4715 1421 4768 si
1439 4715 1540 4769 venire
1556 4731 1615 4770 non
1631 4718 1727 4786 potest

1045 4807 1141 4856 movet
1157 4819 1172 4855 a
1188 4803 1264 4870 loeo,
1279 4818 1333 4856 nee
1350 4818 1525 4871 conversus,
1538 4819 1697 4877 quousque
1713 4805 1727 4859 b

1043 4894 1101 4946 tur.
1126 4891 1179 4944 Hae
1201 4894 1269 4945 sunt
1284 4893 1380 4945 autem
1402 4893 1494 4961 vices,
1520 4893 1550 4945 in
1575 4893 1686 4964 quibus
1706 4909 1727 4948 si

1045 4984 1171 5050 possunt
1194 4979 1367 5049 hujusmodi
1391 4982 1502 5034 missas
1526 4981 1642 5053 absque
1665 4982 1727 5039 lice:

1044 5072 1117 5138 tare,
1142 5069 1271 5140 quetidie
1289 5072 1356 5123 ante
1375 5071 1509 5139 primam,
1534 5071 1560 5124 si
1586 5075 1684 5127 tauron
1703 5089 1727 5144 p

1045 5157 1392 5229 conjungiturmatutinis
1402 5158 1551 5230 laudibuS,
1559 5163 1590 5214 ut
1602 5161 1717 5231 saepius

1045 5252 1072 5301 et
1087 5251 1154 5317 post
1170 5246 1328 5315 capitulum
1345 5262 1439 5317 usque
1454 5247 1491 5301 ad
1506 5249 1644 5319 tertiam3
1660 5252 1727 5306 auti

1044 5336 1105 5390 lum
1120 5338 1175 5405 est,
1190 5338 1256 5405 post
1270 5335 1383 5390 tertiam
1396 5353 1491 5407 usquo
1506 5337 1542 5391 ed
1558 5342 1685 5410 sextam,
1702 5357 1727 5396 m

1044 5427 1111 5495 post
1125 5440 1243 5493 nonam,
1260 5425 1285 5478 si
1301 5427 1397 5480 tamen
1414 5425 1522 5481 tratres
1533 5441 1592 5481 non
1604 5427 1695 5484 ierint
1709 5429 1728 5486 d

1044 5513 1209 5584 Aliquando
1225 5516 1293 5584 post
1307 5512 1503 5585 Evangelium
1517 5513 1643 5587 maioris
1652 5517 1727 5574 miss

1044 5602 1233 5659 sacerdotum
1246 5601 1395 5662 licentiam
1405 5603 1540 5679 accipere
1556 5607 1656 5677 potest
1664 5625 1673 5674 ;
1687 5622 1727 5685 qu
