3908 6112
46 284 99 350 wi
532 282 786 350 TRIUMPHUS
807 284 840 347 S.
863 282 1066 348 REMACLI.
1083 320 1120 331 -
1144 284 1223 348 LlB.
1248 285 1272 346 Ι.
1702 287 1761 353 302

46 481 323 553 dixerimuslinhpo
334 482 432 538 miuus
442 485 524 538 recte
535 469 914 552 lecissemprehanditurd
933 483 1100 556 perdiderat
1112 487 1353 554 recuperaturum
1362 504 1368 550 ;
1386 486 1439 540 sed
1453 489 1604 544 minimum
1615 487 1765 560 profuisse

47 569 122 642 quod
136 570 168 623 iu
186 569 325 625 humanis
346 572 464 626 auxiliis
481 587 534 642 spe
549 572 742 642 recuperandi
758 573 880 628 nimium
933 575 962 627 in
984 573 1040 627 boe
1061 589 1160 628 rerum
1182 589 1291 645 genere
1312 576 1386 628 satis
1405 574 1549 632 habemus
1571 582 1764 648 compertum.

48 658 148 714 tdisse
163 658 283 730 dicitur,
299 676 366 714 cum
381 660 500 715 minime
515 659 555 714 sit
569 662 630 714 tulo
645 660 796 731 defensio,
812 677 879 732 quae
933 661 1033 733 ltaque
1048 677 1103 733 pro
1119 662 1174 717 hae
1194 663 1321 734 ejusque
1339 663 1386 717 sui
1403 664 1524 719 utilitate
1544 666 1650 720 suadet
1665 681 1767 721 seeum

47 761 95 818 per
108 746 263 803 bominem
278 763 369 818 posse
384 750 551 804 consistere
566 750 692 819 putatur.
938 750 1087 821 proticisci
1102 751 1137 805 ad
1153 753 1274 817 curiam,
1288 752 1338 806 ubi
1354 768 1407 823 pro
1418 768 1453 807 eo
1469 754 1595 823 spondet
1608 748 1766 824 plurimum

354 888 574 928 honorariorum
937 838 1107 910 impendere
1122 840 1169 895 Stli
1184 856 1313 911 operam.

79 992 237 1048 fi'roeatur
251 992 346 1049 abbas
364 992 481 1064 Teqeno
495 1009 534 1048 ox
548 992 682 1048 coenobio
695 989 878 1046 Brouwilre.
1246 963 1318 1019 CAP
1322 964 1372 1019 UT
1391 964 1454 1019 ΧΠ·

48 1063 86 1118 Da
100 1064 159 1119 hoe
175 1064 283 1119 abbate
299 1064 478 1118 monasterio
500 1062 779 1118 hlalmundariansis
795 1077 880 1130 βιω-
934 1068 1040 1124 Abbas
1050 1075 1153 1124 noster
1163 1069 1195 1124 S.
1207 1086 1313 1142 corpus
1327 1085 1380 1126 suo
1393 1071 1456 1126 loeo
1467 1073 1619 1137 restituit‚·
1631 1071 1768 1126 abbatom

49 1133 133 1201 fecto,
142 1135 278 1206 loquitur
288 1134 361 1188 satis
376 1137 475 1205 aperte
487 1135 666 1190 Frederieus
677 1133 880 1202 arehiepisco-
970 1155 1060 1212 super
1075 1155 1108 1194 se
1123 1145 1263 1195 statutum
1275 1141 1442 1197 obtestatur
1456 1142 1511 1197 sub
1525 1143 1768 1198 interminatione

49 1220 100 1328 [us
114 1204 308 1260 Coloniensis
331 1205 361 1258 in
383 1204 540 1275 diplomate
564 1221 617 1275 per
636 1220 692 1259 uos
712 1208 778 1258 aulo
793 1204 880 1256 citato
972 1211 1074 1265 divina
1087 1216 1117 1264 ut
1127 1212 1272 1278 discedat,
1284 1217 1313 1266 et
1328 1212 1439 1284 injuste
1450 1229 1591 1284 possessa
1606 1212 1767 1286 relinquat.

66 1276 93 1328 is
103 1277 226 1331 verbis:
242 1297 254 1326 ι
266 1276 414 1356 Tempore¹
426 1290 543 1347 quoque
558 1276 669 1330 domiui
684 1275 806 1329 Heariei
819 1274 880 1327 im-

50 1347 193 1416 peratoris
204 1346 600 1417 hujusnomimsquafflper
610 1344 880 1402 dominummhie.
972 1307 1084 1361 interea
1099 1306 1235 1362 dominus
1252 1307 1345 1362 obbas
1361 1309 1478 1380 fratres,
1491 1326 1566 1382 quos
1581 1311 1684 1366 tristes
1700 1310 1767 1364 reli-

51 1417 203 1487 piscopum
218 1419 389 1498 Annonem,
409 1434 516 1473 rursus
531 1418 609 1472 facto
625 1418 767 1486 divortio,
788 1415 881 1470 abbas
937 1395 1174 1466 ‘lueffl‘rhabssil
1198 1398 1768 1470 l0Vl⁸⁰1³⁰iV0⁰i0¹¹⁸ll⁰⁰*itinerandum
1876 1456 1904 1481 ,.

52 1487 164 1558 quidam
179 1487 387 1543 malmundarii
403 1487 556 1543 ordinatus
572 1491 632 1558 est,
653 1511 663 1535 ι
681 1491 738 1543 ele.
936 1498 1045 1553 eorpus
1056 1483 1166 1538 domini
1180 1486 1275 1539 nostri
1290 1485 1320 1540 S.
1333 1486 1464 1541 Remaeli
1480 1488 1589 1542 invenit
1600 1488 1768 1559 depositum

934 1573 964 1626 iu
986 1572 1152 1642 pavimento
1172 1572 1234 1644 jam
1256 1575 1365 1629 multos
1388 1575 1452 1630 dies
1474 1574 1619 1647 jacuisse.
1643 1577 1769 1646 lusupcr

364 1671 490 1728 CAPUT
511 1670 562 1726 χΙ,
935 1676 993 1733 quo
1009 1662 1125 1716 tristius
1148 1662 1188 1716 nil
1214 1662 1316 1718 audire
1336 1666 1463 1733 poterat,
1485 1665 1613 1720 alienum
1631 1665 1696 1720 loeo
1712 1680 1767 1720 suo

936 1749 1341 1806 nuditlllalmuudariensibus
1352 1752 1634 1821 praesidere.Visum
1644 1755 1768 1824 astorgo

897 1839 921 1900 Β
935 1838 994 1908 ipsi
1009 1840 1129 1906 rectius,
1149 1839 1220 1893 inito
1236 1840 1371 1908 oonsilio,
1391 1844 1421 1894 ut
1436 1842 1462 1894 si
1479 1857 1588 1911 eorpus
1604 1841 1702 1895 Sancti
1719 1857 1768 1896 re-

936 1926 1063 1981 ferretur
1078 1927 1106 1980 ia
1124 1927 1218 1981 locuni
1235 1945 1322 1983 suum
1338 1929 1449 1984 honoro
1461 1930 1569 1998 debito,
1582 1946 1640 1985 nou
1656 1930 1768 1984 idcireo

935 2014 1023 2069 nobis
1039 2015 1136 2069 minus
1152 2015 1260 2070 deesse
1276 2032 1341 2087 suo,
1359 2033 1425 2071 cum
1440 2017 1537 2088 vellet,
1553 2018 1671 2073 auxilio.
1684 2017 1767 2083 Quod

935 2107 964 2158 et
978 2105 1017 2157 ila
1036 2105 1143 2158 laetum
1160 2108 1215 2159 est.

438 2165 519 2230 0⁰⁰⁸
534 2168 677 2236 utrmque
694 2178 776 2219 V¹¹'⁰³
793 2177 881 2235 ΕΒΓΘ·
970 2193 1041 2247 Post
1056 2192 1121 2247 haee
1137 2209 1196 2247 nou
1212 2193 1378 2249 inconsulte
1394 2211 1502 2266 agens,
1522 2211 1555 2249 se
1576 2199 1696 2266 regente
1711 2211 1769 2265 pa-

60 2253 129 2322 pios,
150 2255 291 2324 q⁰⁰⁰i⁸¹¹¹
307 2269 358 2308 ¹'⁰⁸
375 2254 479 2308 ⁰ht¹¹¹i²
494 2253 524 2307 in
539 2255 678 2324 Pfaesenti
698 2252 880 2321 narratimw’
934 2281 1120 2348 tientia,cum
1132 2281 1217 2335 facile
1229 2298 1301 2336 suas
1310 2282 1413 2335 ulcisci
1427 2285 1529 2351 posset
1541 2283 1665 2352 injurias
1678 2283 1707 2336 in
1719 2282 1768 2336 illo

58 2340 201 2483 hssigtffum
216 2343 387 2484 puttmfimus
402 2342 438 2397 ‘³⁰
453 2342 560 2398 &¹⁰¹⁰
581 2346 610 2398 ‘³²
630 2358 732 2398 emm
749 2340 882 2395 “mribus
936 2384 990 2423 suo
1002 2369 1184 2438 adversario,
1196 2369 1339 2422 continuit
1354 2385 1387 2423 se
1403 2371 1497 2441 magis
1514 2370 1728 2438 benevolentia,
1741 2371 1769 2422 et

50 2444 79 2501 ,a
89 2445 124 2484 en
138 2445 168 2484 ιο
182 2446 245 2500 prae
259 2446 347 2485 erice.

113 2519 118 2530 ⁸
484 2519 490 2531 ,
840 2519 845 2529 ‚
935 2473 988 2528 por
1003 2458 1158 2530 quosdiam
1180 2458 1316 2511 seniores
1341 2474 1376 2512 ex
1397 2459 1509 2512 nosiris
1529 2460 1646 2513 mandat
1661 2458 1702 2512 illi
1717 2474 1768 2511 so-

84 2519 137 2572 llis
154 2534 263 2590 genus,
279 2522 363 2585 ratas,
382 2522 509 2590 potentia
528 2535 621 2591 prope
638 2523 720 2573 erant
741 2518 881 2590 aequaho3
935 2546 1063 2600 oriudum
1079 2546 1143 2600 baee
1154 2546 1260 2600 verba:
1273 2545 1303 2599 Si
1317 2545 1398 2617 juste
1409 2546 1486 2617 agis,
1499 2546 1637 2617 quisquis
1648 2562 1769 2614 escon·

59 2607 334 2706 mgnimdffanimi’
346 2623 401 2678 W
416 2613 443 2663 et
459 2609 563 2708 ΒῙΟΓῙΫ·
577 2607 698 2707 sedisti
711 2609 801 2708 ‘ames
810 2607 881 2705 ΜΞ
932 2636 979 2689 tra
994 2649 1049 2704 me,
1067 2635 1169 2688 tuimet
1190 2634 1413 2705 sapientumque
1431 2634 1545 2704 judicio
1561 2635 1767 2690 aestimandum

59 2692 207 2751 frederico
226 2698 394 2751 innocentia
410 2699 438 2751 et
452 2698 520 2751 vitas
536 2700 691 2768 integritas
710 2699 817 2762 inerat,
835 2711 881 2749 eur
934 2723 1011 2778 vide·
1024 2723 1055 2777 Si
1072 2724 1180 2777 malum
1197 2739 1265 2777 esse
1279 2723 1341 2777 scis
1353 2724 1619 2793 supplanmfionem
1631 2724 1705 2792 fieri,
1715 2741 1769 2778 cur

60 2785 194 2838 ”mim
205 2780 882 2884 cumh‘mestaw‘everenssamdissnim‘ew‘f
934 2813 965 2867 in
980 2812 1035 2867 hoe
1051 2811 1298 2882 reprehensibilis
1319 2812 1421 2866 sedem
1440 2829 1534 2866 menni
1552 2813 1667 2866 alienus
1685 2813 1768 2867 iura-

61 2871 216 2942 addiderat,
233 2872 326 2927 rebus
342 2874 429 2927 eliam
446 2874 522 2944 ipsis
537 2873 631 2944 polam
652 2874 740 2928 dabat
759 2873 883 2944 intelligi
935 2901 1012 2971 sisti,
1033 2917 1120 2971 qnam
1136 2917 1193 2955 „on
1203 2899 1273 2971 jum
1289 2916 1343 2955 nec
1359 2900 1472 2971 judicio
1489 2917 1617 2972 unquam
1633 2901 1768 2970 culpatus

62 2960 126 3030 qm
140 2976 237 3032 ΜΨ
252 2961 425 3030 “mieitiam’
446 2978 542 3033 neque
560 2963 809 3061 pmpinquifflefff
824 2976 882 3033 ὅθ’
935 2990 1041 3043 amisi?
1056 2989 1099 3042 Ne
1117 3004 1188 3060 ergo
1204 2989 1324 3057 durius,
1342 3005 1409 3042 curn
1424 2992 1504 3042 recto
1520 2989 1649 3059 possim,
1667 2989 1770 3042 videar

63 3048 145 3118 naus,
169 3049 207 3104 ad
227 3048 284 3103 hoc
305 3065 360 3104 nee
377 3049 586 3104 sublimitatem
605 3051 691 3122 regni
713 3053 829 3121 ,ustitia
854 3053 882 3103 θῑ
933 3081 1030 3132 tecum
1047 3093 1144 3147 agere,
1158 3092 1264 3146 procer
1279 3079 1307 3130 el
1321 3092 1427 3130 moneo
1443 3078 1498 3130 sub
1510 3076 1619 3130 Christi
1636 3076 1765 3130 nominis

63 3138 171 3193 “rime
186 3153 316 3208 ”aqum
331 3138 444 3209 P⁰ti⁰r⁸
459 3137 605 3193 habuerit·
898 3166 1131 3258 contestatione
1142 3168 1169 3219 et
1180 3165 1210 3219 S.
1222 3165 1372 3219 Benedicti
1387 3165 1511 3236 regular,
1528 3169 1558 3218 ut
1571 3165 1597 3218 si
1608 3164 1701 3218 hahes
1714 3164 1767 3218 De·

90 3225 138 3280 5⁸¹
152 3228 182 3281 ³⁰
193 3225 357 3281 G⁰d⁰srid⁰
368 3227 476 3297 ingens
486 3227 583 3281 Virtus
598 3227 732 3297 ⁰⁰¹'P⁰¹'i⁸
742 3229 771 3280 ⁰²
781 3227 881 3296 ‘mimi’
935 3253 1146 3324 umoliquaudo
1157 3254 1320 3323 limerepro
1328 3254 1430 3325 haeinj
1435 3254 1543 3321 ustitia,
1554 3268 1589 3306 ne
1601 3253 1770 3306 fraudulen-

64 3312 137 3369 bellis
150 3315 389 3386 militaribusque
404 3315 554 3369 exercitiis
577 3316 703 3383 enitens,
731 3315 883 3369 claritudi-
935 3344 1117 3398 ,errefineas
1133 3342 1241 3408 aliona,
1263 3342 1317 3396 sed
1331 3343 1491 3397 discedens
1505 3342 1591 3397 nobis
1611 3341 1763 3412 relinquas

65 3417 117 3457 nam
129 3405 194 3458 viro
210 3404 343 3475 parabol,
360 3404 391 3459 in
406 3419 463 3474 quo
479 3404 645 3474 eloquentia
660 3420 745 3475 aeque
760 3420 794 3457 ac
810 3419 881 3474 pru-

65 3490 146 3547 dentia
156 3493 220 3548 aeri
231 3493 351 3565 ingenio
361 3493 582 3561 praeeminebat.
591 3494 701 3547 Verum
712 3494 812 3547 verbis
824 3508 883 3547 nou

65 3582 251 3653 utnusquam
268 3581 355 3636 factis
376 3581 423 3636 sui
444 3575 549 3636 famam
569 3581 697 3637 nominis
713 3580 882 3651 extendere,

10 3726 12 3755 ἰ
64 3669 262 3726 ilcmhonores
270 3670 489 3742 dignitatesque
500 3671 604 3726 saeeuli
612 3670 883 3741 ambire,maguum
1237 3656 1309 3710 CAP
1316 3657 1364 3711 UT
1390 3657 1466 3711 Xffl·

64 3758 582 3832 exorcitumparare,bollainterdum
592 3758 883 3829 movere,laborihus
935 3790 1004 3845 Dux
1020 3789 1202 3845 Godefridus
1217 3787 1343 3844 effecm
1360 3794 1444 3844 ,eote
1461 3787 1575 3860 judica,
1591 3788 1701 3844 Sam
1715 3787 1769 3844 bo·

64 3846 115 3902 dies
125 3852 291 3919 noctesque
302 3848 467 3920 invigilare,
480 3849 589 3918 eaedes,
599 3848 745 3915 incendia,
755 3849 884 3917 praedas·
972 3878 1038 3915 mm,
1056 3877 1137 3916 suum
1154 3860 1266 3914 debere
1280 3861 1417 3926 1·0smm·;
1429 3861 1769 3934 ,Impepjswpnspmrffi

57 1800 882 1875 Narratiosupernatnractmoribnsatdistantiahorum

150 1874 276 1930 duorum
287 1875 447 1931 Frederiei
457 1880 486 1930 et
499 1875 656 1931 Godefridi
667 1876 780 1930 dueum

84 1984 176 2057 Igitur
185 1985 561 2058 Godefridus,virquidem
577 1992 692 2058 potenS,
701 1990 729 2042 et
740 1990 880 2041 strenuus

58 2074 205 2146 bonusque
215 2076 418 2144 oonsilio,f1de
430 2080 526 2144 tamen
542 2093 577 2131 ac
593 2077 714 2131 veritate
725 2075 814 2145 lorage
825 2074 882 2127 dis·

59 2164 186 2234 crepabat
212 2181 227 2218 a
249 2164 419 2220 Frederieo.

936 3431 1065 3503 propria.
1081 3432 1117 3484 ht
1132 3432 1181 3485 illo
1198 3431 1237 3484 nil
1255 3431 1326 3484 certi
1342 3432 1378 3484 ad
1393 3431 1457 3485 haee
1472 3430 1686 3500 respondente,
1705 3445 1764 3484 non

936 3536 973 3575 ex
988 3524 1056 3575 voto
1074 3520 1200 3575 consulti
1217 3519 1310 3574 nostri
1325 3520 1450 3575 rediere.

10 3936 883 4007 .queballicasfaeere,hisomnibusproreettomporo
971 3932 1059 3987 lando
1080 3931 1182 3986 facero
1203 3947 1259 3985 non
1275 3933 1437 4003 acquievit,
1459 3937 1488 3985 cl
1500 3933 1607 4003 templo
1623 3933 1771 3988 etmrario
1882 3996 1884 4001 y

65 4039 110 4080 ιιι
127 4026 277 4097 inglorius
293 4027 333 4080 ua
353 4025 480 4081 habena
495 4026 677 4096 aelectione,
695 4026 792 4097 qualia
806 4042 882 4080 nun·
972 4009 1074 4058 nostro
1088 4002 1222 4073 scollata
1239 4018 1291 4058 res
1307 4009 1409 4057 aesna
1426 4004 1516 4056 acra
1532 4005 1652 4058 mansa.

54 4121 139 4181 'quam
153 4115 184 4169 in
196 4116 290 4169 altero
304 4114 401 4169 locum
417 4114 567 4169 invenere.
974 4112 1045 4165 Post
1064 4108 1129 4163 haee
1149 4125 1214 4163 eum
1235 4109 1406 4163 marchione
1422 4109 1582 4163 Godefrido
1601 4108 1637 4162 ad
1660 4110 1771 4163 curiana

93 4202 173 4272 lluic,
190 4203 220 4257 id
235 4205 282 4259 est
296 4203 469 4274 Frederico,
490 4219 610 4274 semper
623 4220 681 4275 pax
698 4203 750 4259 fuit
766 4203 885 4258 charior
937 4200 1044 4256 Goslar
1058 4197 1151 4253 abbas
1176 4197 1391 4268 proficiscitur,
1410 4198 1461 4252 ubi
1484 4197 1526 4251 illi
1548 4199 1692 4251 ducamen
1705 4214 1772 4251 cum

68 4287 149 4360 bellis,
161 4293 357 4362 pacatumque
369 4293 509 4347 reddebat
523 4293 658 4363 prudenti
672 4294 792 4364 ingenio
804 4292 885 4363 quid-
939 4289 1129 4344 advocatione
1148 4286 1319 4340 Stabulonsi
1337 4286 1476 4356 adeptuS,
1498 4287 1641 4358 magister
1661 4287 1771 4340 militiai

70 4379 124 4446 quid
137 4381 167 4435 in
181 4381 260 4435 bella
275 4384 303 4434 et
319 4381 481 4436 seditiones
498 4381 610 4436 moveri
625 4382 771 4436 sentiebat
786 4398 822 4434 ex
838 4381 885 4434 ad·
939 4376 1243 4448 Lotharingiaedenuo
1251 4375 1661 4430 sublimatur.Dominusvero
1669 4374 1770 4439 abbae,

72 4480 152 4523 terso
170 4470 244 4524 Cum
263 4469 294 4523 in
313 4470 405 4524 altero
421 4474 502 4524 esset
516 4471 602 4524 malis
617 4471 754 4535 exilium,
775 4471 804 4524 in
827 4471 884 4524 isto
939 4469 976 4522 de
992 4467 1070 4521 illata
1084 4465 1140 4519 sibi
1156 4464 1301 4536 injustitia
1316 4468 1509 4535 conquestus,
1527 4464 1663 4534 privatim
1674 4468 1702 4517 ot
1716 4479 1772 4532 pu-

73 4555 172 4612 miseris
187 4557 367 4629 perfugium.
390 4557 546 4630 Nunquam
562 4559 591 4612 in
606 4573 641 4612 eo
657 4558 793 4613 dominus
810 4574 884 4613 suus
903 4552 1773 4626 DblicequibuscunquepotestRomaniimperiiepisoopis

75 4641 166 4701 invenit
185 4647 368 4702 eontrarium
389 4647 446 4702 sibi
468 4651 517 4702 aut
539 4647 789 4717 reprehensibile,
815 4647 885 4718 quio
940 4649 968 4699 el
988 4645 1115 4699 ducibus
1136 4658 1195 4698 non
1215 4648 1315 4697 cessat
1330 4659 1392 4698 rem
1407 4659 1492 4698 suam
1508 4642 1673 4708 uolilleare,
1697 4656 1774 4712 quos

77 4734 185 4806 mentiri,
201 4736 250 4794 vel
263 4736 401 4809 pejorare
416 4752 535 4808 semper
549 4737 590 4791 illi
610 4737 665 4790 fuit
680 4752 734 4808 pro
751 4735 883 4790 crimino.
939 4735 1027 4789 etiam
1038 4734 1095 4788 sibi
1107 4731 1404 4804 suflragaripostulal
1415 4733 1445 4786 in
1456 4731 1568 4785 hacsui
1583 4731 1772 4786 necessitate.

78 4816 158 4877 maus
175 4840 246 4880 essa
266 4840 354 4896 quam
373 4826 466 4881 videri
488 4826 629 4894 malebat,
649 4829 677 4880 et
700 4825 765 4879 ideo
789 4824 884 4896 magis
975 4822 1076 4876 Multis
1092 4837 1175 4893 ergo,
1195 4821 1368 4893 huiusmodi
1389 4820 1597 4891 compassione
1615 4823 1773 4889 suscepta,

81 4906 180 4977 gloriam
195 4914 414 4986 assequebatur
427 4931 515 4986 quam
529 4916 627 4970 minus
644 4914 807 4984 appetebat.
940 4912 997 4967 hoe
1013 4911 1156 4983 injustum
1172 4926 1241 4965 esso
1256 4911 1365 4964 factum
1381 4910 1596 4981 profitentibus,
1607 4910 1775 4963 veritatem-

105 4997 227 5059 Falernur
246 5007 275 5058 ot
294 5003 324 5059 in
338 5003 499 5061 Godefrido
523 5005 618 5059 fuisse
639 5007 718 5058 artes
742 5003 884 5072 optimas,
941 5017 998 5073 que
1014 5001 1145 5072 reginen
1161 5001 1352 5054 occulendam
1368 4999 1496 5072 benigno
1520 4997 1774 5072 suggerentibuS,

82 5097 138 5152 quas
152 5092 246 5147 tamen
271 5091 428 5164 aliquando
451 5092 650 5164 praepediebat
674 5091 829 5162 cupiditas,
854 5091 886 5144 ld
943 5092 1093 5146 decretum
1120 5094 1165 5143 ost
1189 5089 1307 5144 taudem
1324 5088 1455 5160 judicari
1484 5088 1591 5143 debere
1616 5088 1778 5142 sllicitum

85 5180 132 5230 trit
149 5177 176 5233 iu
187 5181 238 5236 illo
254 5196 345 5236 unum
361 5180 459 5235 minus
474 5181 631 5250 laudabile,
652 5180 729 5252 quod
744 5194 824 5249 saepe
841 5194 886 5234 ro·
944 5180 1051 5235 fuisset
1061 5179 1091 5232 id
1101 5179 1167 5232 fiori
1182 5179 1247 5232 sine
1263 5193 1354 5232 eausa
1365 5180 1393 5232 et
1404 5177 1516 5249 judice.
1527 5177 1705 5233 Godefridus
1717 5176 1778 5230 dux

86 5266 160 5337 trus,
174 5283 238 5325 eum
253 5273 360 5341 posset
373 5270 514 5325 auxilium
530 5271 618 5338 ferre,
635 5270 789 5324 dicebatur
803 5267 886 5338 polli-
942 5267 1109 5323 admonitus
1124 5267 1222 5339 legem
1236 5266 1306 5321 dare
1319 5265 1435 5337 judicii,
1448 5269 1529 5321 recte
1539 5267 1655 5338 judicat
1665 5265 1777 5320 vicario

87 5349 175 5411 tiltodo
188 5359 285 5430 magis·
301 5358 418 5414 differre
433 5374 521 5431 quarn
538 5359 695 5430 prodesse,
712 5360 743 5411 ul
757 5357 887 5411 animad·
941 5357 971 5412 S.
983 5355 1114 5412 Remacli
1125 5356 1236 5410 bouum
1246 5355 1355 5411 debore
1368 5355 1499 5426 restitui,
1510 5357 1588 5427 quod
1599 5356 1636 5410 ab
1647 5372 1682 5411 eo
1691 5354 1777 5409 nefas

86 5441 140 5496 torti
150 5448 241 5516 potest
256 5446 287 5501 in
303 5445 397 5519 hujus
411 5448 509 5503 textus
523 5448 743 5519 prosecutione.
942 5446 1050 5501 fuisset
1071 5444 1192 5500 auferri.
1211 5443 1305 5516 Cujus
1328 5443 1483 5500 sententiaa
1508 5446 1609 5500 mullis
1633 5461 1672 5500 ex
1693 5457 1779 5515 aequo

109 5526 167 5589 llam
187 5550 261 5609 ergo
284 5535 423 5591 dominus
448 5536 541 5592 abbas
566 5534 663 5606 illum,
688 5537 719 5591 ut
743 5535 888 5606 diximus,
942 5535 1163 5605 assentienhus,
1180 5534 1264 5589 solus
1281 5549 1317 5588 ex
1332 5533 1459 5589 adverso
1475 5533 1614 5591 obnitens
1630 5531 1778 5590 contradi-

85 5613 273 5683 tliissolvelot
287 5624 467 5682 fidissimum
483 5626 620 5697 amioum,
629 5624 796 5698 magnificis
807 5624 889 5696 polli-
943 5623 983 5683 cit
997 5623 1252 5697 archiepiscopus.

84 5702 248 5775 micinas
260 5714 312 5775 dat
325 5715 400 5776 satis
414 5714 523 5793 fidere,
541 5719 680 5793 tanquam
693 5730 747 5791 per
762 5729 795 5773 so
810 5714 889 5791 quod
978 5713 1038 5774 Sed
1061 5717 1092 5774 ut
1116 5713 1199 5772 multi
1219 5715 1290 5773 tune
1306 5713 1419 5789 dixere,
1443 5716 1513 5788 post
1528 5710 1675 5791 judicium
1689 5712 1780 5768 latum
