3900 6112
175 350 222 414 cr
632 345 770 408 casm
792 342 1057 410 ranuncula
1081 342 1448 408 cnuemcnrsiun
1774 296 1778 307 ⁴
1859 344 1903 409 ea

183 553 391 604 antecessores
400 547 494 602 nostri
507 561 595 617 reges
606 547 820 600 denominatam
832 546 1013 617 sedam,quea
1029 526 1164 600 Abeatae
1190 545 1340 600 memoriae
1360 544 1602 601 antecessoribus
1624 545 1737 600 nostris
1759 545 1900 616 predictae

183 642 230 695 ast
243 639 272 692 in
289 638 400 692 honore
417 637 527 689 sanctae
539 634 590 689 Dei
600 635 753 706 genitricis
764 635 864 689 Mariae
880 650 1015 704 semper·
1069 635 1215 689 oecclesiae
1233 635 1369 688 collatum
1384 640 1470 705 atquc
1486 634 1631 688 firmatum
1647 639 1702 703 est,
1718 635 1756 688 ita
1772 639 1800 689 et
1815 635 1899 689 dein-

183 742 240 800 que
256 725 393 797 virginis‚
412 725 448 780 ob
464 739 593 778 amorem
610 724 661 778 Dei
673 727 700 777 et
710 723 949 795 tranquillitatem
959 724 1016 776 fra·
1068 739 1139 794 ceps
1156 723 1364 777 inviolabiliter
1380 726 1584 778 conservetur.
1601 722 1637 776 Et
1660 726 1691 776 ut
1713 723 1777 777 haec
1798 727 1901 778 nostra

183 821 260 871 trum
275 814 383 868 ibidem
395 812 631 881 consistentium,
645 828 764 882 semper
776 812 831 866 sub
843 813 1016 880 plenissima
1069 812 1227 866 auctoritas
1243 828 1258 864 a
1275 812 1414 866 fidelibus
1430 814 1541 865 sanctae
1558 812 1609 865 Dei
1627 811 1772 866 aecclesiae
1788 816 1817 866 et
1831 827 1900 866 nos-

182 904 305 958 tuitione
321 905 349 956 et
364 901 556 956 immunitatis
573 902 745 955 defensione
761 900 945 955 habuissent.
959 901 1016 954 Pro
1069 901 1122 954 tris
1139 901 1238 954 verius
1255 902 1423 970 certiusque
1440 901 1586 968 credatur,
1599 900 1815 970 manupropria
1831 901 1902 954 sub·

183 992 321 1048 ilrmitate
336 994 433 1045 tamen
449 990 491 1044 rei
504 988 664 1058 postulavit
680 1005 735 1043 nos
751 990 882 1059 prefatus
898 990 1016 1059 episco-
1068 991 1113 1043 ter
1129 1005 1192 1042 cam
1209 990 1411 1058 firmavimus,
1428 994 1457 1043 et
1472 988 1559 1043 anulo
1574 992 1676 1042 nestro
1687 989 1838 1060 jussimus
1853 990 1900 1044 in·

183 1097 240 1153 pus
256 1081 370 1150 Dodilo,
397 1082 428 1134 ut
452 1078 622 1132 earumdem
648 1093 751 1148 regum
776 1078 964 1132 auctoritates
987 1080 1016 1131 in
1069 1078 1185 1149 signiri.
1208 1076 1330 1148 Signum
1354 1078 1453 1132 domni
1475 1077 1588 1131 Arnulfi
1604 1077 1792 1130 invictissimi
1807 1079 1900 1150 regis.

184 1186 284 1225 amore
300 1170 353 1224 Dei
369 1167 702 1222 etreverentiasanctae
719 1166 771 1220 Dei
788 1168 941 1238 genitricis
958 1167 1016 1220 lla·
1069 1166 1250 1239 wichingus
1266 1167 1461 1220 cancellarius
1485 1167 1521 1220 ad
1542 1167 1637 1220 vicem
1663 1166 1832 1221 Tlreotmari
1851 1183 1901 1220 ar-

184 1260 238 1313 rioe
254 1256 544 1312 nostraauctoritate
560 1255 814 1310 confirmaremus.
825 1255 1017 1325 Quodilapcr
1069 1255 1261 1326 chicapellani
1277 1257 1447 1327 recognovi.
1461 1256 1533 1309 Data
1543 1254 1569 1311 8.
1581 1255 1652 1309 Idus
1667 1255 1746 1309 lunii
1762 1271 1839 1310 anno
1855 1256 1902 1310 in-

184 1348 380 1401 interventum
396 1343 577 1399 venerabilis
593 1344 726 1414 episcopi
740 1346 834 1399 nostri
850 1344 1017 1400 Salomonis
1068 1345 1249 1399 carnationis
1274 1345 1390 1398 Domini
1414 1343 1476 1400 891.
1506 1345 1665 1400 indictione
1694 1342 1736 1398 11.
1766 1359 1843 1398 anno
1874 1343 1901 1398 7.

182 1434 569 1504 libenteradquievimus,et
579 1433 653 1486 itain
664 1434 800 1487 omnibus
810 1433 1016 1488 concessimus
1069 1434 1168 1488 (loanni
1183 1434 1296 1487 Arnulfi
1311 1434 1439 1503 piissimi
1455 1435 1547 1505 regis.
1565 1436 1669 1488 hctum
1686 1432 1861 1487 Wormatlaa
1873 1432 1902 1486 in

183 1529 270 1594 atque
281 1523 1014 1594 perhocpreceptumnostrceauetoritatisrobora-
1071 1523 1123 1576 llei
1139 1523 1256 1577 nomine
1272 1522 1407 1577 feliciter.
1426 1525 1520 1577 Amen
1535 1521 1583 1576 1⁰⁷.
1604 1545 1614 1570 n

183 1613 291 1666 vimus.
303 1612 507 1681 Pracipientes
519 1610 750 1681 ergojubemuS,
765 1615 796 1665 ut
810 1611 909 1665 nullus
922 1611 1015 1681 judex
1032 1587 1056 1647 Β
1105 1610 1158 1684 [65.
1175 1610 1232 1680 (69)
1250 1611 1472 1666 Consecrationr
1487 1611 1563 1668 Heri
1568 1613 1616 1667 rei
1629 1613 1784 1667 Remorum
1800 1612 1903 1666 archi·

183 1702 320 1772 publicus
332 1701 377 1754 val
392 1699 532 1770 quislibet
545 1715 580 1752 ex
592 1699 748 1770 judiciaria
765 1702 908 1768 potestate
920 1701 947 1752 ia
960 1716 1016 1754 aec·
1070 1701 1200 1772 episcopi
1223 1700 1362 1754 interfuit
1387 1701 1487 1769 (Fnon.
1514 1718 1553 1770 rr,
1576 1702 1631 1770 11).
1654 1702 1708 1755 llic
1726 1700 1902 1755 ordinationi

184 1790 292 1844 clesias
303 1794 353 1842 aut
362 1791 427 1843 loca
438 1788 485 1841 vcl
496 1804 587 1859 agros
598 1803 652 1842 seu
663 1788 793 1858 reliquas
804 1789 1017 1858 possessiones
1071 1790 1190 1843 Herivci
1214 1789 1432 1860 archiepiscopi
1452 1805 1518 1843 cum
1535 1792 1643 1844 ceteris
1661 1790 1802 1854 interfuit,
1819 1787 1903 1842 scili·

182 1878 324 1950 predictas
340 1876 497 1946 aecclesiae,
515 1892 589 1946 aquas
606 1877 745 1930 moderno
759 1879 889 1947 ternpore
906 1877 934 1930 in
950 1878 1017 1948 qui·
1069 1878 1137 1932 licet
1154 1876 1269 1932 liiculfo
1284 1878 1465 1932 Suessanum
1480 1879 1631 1949 episcopo,
1648 1878 1770 1950 Olgario
1787 1877 1903 1930 Ambia-

104 2014 105 2018 ,
183 1968 313 2023 buslibet
327 1967 413 2038 pagis
427 1966 473 2019 vel
491 1966 646 2019 territoriis
663 1966 738 2018 infra
750 1966 889 2019 ditionem
901 1965 1016 2035 imperii
1069 1967 1166 2032 nensi,
1178 1966 1325 2021 Mantiane
1333 1967 1548 2034 Catalaunensi,
1561 1966 1688 2022 liedulfo
1700 1964 1903 2034 laudunensi,

184 2057 280 2112 nostri
288 2056 369 2127 juste
381 2059 409 2109 et
420 2055 556 2127 legaliter
567 2057 725 2109 memorata
737 2057 816 2108 tenet
825 2054 873 2107 vel
884 2055 1017 2123 possidet
1069 2055 1180 2110 Olirido
1195 2054 1420 2126 Silvanectensi‚
1438 2058 1605 2127 ceterisque
1626 2055 1813 2110 diocesaneis
1830 2069 1903 2108 con-

184 2143 1017 2214 aeeelesia,veleaquaedeincepsacatholicisviriscidem
1070 2160 1193 2198 sensum
1209 2145 1403 2213 prebentibus
1419 2149 1447 2199 et
1463 2147 1614 2200 decretum
1634 2144 1724 2215 hujus
1740 2144 1903 2198 ordinatio·

185 2234 290 2290 collata
305 2228 411 2287 fuerint
427 2231 593 2300 aeeclesice,
610 2230 646 2285 ad
663 2248 771 2285 causas
787 2233 951 2302 exigendas
970 2235 1018 2285 aut
1043 2233 1117 2286 -nis
1140 2231 1415 2287 corroborantibus.
1439 2232 1517 2305 [(61.)
1540 2234 1595 2287 llic
1620 2238 1716 2287 autem
1740 2231 1904 2287 exstructis

184 2323 266 2377 freda
284 2321 330 2375 vcl
346 2320 517 2374 rnarrsiones
538 2320 583 2374 vel
604 2325 722 2390 paratas
744 2321 905 2389 faciendas,
923 2325 971 2375 aut
985 2320 1017 2375 fi·
1070 2321 1174 2388 muriS,
1191 2322 1286 2374 menia
1300 2321 1384 2374 urbis
1401 2323 1430 2374 in
1446 2326 1556 2376 tantum
1572 2321 1730 2391 ampliavit,
1744 2323 1774 2374 ut
1789 2335 1905 2374 monas

184 2410 360 2482 dejussores
375 2409 532 2477 tollendoS,
545 2411 594 2463 aut
609 2408 743 2463 homines
760 2409 855 2478 ipsius
872 2410 1017 2463 eecclesiae
1070 2411 1176 2463 terium
1191 2411 1287 2464 sancti
1303 2410 1449 2476 Autberti,
1465 2411 1544 2480 quod
1560 2414 1641 2464 extra
1657 2413 1729 2479 erat,
1746 2409 1822 2463 infra
1837 2425 1904 2463 mu-

182 2503 242 2555 tam
267 2500 414 2569 ingenuos
437 2513 525 2568 quam
547 2513 653 2552 servos
677 2513 768 2566 super
791 2500 899 2551 terram
922 2499 1018 2568 ipsius
1071 2514 1171 2553 rorum
1187 2499 1327 2552 ambitum
1343 2498 1504 2553 cohiberet.
1523 2499 1733 2553 llonastcrium
1749 2498 1835 2551 etiam
1853 2498 1905 2550 Dei

186 2588 405 2643 commanentes
421 2601 606 2657 naquaquam
621 2587 855 2657 distringendos,
872 2587 918 2640 vel
942 2587 1018 2640 ullas
1072 2587 1225 2659 genitricis
1242 2587 1341 2640 blariae
1356 2588 1532 2641 aedificatum
1544 2588 1684 2642 Kalendis
1701 2586 1829 2657 Augusti
1845 2586 1904 2640 sol·

186 2676 380 2732 redibitiones
402 2680 450 2730 aut
468 2674 596 2728 inlicitas
617 2675 791 2728 occasiones
813 2675 1017 2746 requirendas,
1034 2644 1207 2730 Clemniter
1218 2677 1413 2744 consecravit,
1427 2676 1613 2748 tabulamque
1623 2676 1723 2730 altaris
1734 2678 1906 2745 argenteam

186 2765 299 2821 nostris
315 2768 342 2819 et
354 2764 461 2818 futuris
472 2764 655 2833 temporibus
667 2763 782 2834 ingredi
793 2764 908 2831 audeat,
922 2764 968 2818 vel
985 2779 1019 2818 ea
1072 2781 1160 2836 qaam
1174 2765 1285 2819 nestris
1302 2765 1406 2819 diebus
1421 2765 1560 2833 vidimus,
1582 2765 1778 2835 sciphumque
1793 2778 1905 2835 argeu-

187 2869 253 2925 quae
275 2869 365 2923 supra
381 2853 542 2906 memorata
559 2853 627 2905 sunt
641 2852 759 2921 ponitus
776 2851 898 2922 exigere
915 2867 1019 2920 presa·
1072 2857 1161 2922 teum,
1187 2869 1274 2923 quem
1300 2854 1405 2907 diebus
1429 2854 1514 2908 festis
1531 2853 1705 2908 subdiaconi
1722 2855 1750 2907 in
1767 2853 1906 2906 manibus

186 2946 254 2995 mat.
267 2941 325 2996 Sed
336 2942 421 2995 liceat
431 2944 592 2994 memorato
603 2940 850 3010 presulisuisque
860 2955 1019 2994 successo·
1072 2942 1179 3011 ferunt,
1207 2943 1328 2995 calicem
1353 2959 1481 3013 quoque,
1505 2959 1569 2996 cum
1595 2942 1661 2996 aliis
1682 2955 1800 3013 quoque
1815 2956 1906 2996 orna·

185 3030 272 3085 ribus
289 3046 339 3084 res
358 3030 499 3100 predictae
518 3028 664 3083 aecclesiae
680 3044 746 3082 cum
763 3029 918 3083 eelluliset
929 3029 1020 3083 rebus
1072 3031 1179 3085 mentis
1205 3031 1352 3086 aecclesiae
1376 3032 1455 3086 fecit.
1483 3032 1693 3086 llonastcrium
1718 3031 1804 3084 etiam
1826 3030 1908 3083 Lau-

186 3121 233 3173 vel
245 3118 415 3172 hominibus
428 3118 485 3172 sibi
496 3117 633 3189 legaliter
644 3117 790 3188 subjectis
801 3117 1020 3172 subinmunita·
1073 3120 1177 3175 biensa
1193 3120 1324 3175 adhibito
1339 3136 1441 3174 secum
1456 3120 1606 3191 Stephano
1623 3119 1807 3174 leodecensi
1823 3119 1908 3188 epis-

186 3209 225 3262 tis
242 3211 353 3262 nostroe
374 3207 547 3261 defensione
568 3207 667 3276 quieto
686 3207 789 3260 ordine
807 3206 972 3276 possidere,
993 3208 1021 3260 ct
1074 3224 1147 3278 copo
1159 3207 1440 3278 consecravittliitl).
1452 3207 1505 3272 Qui
1517 3208 1909 3276 interhaecmortoprcveu-

186 3299 291 3352 nostro
302 3295 428 3351 fideliter
437 3311 540 3364 parere
552 3295 687 3365 imperio,
700 3299 787 3365 atque
798 3311 851 3364 pro
862 3295 1020 3348 stabilitate
1072 3299 1130 3361 tus,
1143 3297 1218 3350 diem
1228 3297 1335 3350 elausit
1345 3297 1374 3351 in
1385 3297 1509 3368 ipsoque
1521 3301 1632 3351 sanctae
1644 3296 1744 3350 Marica
1754 3299 1909 3349 monaste·

187 3388 290 3441 nostra
300 3385 348 3438 vel
359 3385 449 3437 totius
463 3384 578 3452 imperii
589 3399 605 3435 a
617 3383 677 3437 Deo
687 3384 774 3437 nobis
786 3383 883 3436 collati
893 3384 939 3436 rel
952 3398 1020 3436 eon·
1075 3386 1117 3438 rio
1134 3385 1169 3438 ad
1185 3385 1453 3454 septemtrionalem
1468 3385 1585 3455 plagam
1600 3385 1735 3454 sepultus
1750 3387 1805 3437 est.

188 3472 327 3528 servandi
338 3488 394 3526 una
404 3472 557 3526 cumelero
566 3472 708 3540 etpopulo
718 3471 775 3524 sibi
785 3470 1020 3541 subiaetolibere
1109 3474 1152 3527 oo
1170 3474 1226 3542 (115)
1250 3473 1419 3545 Stephanus
1438 3475 1582 3546 sequitur,
1603 3474 1652 3546 qui
1671 3475 1701 3527 in
1722 3473 1826 3527 sinodo
1844 3484 1909 3526 cum

187 3562 242 3616 llei
251 3560 486 3615 misericordiam
498 3574 634 3613 exorare.
648 3558 683 3613 Et
693 3558 835 3630 quidquid
847 3559 954 3614 exinde
967 3560 1020 3613 ils-
1074 3561 1158 3616 Isaac
1168 3563 1273 3616 comite
1285 3577 1382 3616 corani
1394 3563 1616 3633 archiepiscopo
1623 3569 1758 3632 paratur.
1773 3561 1909 3615 Dediloni

188 3666 242 3706 cus
260 3653 362 3704 noster
380 3649 500 3720 exigere
518 3651 640 3718 poterat,
661 3649 690 3702 in
706 3648 902 3702 luminaribus
924 3649 1020 3718 ipsius
1076 3651 1225 3705 successit
1239 3650 1405 3719 Stephanus
1422 3652 1451 3704 in
1463 3650 1565 3705 sedem
1576 3651 1783 3720 pontificalem,
1795 3652 1909 3703 virtam

189 3738 335 3795 oecclesiae
355 3736 558 3790 concinnanda
583 3737 792 3808 perpetualiter
815 3739 1021 3792 concessimus
1077 3739 1299 3793 aecclesiasticis
1320 3755 1406 3810 quam
1427 3739 1614 3794 secularibus
1635 3739 1800 3808 disciplinis
1820 3737 1910 3792 sufii-

188 3825 388 3881 adhibendum
397 3821 446 3878 001.
459 3825 594 3879 Preterea
607 3826 824 3881 constituimus.
837 3841 873 3881 ne
884 3827 952 3898 quis
964 3827 1024 3880 dux
1076 3829 1187 3882 cienter
1199 3828 1371 3896 instructus,
1388 3829 1439 3899 qui
1453 3843 1502 3883 res
1518 3828 1653 3898 ejusdem
1665 3828 1746 3881 sedis
1761 3826 1910 3882 aecclesiae

190 3915 235 3967 vel
249 3928 349 3967 comes
361 3914 598 3983 atquevicarius,
608 3929 663 3968 seu
674 3914 814 3985 quislibet
823 3914 1023 3985 exjudieiaria
1075 3916 1260 3986 amplioravit
1275 3918 1303 3970 et
1320 3917 1468 3986 preceptis
1480 3917 1572 3988 regiis
1582 3915 1774 3971 confirmavit.
1793 3914 1909 3987 [tFnon.

190 4005 335 4073 potestate
350 4006 482 4056 nostram
496 4003 542 4057 vel
558 4007 783 4057 antecessorum
795 4007 963 4058 nostrorum
975 4020 1024 4058 rc·
1074 4023 1113 4075 iv,
1138 4005 1192 4074 19.)
1213 4005 1268 4059 Hie
1287 4004 1421 4059 interfuit
1441 4005 1546 4060 sinodo
1564 4021 1652 4076 quam
1672 4004 1773 4058 babuit
1788 4003 1910 4059 Seulfus

190 4107 260 4164 gum
276 4089 535 4146 auctoritatem105
551 4091 663 4146 violare
675 4095 835 4161 presumat.
847 4091 930 4156 Quod
942 4094 968 4146 si
978 4092 1024 4147 ie·
1076 4095 1235 4149 Remorum
1259 4093 1513 4164 archiepiscopus,
1540 4109 1702 4148 successor
1727 4093 1858 4162 Hei-ivai,
1879 4091 1912 4146 in

191 4181 272 4250 ecrit,
284 4181 384 4235 causis
392 4179 547 4252 regalibus
558 4180 597 4233 sit
608 4180 766 4248 obnoxiuS,
778 4183 806 4233 ot
816 4181 939 4250 insuper
950 4181 1023 4235 soli·
1075 4183 1144 4237 villa
1159 4183 1316 4254 Troslegio
1332 4183 1391 4251 (an.
1407 4182 1481 4251 eet).
1492 4182 1565 4236 Cum
1580 4183 1731 4253 episcopis
1748 4181 1911 4236 ilamensis

189 4270 297 4325 ‹tis600
308 4269 643 4340 culpabilisjudicetur3
661 4269 797 4323 videlicet
808 4273 838 4323 ut
849 4270 915 4324 duae
925 4275 1023 4340 partes
1075 4272 1231 4326 dioceseos
1246 4269 1356 4325 affuere
1372 4271 1505 4326 nonnulli
1521 4287 1638 4342 queque
1653 4270 1786 4325 comites.
1804 4270 1837 4323 ln
1852 4286 1912 4341 qua

190 4358 220 4413 iu
231 4358 385 4413 archivum
397 4359 492 4428 ipsius
503 4359 650 4413 aecclesiae
661 4358 858 4428 admittantur,
870 4363 897 4412 et
909 4360 1022 4413 tertiam
1075 4365 1103 4414 et
1118 4360 1201 4414 lsaac
1213 4376 1313 4414 cemes
1324 4361 1360 4414 ad
1372 4360 1604 4415 satisfactionem
1616 4359 1704 4417 venit,
1720 4359 1830 4428 probis
1843 4375 1911 4430 quaa

191 4448 285 4501 llscus
301 4448 413 4518 regalis
430 4451 533 4502 noster
552 4446 684 4516 recipiat,
703 4450 734 4501 ut
756 4447 855 4501 nullus
875 4448 930 4501 tale
953 4448 1022 4519 quid
1074 4465 1166 4520 prave
1182 4453 1405 4520 perpetraverat
1425 4450 1570 4503 adversus
1591 4449 1758 4504 aecclesiam
1773 4448 1911 4502 Camara-

190 4536 299 4591 audere
313 4533 354 4577 1⁰ss
369 4535 510 4605 deinceps
526 4539 687 4606 presumat.
704 4535 788 4600 Quod
802 4535 841 4589 ita
857 4540 885 4590 et
901 4552 956 4590 nes
971 4552 1025 4605 per
1075 4553 1212 4608 oensem,
1236 4538 1383 4609 quoddam
1405 4537 1559 4593 castellum
1583 4538 1747 4607 Stephani,
1777 4536 1910 4607 presulis

191 4625 267 4681 hane
282 4627 416 4681 nostram
431 4625 634 4679 auctoritatem
646 4624 865 4694 confirmamus,
878 4627 910 4678 ut
920 4625 1024 4679 sicula
1075 4627 1212 4698 ejusdem
1227 4628 1321 4696 urbia,
1339 4627 1442 4683 dolosa
1464 4627 1710 4698 comprehensum
1732 4624 1910 4696 pervasione

849 4811 995 4874 VARIAE
1017 4813 1251 4876 LECTIONES

226 4966 266 5012 101
280 4985 306 5024 c.
322 4971 358 5026 ad
374 4971 541 5028 habendum
553 4970 657 5025 charta
669 4970 828 5051 oriqinalis
839 4986 922 5043 quam
942 4971 1016 5027 vidit
1030 4971 1111 5028 Colr.
1125 4969 1164 5016 tat
1173 4973 1249 5027 hanc
1263 4988 1361 5028 rocem
1374 4978 1475 5027 auctor
1486 4972 1550 5043 ipsa
1565 4972 1726 5042 adscripsit
1738 4989 1747 5035 ,·
1762 4970 1869 5026 deerat
1881 4972 1911 5024 in

192 5041 297 5095 charta
312 5042 453 5113 originali
465 5048 543 5098 teste
555 5041 637 5097 Golr.
649 5039 689 5085 100
700 5040 802 5096 videre
813 5041 838 5098 l.
851 5039 878 5097 3.
888 5038 928 5084 007
939 5042 1013 5097 Post
1024 5045 1099 5098 franc
1113 5060 1210 5098 vocem
1222 5051 1324 5098 auctor
1333 5044 1398 5114 ipse
1413 5044 1529 5113 signum
1541 5045 1640 5114 posuit
1655 5043 1669 5121 fl
1684 5048 1733 5119 -“,«-,
1751 5049 1780 5096 ct
1797 5043 1828 5095 in
1843 5058 1910 5096 sce-

193 5119 261 5176 dula
277 5126 385 5187 assuta,
404 5122 504 5177 codem
523 5122 609 5193 siqno
624 5120 763 5203 repetito,
781 5122 904 5192 scripsit
924 5123 1013 5177 rerba
1030 5144 1038 5176 .·
1058 5124 1113 5176 llic
1135 5128 1232 5180 autem
1256 5124 1417 5179 exstructis
1433 5154 1468 5162 -
1481 5123 1600 5194 plagam
1615 5124 1750 5192 sepultus
1770 5126 1827 5176 est.
1850 5121 1913 5176 Sed

193 5191 294 5246 statim
314 5196 416 5261 postea
436 5194 500 5262 ipse
524 5208 557 5247 se
581 5207 753 5264 corrigens.
777 5191 878 5247 eodem
899 5198 1063 5249 atramento
1097 5195 1206 5250 lineam
1227 5195 1361 5249 duritia
1380 5194 1517 5275 margine
1535 5192 1796 5263 abillosiqnoad
1814 5209 1912 5248 rocem

192 5261 472 5328 corroborantibus3
487 5263 529 5316 ita
541 5263 687 5331 indicans,
704 5263 936 5318 additamentum
952 5264 1026 5319 illud
1039 5281 1095 5320 non
1111 5267 1201 5336 capiti
1214 5265 1257 5324 64.
1275 5265 1330 5319 sed
1342 5262 1387 5320 65.
1405 5264 1632 5355 adpunpendum.
1649 5265 1699 5317 dd
1714 5266 1789 5317 bane
1803 5263 1913 5318 lineam

192 5348 250 5387 non
266 5332 435 5401 attendens,
451 5330 468 5387 3
484 5332 557 5387 illud
571 5334 804 5389 additamentum
820 5350 852 5389 ca
876 5335 910 5388 iti
924 5335 968 5390 61.
991 5337 1133 5391 annexuit
1144 5356 1153 5401 ;
1175 5335 1201 5390 1.
1229 5336 1277 5390 rel
1295 5335 1400 5390 saltem
1425 5336 1622 5390 toli'anerias
1646 5335 1770 5390 arbitret
1795 5335 1913 5406 quidem

190 5407 259 5475 post
274 5419 299 5458 o.
316 5401 351 5459 65
365 5403 420 5458 sed
434 5420 539 5458 novum
555 5412 640 5475 eaput
655 5406 726 5461 inde
741 5405 824 5472 facit,
864 5420 880 5459 e
895 5422 948 5461 suo
963 5408 1078 5462 titulum
1093 5407 1215 5471 addere,
1235 5423 1318 5480 quera
1333 5422 1386 5462 nae
1402 5406 1427 5461 1.
1446 5424 1499 5461 uec
1516 5407 1542 5461 3.
1560 5406 1660 5462 trahat.

989 5574 1116 5638 NOTAE

228 5711 302 5784 (150)
316 5710 360 5767 Cf.
378 5710 513 5767 Falcuini
527 5708 617 5765 Gesta
632 5710 700 5766 abb.
722 5712 794 5768 Lob.
813 5710 857 5766 18.
874 5709 964 5765 Facta
978 5712 1024 5765 est
1079 5709 1213 5764 diensem
1227 5724 1243 5765 e
1264 5709 1430 5779 isoopatum
1444 5709 1586 5779 suscepit.
1603 5707 1680 5763 Obiit
1700 5708 1794 5779 igitur
1808 5707 1914 5762 Dodilo

193 5783 378 5841 *obsecratio
393 5784 463 5855 post
477 5797 503 5838 a.
518 5779 581 5854 aet,
598 5797 657 5855 qao
673 5798 749 5838 anno
765 5783 933 5856 Stephanus
949 5782 1026 5837 Leo·
1045 5845 1055 5859 ·
1080 5781 1158 5837 inter
1170 5797 1197 5836 a.
1214 5778 1230 5835 9
1268 5779 1344 5836 ·911.
