3908 6112
135 296 218 377 ¹1⁶9

414 491 540 548 CAPUT
559 489 663 547 XXlll.

362 581 430 637 Dux
443 579 613 635 Romaniam
632 579 722 633 vadit.

160 674 252 746 lgitar
272 670 494 726 famosissimus
510 669 672 738 Apulorum
689 671 717 722 et
737 665 881 722 Calabriae
898 669 959 722 dax

123 762 286 829 liebertus,
303 760 402 815 dietim
417 759 577 830 instigante
592 773 625 811 se
642 757 784 811 hliehaela
806 757 856 827 qui
872 757 907 809 ad
923 773 956 811 sc

119 849 515 921 transfugerat,atcoeperat,
524 862 633 901 versas
647 846 818 901 ltomauiam
827 846 956 899 animam

120 939 369 1005 intendens,onno
380 933 955 1004 Dominieaelaearnationis1081,mense

121 1028 201 1085 Maio
211 1026 289 1098 apud
303 1026 491 1097 Hydruntum
506 1024 596 1092 venit,
605 1023 811 1095 apparatisque
822 1039 874 1092 pro
885 1039 954 1093 pro·

120 1133 214 1173 cessa
229 1116 397 1185 sumptibus
411 1116 492 1170 tanto
508 1113 647 1182 incoeptui
662 1113 771 1184 dignis,
788 1111 954 1182 quindecim

117 1220 215 1261 naves
230 1207 312 1259 trans
337 1218 418 1258 mare
442 1203 569 1273 aliquam
593 1201 697 1255 urbem
718 1203 954 1270 praeoccupatum

118 1294 218 1359 mittit,
231 1296 270 1361 ut,
283 1292 425 1362 cumipse
441 1307 507 1346 cum
521 1289 636 1361 reliquo
648 1290 780 1344 exercitu
794 1290 955 1360 subseque-

120 1386 216 1452 retur,
227 1382 374 1438 imbecille
383 1381 504 1452 vulgas,
516 1379 604 1452 eujus
615 1379 816 1449 parsmaximn
831 1378 861 1433 in
869 1394 955 1449 expe·

119 1472 243 1542 ditione,
259 1474 331 1540 erat,
344 1485 402 1541 qao
418 1485 452 1525 se
468 1469 504 1523 ab
519 1468 619 1523 hostili
635 1469 769 1536 incursu,
785 1468 812 1521 si
826 1483 952 1523 necesso

119 1560 210 1628 toret,
221 1563 361 1630 tueretur,
374 1559 505 1614 haberet.
527 1558 571 1611 llli
586 1573 658 1613 vero
675 1557 740 1612 vela
758 1557 855 1611 ventis
871 1571 953 1611 oom-

119 1650 271 1707 mittontcs
282 1650 318 1704 de
329 1654 415 1704 nocto
434 1648 511 1719 apud
528 1647 658 1702 Corolon
675 1646 830 1717 applicant.
845 1646 954 1699 Insula-

118 1755 178 1813 quo
194 1740 230 1795 da
244 1735 812 1807 marieminusinspecta,multitadinem
824 1734 953 1789 hostiam

119 1845 210 1905 qaam
233 1830 410 1884 invenerunt
431 1827 636 1895 abhorrentes,
657 1825 776 1879 minime
794 1840 812 1877 a
827 1824 952 1879 navibus

672 283 875 350 msrona
893 281 1056 351 sacam.
1083 231 1119 332 ς
1142 281 1221 345 me.
1244 281 1298 347 ni.

1773 286 1851 353 tito

971 470 997 527 Α
1019 488 1126 545 Herieo
1142 490 1259 546 dieitur.
1282 493 1355 547 Post
1369 494 1465 548 antem
1489 494 1540 549 ubi
1554 495 1661 551 tluvius
1686 495 1803 568 Bajosae
1819 497 1849 555 in

1017 595 1099 634 mare
1116 579 1224 649 delinit,
1248 581 1362 650 placido
1383 582 1471 636 littori
1487 584 1673 639 transfertur.
1690 587 1757 640 Dux
1773 602 1846 658 ergo

1016 684 1070 738 pro
1082 669 1164 723 libitu
1178 687 1233 724 suo
1244 671 1358 740 placido
1374 670 1470 725 littore
1480 674 1736 741 potitus,navibus
1745 676 1846 745 digre-

1017 756 1121 825 diens,
1152 774 1218 813 mox
1247 761 1278 812 ut
1298 761 1405 813 terram
1432 760 1557 828 pedibas
1576 761 1684 831 attigit,
1714 763 1847 832 inspecta

1015 846 1182 901 amoenitate
1206 847 1324 917 situque
1347 847 1490 915 locorum,
1514 850 1577 902 suis
1593 849 1707 903 dixisse
1728 851 1843 906 fertur:

1014 936 1038 990 Ο
1055 934 1208 989 fortissimi
1219 936 1337 1006 milites,
1351 939 1378 990 et
1388 936 1510 991 honoris
1521 938 1778 1007 praedecessorum
1788 957 1845 997 nou

1015 1024 1180 1095 degeneres
1194 1024 1339 1092 haeredes,
1357 1025 1420 1080 haec
1432 1029 1478 1080 est
1493 1026 1570 1080 enim
1584 1027 1744 1083 haereditas
1757 1029 1843 1083 vohis

1015 1116 1195 1182 competens.
1213 1114 1269 1167 Pro
1289 1114 1344 1168 hae
1367 1114 1559 1184 adipiscenda
1581 1115 1671 1169 armis
1691 1112 1843 1171 decertan-

1014 1202 1082 1256 dum
1097 1204 1153 1256 est.
1170 1201 1235 1255 Noa
1259 1217 1314 1256 vos
1337 1205 1463 1258 eterreat
1477 1204 1617 1274 ignobilis
1633 1204 1725 1275 vulgi,
1743 1208 1772 1259 et
1786 1206 1842 1258 im-

1013 1290 1129 1360 bacilia,
1146 1290 1281 1360 quamvis
1303 1306 1480 1361 numerosas,
1492 1292 1686 1347 multitudinis
1700 1293 1842 1362 strepitus

1013 1379 1153 1447 hostium,
1166 1379 1399 1434 sedadhortctur
1408 1381 1524 1450 species
1536 1386 1564 1435 et
1574 1381 1738 1436 fecunditas
1750 1381 1842 1437 hosti·

1013 1470 1049 1524 lis
1074 1470 1256 1539 adipiscendi
1279 1470 1488 1525 haereditaliter
1511 1471 1583 1543 agri,
1617 1475 1793 1543 speciesque
1814 1476 1842 1529 et

1012 1558 1188 1613 abnndantia
1203 1561 1272 1628 post
1287 1562 1446 1627 certamen,
1463 1561 1489 1613 si
1505 1563 1624 1615 strenue
1638 1562 1736 1631 agitis,
1753 1562 1840 1617 vobis

1013 1648 1176 1702 debitarum
1189 1663 1299 1702 rerum.
1317 1648 1388 1702 llaec
1404 1646 1516 1718 dicens,
1533 1654 1674 1717 castrum,
1690 1652 1768 1722 qaod
1783 1651 1840 1705 Ca-

1013 1736 1125 1805 sopolis
1141 1736 1247 1790 dicitur
1261 1737 1291 1790 in
1305 1737 1402 1791 insula
1416 1738 1511 1792 Caroli
1523 1753 1698 1809 oppugnans
1713 1740 1799 1809 capit,
1813 1743 1842 1795 ct

1012 1825 1091 1880 aliud
1108 1828 1246 1895 castrum,
1272 1826 1349 1896 quod
1373 1842 1409 1881 ex
1430 1827 1548 1881 nomine
1576 1828 1681 1882 insulta
1696 1827 1843 1884 Carofiam

119 1911 953 1990 progrediproesumunt,scdreditumaccelcrantes,duei
970 1931 994 1986 Β
1012 1929 1119 1969 nomen
1137 1915 1259 1983 aceepit,
1270 1929 1336 1968 cam
1353 1917 1411 1968 tota
1424 1915 1521 1968 insula
1541 1931 1604 1970 suae
1615 1916 1761 1986 maaoipat
1776 1933 1841 1971 ser-

119 2007 281 2078 placidum,
305 2007 435 2062 etiamsi
454 2006 550 2077 major
564 2009 647 2060 esset
666 2004 828 2072 exereitus,
845 2018 953 2057 renua-

119 2095 273 2151 tiant.1)ax
286 2096 384 2167 itaque
393 2095 551 2165 plurimum
565 2094 746 2149 exhilaratus
762 2091 855 2162 copiis
870 2092 954 2145 navi-

118 2184 360 2241 busintroduetis
369 2185 568 2239 festinascum
576 2184 654 2239 omni
662 2180 956 2237 elassetranssrctaro

119 2274 278 2344 accelerat,
286 2274 424 2344 pluribus
435 2289 472 2328 ax
487 2273 707 2327 remanentibus
722 2270 954 2340 amicis,quibus

120 2364 259 2435 Apuliam
286 2364 509 2435 Calabriamque
533 2364 721 2432 procuratam
751 2361 951 2430 delegaverat,

120 2452 324 2521 timorosum,
350 2456 378 2507 et
400 2454 450 2523 qui
479 2468 545 2506 cum
565 2452 631 2521 ipso
647 2450 775 2518 abibant,
792 2447 952 2518 amittendi,

118 2557 218 2616 usque
237 2544 354 2613 adipso
375 2542 569 2615 lacrymarum
594 2540 712 2608 indicia,
735 2553 811 2609 quas
830 2536 953 2591 allectus

120 2633 241 2704 pietatis
253 2631 438 2703 exprimebat
447 2630 625 2689 dolentibus:
643 2628 820 2700 quibasdam
836 2642 906 2681 vero
918 2641 954 2680 cx

119 2722 158 2777 iis
173 2722 226 2792 qui
239 2736 306 2775 eum
318 2722 384 2791 ipso
396 2720 661 2791 proficiscebantur
676 2718 781 2772 timere
791 2720 848 2770 tam
858 2715 953 2770 horri-

120 2809 184 2879 bili,
210 2811 246 2865 ad
263 2810 340 2880 quod
366 2808 535 2864 intendebat
557 2809 714 2877 inemptae,
731 2823 764 2860 ac
784 2806 811 2859 si
826 2805 953 2859 t'abriam

119 2900 188 2971 tppo
206 2902 412 2971 gravarentur,
437 2897 579 2952 militibus
598 2887 729 2951 demisse
746 2894 952 2949 trementibus.

120 2988 197 3043 Nam
218 2991 335 3058 quanta
360 2986 501 3057 audaciae,
524 2985 650 3057 cujusve
668 2984 803 3039 militaris
828 2983 954 3038 strenui·

117 3078 188 3132 tatis
203 3077 265 3131 dux
279 3076 335 3131 iste
351 3075 448 3145 fuerit,
470 3091 537 3129 cum
551 3075 707 3146 permulta
723 3072 863 3128 exercitia
880 3072 953 3126 satis

116 3166 295 3237 abundeque
310 3164 443 3234 clareret,
460 3164 547 3218 etiam
575 3164 602 3218 si
635 3164 713 3234 reliq
722 3179 759 3216 aa
788 3162 885 3217 omnia
911 3145 994 3215 si-C

117 3256 213 3326 leant,
240 3269 277 3311 ex
303 3254 360 3308 hoc
380 3253 568 3324 potissimum
596 3252 795 3307 indubitanter
818 3249 955 3304 adnotari

117 3348 236 3418 petest,
272 3343 351 3415 qaod
390 3358 456 3397 eum
491 3344 549 3395 tam
583 3342 759 3411 populosum
788 3338 953 3410 imperium,

116 3436 241 3505 tamque
251 3432 404 3503 copiosum
415 3432 713 3500 imperatorem,tetve
724 3429 814 3483 millia
824 3428 955 3483 hostiam

114 3538 311 3595 paucamanu
322 3537 374 3592 spe
385 3518 566 3592 subjugandi
574 3518 955 3573 bellolaoosseretcntatnm

112 3614 162 3670 ire
173 3611 385 3684 praesumebat,
398 3611 463 3679 ipse
473 3612 593 3663 armatae
604 3607 715 3663 militiae
725 3622 784 3662 non
797 3606 955 3676 plusquam

112 3702 203 3760 mille
214 3701 364 3756 trecentos
378 3699 487 3753 milites
502 3713 604 3753 secum
619 3697 771 3766 habuisse,
787 3695 822 3750 ab
838 3695 893 3765 eis,
905 3693 956 3765 qai

112 3792 220 3849 eidem
230 3790 349 3861 negotio
360 3788 568 3857 interfuerunt,
578 3789 741 3841 attestatur.
750 3787 842 3840 Porro
854 3785 955 3854 copias

110 3882 156 3951 si,
175 3881 318 3951 viresque
333 3893 407 3948 quas
423 3892 473 3932 res
488 3878 554 3948 ipsa
569 3878 755 3947 tempusque,
768 3877 907 3946 quantum
920 3873 956 3926 ad

110 3982 290 4037 numeram,
308 3966 460 4021 oculorum
475 3964 580 4020 intuitu
595 3964 693 4018 minus
709 3962 892 4017 sufficienter
904 3961 957 4015 ad·

109 4056 321 4124 ministrabat,
334 4053 475 4125 ipsaojus
492 4053 588 4106 animo
600 4052 697 4106 innata
707 4050 842 4105 militaris
852 4050 958 4105 feroci-

109 4152 178 4217 tas,
190 4161 225 4199 ae
238 4142 339 4214 siplus
349 4143 422 4214 ipsis
433 4141 758 4197 hostibusneeessariis
768 4140 861 4210 copiis
871 4140 960 4194 abun·

113 4237 217 4304 daret,
242 4232 426 4288 sutueienter
441 4247 591 4302 supraque
611 4245 677 4285 cam
693 4230 802 4284 habere
818 4231 847 4283 in
862 4230 960 4283 monte

111 4321 373 4398 repraesentabat,
390 4335 573 4392 suorumque
585 4320 701 4375 animes
711 4335 772 4389 prm
788 4319 891 4372 timore
907 4317 961 4371 mi·

1012 2003 1106 2057 vitati.
1124 2003 1192 2057 Inde
1201 2003 1397 2074 progrediens
1409 2005 1521 2073 urbem,
1533 2020 1599 2074 quac
1613 2005 1755 2060 hvolucia
1770 2004 1844 2075 (tlt)

1014 2092 1134 2161 dicitur,
1145 2091 1230 2161 juxta
1244 2093 1418 2146 Pemachios
1437 2092 1511 2162 (243)
1524 2108 1644 2163 campos
1657 2096 1725 2164 qaia
1750 2096 1843 2149 contl-

1014 2182 1127 2252 nioqao
1138 2181 1317 2250 applicuerat
1329 2181 1469 2251 adjacens
1481 2183 1551 2247 erat,
1563 2198 1630 2236 mox
1643 2186 1843 2255 oppugnatum

1012 2270 1101 2324 vadit.
1118 2270 1208 2324 Porro
1219 2270 1300 2323 cives
1312 2270 1397 2323 ducis
1412 2269 1538 2324 adventu
1549 2271 1657 2340 audito,
1668 2273 1843 2341 praesentia-

1012 2358 1196 2429 quenimium
1204 2358 1425 2427 torriti,viribus
1437 2359 1500 2412 sais
1511 2358 1841 2431 ignaviterdiitidentcs,

1012 2448 1159 2502 deditione
1175 2463 1191 2500 a
1207 2462 1240 2501 se
1256 2447 1331 2517 ipsis
1346 2448 1422 2501 lacta
1434 2447 1758 2518 ejusditienieumipsa
1769 2451 1843 2505 urbe

1013 2536 1189 2591 subduntur.
1219 2534 1356 2590 Castrum
1385 2536 1471 2590 etiam
1492 2538 1639 2606 quoddam
1667 2538 1739 2591 urbe
1768 2538 1842 2607 (ill)

1012 2625 1089 2680 haud
1105 2626 1207 2695 procul
1226 2625 1325 2693 situm,
1342 2626 1419 2696 qaod
1438 2625 1536 2680 Canna
1554 2626 1706 2681 dicebatur
1733 2643 1749 2680 a
1768 2625 1842 2698 (tto)

1011 2714 1169 2785 praesentia
1194 2714 1279 2768 ducis
1296 2714 1398 2768 timore
1415 2715 1595 2786 languidum,
1622 2717 1649 2769 et
1669 2731 1703 2770 co
1719 2716 1844 2770 maximo

1012 2804 1090 2875 quod
1105 2802 1265 2858 ,tvalonom
1280 2801 1365 2873 (tto),
1380 2820 1447 2874 qaas
1462 2803 1579 2858 bellicis
1595 2805 1689 2874 copiis
1705 2820 1738 2859 sc
1752 2805 1843 2859 abun·

1011 2892 1126 2946 dantier
1141 2894 1213 2961 crat,
1234 2892 1411 2946 deditionem
1426 2892 1536 2947 fecerat
1555 2893 1639 2964 (⁶247),
1657 2895 1733 2951 haud
1754 2909 1843 2950 sacas

1012 2981 1158 3036 subditur.

1300 3067 1427 3122 CAPUT
1444 3069 1548 3124 XXIV.

1233 3157 1302 3211 Dux
1314 3157 1472 3212 Daraciam
1488 3158 1615 3213 obsidet.

1066 3264 1225 3319 Fortunam
1241 3263 1297 3318 sibi
1315 3264 1374 3318 dux
1389 3265 1463 3319 satis
1477 3246 1554 3319 bene
1570 3265 1675 3320 cedere

1067 3354 1270 3425 Cognosecns,
1285 3352 1388 3427 adJicit
1403 3353 1526 3422 plurima
1542 3354 1641 3409 risere

1066 3442 1173 3497 Dnraci
1188 3442 1295 3496 mmnia
1311 3441 1428 3496 obsidet
1442 3441 1572 3513 undique

1100 3531 1219 3586 Armata
1232 3530 1333 3601 populi
1347 3545 1446 3585 mann.

1065 3620 1114 3675 Sic
1130 3620 1202 3674 urbs
1218 3620 1392 3674 contremuit
1408 3619 1546 3678 hostibus
1563 3620 1669 3691 obsita,

1066 3709 1208 3763 Diffidunt
1223 3708 1281 3762 sibi
1293 3708 1355 3779 jam
1371 3708 1456 3762 fortia
1471 3709 1588 3780 moenia,

1064 3797 1208 3852 insistant
1220 3797 1336 3851 civibus
1351 3797 1409 3852 tela
1424 3798 1566 3852 minantia

1119 3885 1273 3939 Attenuant
1289 3885 1347 3939 sibi
1362 3885 1476 3940 lunera.

1069 3973 1127 4030 Sed
1138 3974 1205 4044 plus
1221 3973 1355 4028 atteritur
1370 3974 1580 4043 asperitatibus

1070 4064 1241 4119 Graecorum
1256 4061 1383 4132 popalus
1398 4062 1519 4117 territas
1535 4064 1684 4137 hostibus,

1072 4152 1134 4207 Nee
1149 4150 1246 4206 reddit
1259 4150 1379 4205 timidus
1395 4167 1500 4221 aspera
1515 4152 1637 4208 vulnera
1653 4171 1659 4209 :

1126 4241 1214 4296 Vires
1229 4240 1391 4294 abstulerat
1405 4241 1501 4294 timor.

1074 4329 1356 4399 Constantinopolim
1372 4328 1504 4383 chartula
1520 4329 1642 4386 mittitur

114 4432 181 4472 nus
193 4412 316 4480 hilares,
331 4411 431 4466 laetum
447 4409 559 4464 vultum
569 4408 761 4475 ostendendo,
771 4408 863 4479 largis
877 4407 1002 4486 ejas-1)
1076 4421 1187 4475 Hostes
1202 4418 1231 4472 in
1246 4417 1348 4489 praelio
1360 4417 1461 4472 adsere
1478 4419 1594 4475 dieitur,

115 4505 190 4560 dem
202 4501 338 4572 regionis
353 4498 582 4570 possessionum
594 4499 872 4567 thesaurorumque,
891 4512 924 4551 ae
936 4499 964 4551 si

116 4591 182 4665 iam
194 4589 415 4654 debellavisset,
427 4587 679 4660 promissionibus
688 4585 859 4657 recreando,
870 4601 923 4657 spe
931 4601 966 4642 es

119 4682 323 4753 inposterum
338 4677 510 4749 reeipiendi,
520 4677 547 4731 si
559 4680 679 4730 strenuo
697 4690 799 4729 secum
811 4691 902 4748 egero
918 4690 967 4729 vo·

120 4771 199 4840 lunt,
213 4766 403 4853 ad0militaris
415 4766 565 4822 exereitus
584 4764 715 4834 pericula
734 4764 882 4833 tentanda,
898 4779 964 4834 qaae

123 4858 319 4916 formidolosa
342 4857 499 4912 estimatio
523 4853 744 4923 dehortabatur,
765 4854 963 4923 promptiores

125 4948 280 5005 reddebat.
301 4946 401 5016 Copiis
424 4947 523 5017 itaque
538 4945 617 4998 tanto
633 4942 775 5012 inemptai
791 4941 890 5014 dignis
911 4957 963 5010 pro

127 5054 179 5109 spe
195 5034 357 5107 apparatis,
367 5034 536 5089 damnares
548 5049 600 5103 per
619 5047 741 5106 aequora
755 5031 898 5103 prudente
914 5046 963 5085 re-

126 5125 205 5197 mige
221 5126 378 5196 reguntur,
389 5138 460 5177 aura
474 5123 535 5178 leni
552 5125 746 5193 prosperante
758 5122 881 5175 ventosa
897 5135 963 5173 oar-

126 5214 310 5284 basa,usque
320 5212 356 5266 ad
367 5216 482 5282 portum
492 5211 616 5281 placidas
629 5210 833 5280 applicationis
842 5209 962 5279 impune

127 5301 321 5375 recipiuntur,
330 5316 460 5374 parsque
473 5299 581 5355 classis
593 5299 718 5370 applicat
729 5299 757 5352 in
769 5302 895 5369 portum,
912 5297 963 5368 qai

162 5442 238 5513 (tlt)
252 5442 284 5498 C.
300 5444 334 5497 P.
350 5441 494 5498 dvalona.

162 5515 239 5581 (Μ)
253 5514 419 5570 Amathios.

163 5584 228 5653 (Μ
257 5584 343 5641 Urbi.
553 5636 557 5647 .

162 5656 227 5729 (tib
253 5655 359 5715 Secum
377 5654 451 5731 quod
468 5654 577 5714 Caeam
596 5654 755 5715 dicebatur
770 5668 817 5712 ar.

1078 4509 1218 4580 Ereptum
1233 4507 1352 4562 veniant
1367 4524 1432 4561 eam
1448 4510 1541 4578 pretio
1556 4509 1631 4581 (aas)
1646 4513 1796 4585 quaeritur,

1131 4598 1176 4653 Ne
1191 4596 1356 4652 subdantur
1370 4597 1406 4651 ab
1420 4597 1569 4654 hostibus.

1321 4721 1447 4778 CAPUT
1462 4724 1555 4778 XXV.

1191 4813 1259 4868 Dur
1273 4827 1337 4866 cum
1358 4811 1531 4867 Venetianis
1544 4814 1684 4871 bellatur.

1061 4922 1222 4991 Imperator
1236 4919 1344 4989 itaquo,
1363 4919 1398 4973 de
1412 4920 1571 4989 prasentia
1588 4920 1718 4976 hostiam
1733 4925 1855 4981 sinistro

1024 5010 1127 5066 nuntio
1137 5010 1257 5078 accepto
1269 5008 1412 5063 chartulis
1428 5010 1646 5079 expeditionem
1660 5012 1854 5086 submonens,

1024 5101 1116 5154 totum
1127 5098 1282 5167 imperinm
1290 5097 1430 5151 sollicitat
1438 5097 1596 5169 multisque
1607 5099 1856 5173 millibus,peacis

1024 5201 1147 5244 numero
1163 5186 1312 5256 hostibus,
1328 5186 1381 5240 sed
1397 5186 1856 5265 strenuitateabundantioribus,

1025 5292 1183 5332 occurrere
1199 5278 1291 5345 parat.
1312 5273 1502 5346 Credensqao
1517 5292 1533 5330 a
1548 5278 1859 5339 multitudinesuorum

1024 5381 1076 5423 eos
1087 5363 1427 5435 laeileoecuparipossc,
1437 5365 1609 5423 Venetianis
1624 5370 1856 5441 mandatutplu-

1057 5507 1131 5578 (aad)
1145 5505 1320 5562 Avalonam.

1057 5579 1119 5650 (til
1147 5577 1306 5633 Deditione
1320 5577 1399 5633 tacta
1416 5593 1477 5637 aaa.

1058 5648 1122 5721 (248
1147 5648 1256 5706 Proca.
