<?xml version="1.0" encoding="UTF-8"?>
<!DOCTYPE html PUBLIC "-//W3C//DTD XHTML 1.0 Transitional//EN"
    "http://www.w3.org/TR/xhtml1/DTD/xhtml1-transitional.dtd">
<html xmlns="http://www.w3.org/1999/xhtml" xml:lang="en" lang="en">
 <head>
  <title>
</title>
<meta http-equiv="Content-Type" content="text/html;charset=utf-8" />
  <meta name='ocr-system' content='tesseract 3.04.00' />
  <meta name='ocr-capabilities' content='ocr_page ocr_carea ocr_par ocr_line ocrx_word'/>
</head>
<body>
  <div class='ocr_page' id='page_1' title='image "./patrologiaecurs66unkngoog_0746.png"; bbox 0 0 3900 6112; ppageno 0'>
   <div class='ocr_carea' id='block_1_1' title="bbox 102 268 1817 337">
    <p class='ocr_par' dir='ltr' id='par_1_1' title="bbox 102 268 1817 337">
     <span class='ocr_line' id='line_1_1' title="bbox 102 268 1817 337; baseline 0 -2"><span class='ocrx_word' id='word_1_1' title='bbox 102 270 178 335; x_wconf 63' lang='lat'>1481</span> <span class='ocrx_word' id='word_1_2' title='bbox 346 272 402 334; x_wconf 84' lang='lat' dir='ltr'><strong>DE</strong></span> <span class='ocrx_word' id='word_1_3' title='bbox 425 273 640 337; x_wconf 81' lang='lat' dir='ltr'>CORPORIS</span> <span class='ocrx_word' id='word_1_4' title='bbox 663 272 718 333; x_wconf 90' lang='lat' dir='ltr'><strong>DT</strong></span> <span class='ocrx_word' id='word_1_5' title='bbox 739 273 852 336; x_wconf 84' lang='lat' dir='ltr'><strong>SANG.</strong></span> <span class='ocrx_word' id='word_1_6' title='bbox 878 269 1031 333; x_wconf 90' lang='lat' dir='ltr'><strong>DOMlNI</strong></span> <span class='ocrx_word' id='word_1_7' title='bbox 1055 269 1168 332; x_wconf 84' lang='lat' dir='ltr'>LIBRI</span> <span class='ocrx_word' id='word_1_8' title='bbox 1190 271 1303 333; x_wconf 84' lang='lat' dir='ltr'><strong>TRliS.</strong></span> <span class='ocrx_word' id='word_1_9' title='bbox 1330 306 1352 316; x_wconf 88' lang='lat'>-</span> <span class='ocrx_word' id='word_1_10' title='bbox 1382 268 1458 332; x_wconf 88' lang='lat' dir='ltr'><strong>LIR.</strong></span> <span class='ocrx_word' id='word_1_11' title='bbox 1483 268 1539 333; x_wconf 86' lang='lat'><strong>111.</strong></span> <span class='ocrx_word' id='word_1_12' title='bbox 1739 269 1817 335; x_wconf 74' lang='lat'>1482</span> 
     </span>
    </p>
   </div>
   <div class='ocr_carea' id='block_1_2' title="bbox 85 456 1813 899">
    <p class='ocr_par' dir='ltr' id='par_1_2' title="bbox 85 456 1813 899">
     <span class='ocr_line' id='line_1_2' title="bbox 88 456 1812 543; baseline -0.002 -14"><span class='ocrx_word' id='word_1_13' title='bbox 88 473 284 529; x_wconf 76' lang='lat' dir='ltr'>substantiam</span> <span class='ocrx_word' id='word_1_14' title='bbox 297 475 433 543; x_wconf 88' lang='lat' dir='ltr'><strong>eorporis</strong></span> <span class='ocrx_word' id='word_1_15' title='bbox 444 473 553 528; x_wconf 75' lang='lat' dir='ltr'>Christi</span> <span class='ocrx_word' id='word_1_16' title='bbox 564 475 630 528; x_wconf 91' lang='lat' dir='ltr'><strong>eibe</strong></span> <span class='ocrx_word' id='word_1_17' title='bbox 643 475 743 529; x_wconf 88' lang='lat' dir='ltr'><strong>inesse</strong></span> <span class='ocrx_word' id='word_1_18' title='bbox 755 456 960 542; x_wconf 64' lang='lat' dir='ltr'><strong>Dominico,A</strong></span> <span class='ocrx_word' id='word_1_19' title='bbox 979 488 1037 527; x_wconf 91' lang='lat' dir='ltr'><strong>non</strong></span> <span class='ocrx_word' id='word_1_20' title='bbox 1052 473 1157 542; x_wconf 88' lang='lat' dir='ltr'><strong>placat,</strong></span> <span class='ocrx_word' id='word_1_21' title='bbox 1174 474 1205 527; x_wconf 93' lang='lat' dir='ltr'><strong>ut</strong></span> <span class='ocrx_word' id='word_1_22' title='bbox 1222 487 1331 542; x_wconf 88' lang='lat' dir='ltr'><strong>eorpus</strong></span> <span class='ocrx_word' id='word_1_23' title='bbox 1348 487 1434 525; x_wconf 91' lang='lat' dir='ltr'><strong>suum</strong></span> <span class='ocrx_word' id='word_1_24' title='bbox 1454 471 1518 525; x_wconf 90' lang='lat' dir='ltr'><strong>sine</strong></span> <span class='ocrx_word' id='word_1_25' title='bbox 1533 469 1632 540; x_wconf 87' lang='lat' dir='ltr'><strong>aliquo</strong></span> <span class='ocrx_word' id='word_1_26' title='bbox 1655 470 1750 540; x_wconf 84' lang='lat' dir='ltr'><strong>ipsius</strong></span> <span class='ocrx_word' id='word_1_27' title='bbox 1765 472 1812 527; x_wconf 92' lang='lat' dir='ltr'><strong>in-</strong></span> 
     </span>
     <span class='ocr_line' id='line_1_3' title="bbox 86 559 1813 634; baseline 0.001 -18"><span class='ocrx_word' id='word_1_28' title='bbox 86 578 192 633; x_wconf 91' lang='lat' dir='ltr'><strong>panem</strong></span> <span class='ocrx_word' id='word_1_29' title='bbox 215 567 311 616; x_wconf 90' lang='lat' dir='ltr'><strong>tamen</strong></span> <span class='ocrx_word' id='word_1_30' title='bbox 336 568 364 617; x_wconf 92' lang='lat' dir='ltr'><strong>et</strong></span> <span class='ocrx_word' id='word_1_31' title='bbox 388 564 487 616; x_wconf 90' lang='lat' dir='ltr'><strong>vinnm</strong></span> <span class='ocrx_word' id='word_1_32' title='bbox 512 579 565 634; x_wconf 91' lang='lat' dir='ltr'><strong>per</strong></span> <span class='ocrx_word' id='word_1_33' title='bbox 589 564 678 617; x_wconf 88' lang='lat' dir='ltr'><strong>verba</strong></span> <span class='ocrx_word' id='word_1_34' title='bbox 706 563 865 616; x_wconf 80' lang='lat' dir='ltr'><strong>Salvatoris</strong></span> <span class='ocrx_word' id='word_1_35' title='bbox 892 563 920 616; x_wconf 93' lang='lat' dir='ltr'><strong>in</strong></span> <span class='ocrx_word' id='word_1_36' title='bbox 978 563 1131 615; x_wconf 93' lang='lat' dir='ltr'><strong>commodo</strong></span> <span class='ocrx_word' id='word_1_37' title='bbox 1146 561 1302 627; x_wconf 80' lang='lat' dir='ltr'><strong>dividatur,</strong></span> <span class='ocrx_word' id='word_1_38' title='bbox 1321 559 1454 630; x_wconf 90' lang='lat' dir='ltr'><strong>exemplo</strong></span> <span class='ocrx_word' id='word_1_39' title='bbox 1470 560 1553 612; x_wconf 88' lang='lat' dir='ltr'><strong>vocis</strong></span> <span class='ocrx_word' id='word_1_40' title='bbox 1570 562 1598 612; x_wconf 90' lang='lat' dir='ltr'><strong>et</strong></span> <span class='ocrx_word' id='word_1_41' title='bbox 1611 559 1726 629; x_wconf 73' lang='lat' dir='ltr'><strong>animae,</strong></span> <span class='ocrx_word' id='word_1_42' title='bbox 1746 576 1813 630; x_wconf 80' lang='lat' dir='ltr'><strong>quae</strong></span> 
     </span>
     <span class='ocr_line' id='line_1_4' title="bbox 86 646 1811 723; baseline -0.001 -19"><span class='ocrx_word' id='word_1_43' title='bbox 86 667 205 705; x_wconf 90' lang='lat' dir='ltr'><strong>earnem</strong></span> <span class='ocrx_word' id='word_1_44' title='bbox 216 650 282 720; x_wconf 82' lang='lat' dir='ltr'><strong>ejas</strong></span> <span class='ocrx_word' id='word_1_45' title='bbox 295 656 323 704; x_wconf 89' lang='lat' dir='ltr'><strong>et</strong></span> <span class='ocrx_word' id='word_1_46' title='bbox 332 652 508 722; x_wconf 83' lang='lat' dir='ltr'><strong>sanguinem</strong></span> <span class='ocrx_word' id='word_1_47' title='bbox 520 652 593 706; x_wconf 82' lang='lat' dir='ltr'><strong>verti</strong></span> <span class='ocrx_word' id='word_1_48' title='bbox 604 668 788 723; x_wconf 83' lang='lat' dir='ltr'><strong>nequaqnam</strong></span> <span class='ocrx_word' id='word_1_49' title='bbox 799 651 920 705; x_wconf 87' lang='lat' dir='ltr'><strong>creden·</strong></span> <span class='ocrx_word' id='word_1_50' title='bbox 977 654 1047 703; x_wconf 76' lang='lat' dir='ltr'><strong>totae</strong></span> <span class='ocrx_word' id='word_1_51' title='bbox 1064 651 1092 702; x_wconf 91' lang='lat' dir='ltr'><strong>in</strong></span> <span class='ocrx_word' id='word_1_52' title='bbox 1109 649 1238 702; x_wconf 84' lang='lat' dir='ltr'><strong>diversis</strong></span> <span class='ocrx_word' id='word_1_53' title='bbox 1259 648 1332 701; x_wconf 88' lang='lat' dir='ltr'><strong>loeis</strong></span> <span class='ocrx_word' id='word_1_54' title='bbox 1345 664 1413 701; x_wconf 84' lang='lat' dir='ltr'><strong>esse</strong></span> <span class='ocrx_word' id='word_1_55' title='bbox 1425 647 1573 716; x_wconf 79' lang='lat' dir='ltr'>possunt),</span> <span class='ocrx_word' id='word_1_56' title='bbox 1587 647 1616 699; x_wconf 91' lang='lat' dir='ltr'><strong>in</strong></span> <span class='ocrx_word' id='word_1_57' title='bbox 1629 646 1811 704; x_wconf 86' lang='lat' dir='ltr'><strong>comedendo</strong></span> 
     </span>
     <span class='ocr_line' id='line_1_5' title="bbox 86 735 1809 809; baseline 0 -17"><span class='ocrx_word' id='word_1_58' title='bbox 86 742 143 808; x_wconf 90' lang='lat' dir='ltr'><strong>tes,</strong></span> <span class='ocrx_word' id='word_1_59' title='bbox 160 739 213 795; x_wconf 89' lang='lat' dir='ltr'><strong>sed</strong></span> <span class='ocrx_word' id='word_1_60' title='bbox 229 739 380 793; x_wconf 82' lang='lat' dir='ltr'><strong>Cinistnm</strong></span> <span class='ocrx_word' id='word_1_61' title='bbox 395 741 462 808; x_wconf 91' lang='lat' dir='ltr'><strong>pani</strong></span> <span class='ocrx_word' id='word_1_62' title='bbox 478 743 505 793; x_wconf 92' lang='lat' dir='ltr'><strong>et</strong></span> <span class='ocrx_word' id='word_1_63' title='bbox 521 741 589 794; x_wconf 90' lang='lat' dir='ltr'><strong>vino</strong></span> <span class='ocrx_word' id='word_1_64' title='bbox 601 742 837 807; x_wconf 79' lang='lat' dir='ltr'><strong>commiscentes,</strong></span> <span class='ocrx_word' id='word_1_65' title='bbox 853 744 917 794; x_wconf 87' lang='lat' dir='ltr'><strong>tan·</strong></span> <span class='ocrx_word' id='word_1_66' title='bbox 977 739 1152 809; x_wconf 81' lang='lat' dir='ltr'><strong>negavimus</strong></span> <span class='ocrx_word' id='word_1_67' title='bbox 1165 738 1265 804; x_wconf 88' lang='lat' dir='ltr'><strong>minui,</strong></span> <span class='ocrx_word' id='word_1_68' title='bbox 1277 735 1485 789; x_wconf 88' lang='lat' dir='ltr'><strong>iicetaltissimi</strong></span> <span class='ocrx_word' id='word_1_69' title='bbox 1496 750 1585 789; x_wconf 76' lang='lat' dir='ltr'><strong>carisa</strong></span> <span class='ocrx_word' id='word_1_70' title='bbox 1596 736 1740 805; x_wconf 77' lang='lat' dir='ltr'>mysterii,</span> <span class='ocrx_word' id='word_1_71' title='bbox 1751 752 1809 808; x_wconf 86' lang='lat' dir='ltr'><strong>quo</strong></span> 
     </span>
     <span class='ocr_line' id='line_1_6' title="bbox 85 823 1810 899; baseline -0.002 -17"><span class='ocrx_word' id='word_1_72' title='bbox 85 843 173 899; x_wconf 90' lang='lat' dir='ltr'><strong>quam</strong></span> <span class='ocrx_word' id='word_1_73' title='bbox 190 827 338 882; x_wconf 91' lang='lat' dir='ltr'><strong>subtiliori</strong></span> <span class='ocrx_word' id='word_1_74' title='bbox 355 829 468 882; x_wconf 90' lang='lat' dir='ltr'><strong>ratione</strong></span> <span class='ocrx_word' id='word_1_75' title='bbox 483 828 622 883; x_wconf 75' lang='lat' dir='ltr'>haeresim</span> <span class='ocrx_word' id='word_1_76' title='bbox 638 830 757 884; x_wconf 91' lang='lat' dir='ltr'><strong>alteram</strong></span> <span class='ocrx_word' id='word_1_77' title='bbox 776 829 915 884; x_wconf 88' lang='lat' dir='ltr'><strong>condide-</strong></span> <span class='ocrx_word' id='word_1_78' title='bbox 978 829 1006 881; x_wconf 92' lang='lat' dir='ltr'><strong>et</strong></span> <span class='ocrx_word' id='word_1_79' title='bbox 1020 825 1188 879; x_wconf 84' lang='lat' dir='ltr'><strong>infidelibus</strong></span> <span class='ocrx_word' id='word_1_80' title='bbox 1204 828 1280 878; x_wconf 85' lang='lat' dir='ltr'><strong>tanta</strong></span> <span class='ocrx_word' id='word_1_81' title='bbox 1297 840 1345 877; x_wconf 89' lang='lat' dir='ltr'><strong>res</strong></span> <span class='ocrx_word' id='word_1_82' title='bbox 1358 823 1543 877; x_wconf 86' lang='lat' dir='ltr'><strong>clauderetur</strong></span> <span class='ocrx_word' id='word_1_83' title='bbox 1553 827 1581 877; x_wconf 92' lang='lat' dir='ltr'><strong>et</strong></span> <span class='ocrx_word' id='word_1_84' title='bbox 1591 823 1728 878; x_wconf 85' lang='lat' dir='ltr'><strong>fidelibus</strong></span> <span class='ocrx_word' id='word_1_85' title='bbox 1740 824 1810 880; x_wconf 88' lang='lat' dir='ltr'><strong>utile</strong></span> 
     </span>
    </p>
   </div>
   <div class='ocr_carea' id='block_1_3' title="bbox 80 915 916 1785">
    <p class='ocr_par' dir='ltr' id='par_1_3' title="bbox 80 915 916 1785">
     <span class='ocr_line' id='line_1_7' title="bbox 85 915 915 988; baseline 0.004 -18"><span class='ocrx_word' id='word_1_86' title='bbox 85 920 165 971; x_wconf 86' lang='lat' dir='ltr'><strong>runt.</strong></span> <span class='ocrx_word' id='word_1_87' title='bbox 190 915 270 981; x_wconf 87' lang='lat' dir='ltr'><strong>Quos</strong></span> <span class='ocrx_word' id='word_1_88' title='bbox 294 917 412 986; x_wconf 86' lang='lat' dir='ltr'><strong>quidem</strong></span> <span class='ocrx_word' id='word_1_89' title='bbox 434 916 508 971; x_wconf 90' lang='lat' dir='ltr'><strong>alios</strong></span> <span class='ocrx_word' id='word_1_90' title='bbox 528 919 593 973; x_wconf 92' lang='lat' dir='ltr'><strong>dico</strong></span> <span class='ocrx_word' id='word_1_91' title='bbox 618 919 701 988; x_wconf 82' lang='lat' dir='ltr'>quasi</span> <span class='ocrx_word' id='word_1_92' title='bbox 731 919 787 973; x_wconf 92' lang='lat' dir='ltr'><strong>alio</strong></span> <span class='ocrx_word' id='word_1_93' title='bbox 814 934 915 973; x_wconf 89' lang='lat' dir='ltr'><strong>errore</strong></span> 
     </span>
     <span class='ocr_line' id='line_1_8' title="bbox 83 1005 914 1077; baseline 0.002 -20"><span class='ocrx_word' id='word_1_94' title='bbox 83 1005 220 1059; x_wconf 86' lang='lat' dir='ltr'><strong>detentos</strong></span> <span class='ocrx_word' id='word_1_95' title='bbox 238 1020 243 1058; x_wconf 93' lang='lat'>:</span> <span class='ocrx_word' id='word_1_96' title='bbox 262 1020 328 1057; x_wconf 91' lang='lat' dir='ltr'><strong>nam</strong></span> <span class='ocrx_word' id='word_1_97' title='bbox 352 1005 425 1058; x_wconf 90' lang='lat' dir='ltr'><strong>alias</strong></span> <span class='ocrx_word' id='word_1_98' title='bbox 450 1005 525 1059; x_wconf 90' lang='lat' dir='ltr'><strong>idem</strong></span> <span class='ocrx_word' id='word_1_99' title='bbox 537 1011 615 1060; x_wconf 79' lang='lat' dir='ltr'><strong>saint.</strong></span> <span class='ocrx_word' id='word_1_100' title='bbox 626 1007 700 1060; x_wconf 91' lang='lat' dir='ltr'><strong>Nam</strong></span> <span class='ocrx_word' id='word_1_101' title='bbox 715 1007 840 1077; x_wconf 88' lang='lat' dir='ltr'><strong>primum</strong></span> <span class='ocrx_word' id='word_1_102' title='bbox 851 1007 914 1076; x_wconf 91' lang='lat' dir='ltr'><strong>qui·</strong></span> 
     </span>
     <span class='ocr_line' id='line_1_9' title="bbox 84 1093 912 1165; baseline 0.004 -19"><span class='ocrx_word' id='word_1_103' title='bbox 84 1093 151 1146; x_wconf 92' lang='lat' dir='ltr'><strong>dem</strong></span> <span class='ocrx_word' id='word_1_104' title='bbox 167 1093 243 1162; x_wconf 90' lang='lat' dir='ltr'><strong>apud</strong></span> <span class='ocrx_word' id='word_1_105' title='bbox 260 1109 336 1163; x_wconf 89' lang='lat' dir='ltr'><strong>quos</strong></span> <span class='ocrx_word' id='word_1_106' title='bbox 351 1097 487 1162; x_wconf 75' lang='lat' dir='ltr'><strong>possunt,</strong></span> <span class='ocrx_word' id='word_1_107' title='bbox 503 1100 762 1165; x_wconf 88' lang='lat' dir='ltr'><strong>quantumcunque</strong></span> <span class='ocrx_word' id='word_1_108' title='bbox 777 1098 912 1164; x_wconf 78' lang='lat' dir='ltr'><strong>possunt,</strong></span> 
     </span>
     <span class='ocr_line' id='line_1_10' title="bbox 83 1180 916 1252; baseline 0.005 -18"><span class='ocrx_word' id='word_1_109' title='bbox 83 1180 157 1234; x_wconf 87' lang='lat' dir='ltr'><strong>nihil</strong></span> <span class='ocrx_word' id='word_1_110' title='bbox 172 1180 208 1234; x_wconf 90' lang='lat' dir='ltr'><strong>de</strong></span> <span class='ocrx_word' id='word_1_111' title='bbox 225 1196 350 1251; x_wconf 88' lang='lat' dir='ltr'><strong>corpore</strong></span> <span class='ocrx_word' id='word_1_112' title='bbox 364 1187 392 1235; x_wconf 93' lang='lat' dir='ltr'><strong>et</strong></span> <span class='ocrx_word' id='word_1_113' title='bbox 402 1182 546 1252; x_wconf 80' lang='lat' dir='ltr'><strong>sanguine</strong></span> <span class='ocrx_word' id='word_1_114' title='bbox 558 1183 673 1236; x_wconf 78' lang='lat' dir='ltr'><strong>Domini</strong></span> <span class='ocrx_word' id='word_1_115' title='bbox 683 1183 916 1238; x_wconf 72' lang='lat' dir='ltr'><strong>substantialiter</strong></span> 
     </span>
     <span class='ocr_line' id='line_1_11' title="bbox 84 1270 914 1343; baseline 0.005 -21"><span class='ocrx_word' id='word_1_116' title='bbox 84 1270 280 1323; x_wconf 78' lang='lat' dir='ltr'><strong>sacramentis</strong></span> <span class='ocrx_word' id='word_1_117' title='bbox 297 1271 397 1324; x_wconf 90' lang='lat' dir='ltr'><strong>inesse</strong></span> <span class='ocrx_word' id='word_1_118' title='bbox 422 1271 610 1340; x_wconf 89' lang='lat' dir='ltr'><strong>contendunt,</strong></span> <span class='ocrx_word' id='word_1_119' title='bbox 628 1272 681 1326; x_wconf 90' lang='lat' dir='ltr'><strong>sed</strong></span> <span class='ocrx_word' id='word_1_120' title='bbox 698 1272 764 1326; x_wconf 94' lang='lat' dir='ltr'><strong>inde</strong></span> <span class='ocrx_word' id='word_1_121' title='bbox 780 1271 822 1343; x_wconf 90' lang='lat' dir='ltr'><strong>(ut</strong></span> <span class='ocrx_word' id='word_1_122' title='bbox 836 1273 914 1326; x_wconf 83' lang='lat' dir='ltr'><strong>dixi-</strong></span> 
     </span>
     <span class='ocr_line' id='line_1_12' title="bbox 83 1357 912 1431; baseline 0.005 -20"><span class='ocrx_word' id='word_1_123' title='bbox 83 1360 162 1422; x_wconf 89' lang='lat' dir='ltr'><strong>mus)</strong></span> <span class='ocrx_word' id='word_1_124' title='bbox 175 1357 263 1427; x_wconf 89' lang='lat' dir='ltr'><strong>pulsi,</strong></span> <span class='ocrx_word' id='word_1_125' title='bbox 281 1359 444 1431; x_wconf 77' lang='lat' dir='ltr'><strong>coningere</strong></span> <span class='ocrx_word' id='word_1_126' title='bbox 457 1359 567 1413; x_wconf 88' lang='lat' dir='ltr'><strong>malunt</strong></span> <span class='ocrx_word' id='word_1_127' title='bbox 583 1361 619 1414; x_wconf 90' lang='lat' dir='ltr'><strong>ad</strong></span> <span class='ocrx_word' id='word_1_128' title='bbox 635 1360 710 1414; x_wconf 88' lang='lat' dir='ltr'><strong>hanc</strong></span> <span class='ocrx_word' id='word_1_129' title='bbox 725 1362 912 1431; x_wconf 86' lang='lat' dir='ltr'><strong>impietatem,</strong></span> 
     </span>
     <span class='ocr_line' id='line_1_13' title="bbox 82 1447 914 1517; baseline 0.002 -17"><span class='ocrx_word' id='word_1_130' title='bbox 82 1462 170 1517; x_wconf 88' lang='lat' dir='ltr'><strong>quam</strong></span> <span class='ocrx_word' id='word_1_131' title='bbox 187 1447 335 1501; x_wconf 88' lang='lat' dir='ltr'><strong>sinceram</strong></span> <span class='ocrx_word' id='word_1_132' title='bbox 347 1452 447 1502; x_wconf 88' lang='lat' dir='ltr'><strong>tenere</strong></span> <span class='ocrx_word' id='word_1_133' title='bbox 459 1464 523 1502; x_wconf 90' lang='lat' dir='ltr'><strong>eum</strong></span> <span class='ocrx_word' id='word_1_134' title='bbox 539 1449 604 1502; x_wconf 92' lang='lat' dir='ltr'><strong>aliis</strong></span> <span class='ocrx_word' id='word_1_135' title='bbox 618 1449 788 1504; x_wconf 91' lang='lat' dir='ltr'><strong>hominibus</strong></span> <span class='ocrx_word' id='word_1_136' title='bbox 799 1450 914 1503; x_wconf 90' lang='lat' dir='ltr'><strong>humili-</strong></span> 
     </span>
     <span class='ocr_line' id='line_1_14' title="bbox 80 1535 914 1608; baseline 0.006 -20"><span class='ocrx_word' id='word_1_137' title='bbox 80 1538 129 1588; x_wconf 91' lang='lat' dir='ltr'><strong>ter</strong></span> <span class='ocrx_word' id='word_1_138' title='bbox 149 1536 313 1589; x_wconf 87' lang='lat' dir='ltr'><strong>veritatem.</strong></span> <span class='ocrx_word' id='word_1_139' title='bbox 337 1535 431 1606; x_wconf 85' lang='lat' dir='ltr'><strong>Cujus</strong></span> <span class='ocrx_word' id='word_1_140' title='bbox 463 1538 592 1590; x_wconf 75' lang='lat' dir='ltr'><strong>vesaniae</strong></span> <span class='ocrx_word' id='word_1_141' title='bbox 616 1553 734 1592; x_wconf 91' lang='lat' dir='ltr'><strong>eausam</strong></span> <span class='ocrx_word' id='word_1_142' title='bbox 760 1538 914 1608; x_wconf 86' lang='lat' dir='ltr'><strong>proterunt</strong></span> 
     </span>
     <span class='ocr_line' id='line_1_15' title="bbox 81 1622 913 1698; baseline 0.007 -23"><span class='ocrx_word' id='word_1_143' title='bbox 81 1622 238 1677; x_wconf 77' lang='lat' dir='ltr'><strong>hanert</strong></span> <span class='ocrx_word' id='word_1_144' title='bbox 265 1639 319 1693; x_wconf 90' lang='lat' dir='ltr'><strong>per</strong></span> <span class='ocrx_word' id='word_1_145' title='bbox 349 1639 451 1694; x_wconf 89' lang='lat' dir='ltr'><strong>panem</strong></span> <span class='ocrx_word' id='word_1_146' title='bbox 477 1627 504 1678; x_wconf 93' lang='lat' dir='ltr'><strong>et</strong></span> <span class='ocrx_word' id='word_1_147' title='bbox 533 1627 643 1695; x_wconf 89' lang='lat' dir='ltr'><strong>vinum,</strong></span> <span class='ocrx_word' id='word_1_148' title='bbox 672 1627 820 1698; x_wconf 87' lang='lat' dir='ltr'><strong>inquiunt,</strong></span> <span class='ocrx_word' id='word_1_149' title='bbox 846 1643 913 1683; x_wconf 89' lang='lat' dir='ltr'><strong>earo</strong></span> 
     </span>
     <span class='ocr_line' id='line_1_16' title="bbox 80 1710 912 1785; baseline 0.008 -22"><span class='ocrx_word' id='word_1_150' title='bbox 80 1710 191 1764; x_wconf 77' lang='lat' dir='ltr'><strong>Christi</strong></span> <span class='ocrx_word' id='word_1_151' title='bbox 204 1713 317 1766; x_wconf 91' lang='lat' dir='ltr'><strong>comedi</strong></span> <span class='ocrx_word' id='word_1_152' title='bbox 330 1716 358 1766; x_wconf 91' lang='lat' dir='ltr'><strong>et</strong></span> <span class='ocrx_word' id='word_1_153' title='bbox 369 1713 492 1784; x_wconf 81' lang='lat' dir='ltr'><strong>sanguis</strong></span> <span class='ocrx_word' id='word_1_154' title='bbox 502 1715 611 1784; x_wconf 90' lang='lat' dir='ltr'><strong>portari</strong></span> <span class='ocrx_word' id='word_1_155' title='bbox 621 1715 725 1784; x_wconf 89' lang='lat' dir='ltr'><strong>possit.</strong></span> <span class='ocrx_word' id='word_1_156' title='bbox 736 1714 793 1768; x_wconf 82' lang='lat' dir='ltr'><strong>Sed</strong></span> <span class='ocrx_word' id='word_1_157' title='bbox 806 1715 912 1785; x_wconf 86' lang='lat' dir='ltr'><strong>utquid</strong></span> 
     </span>
    </p>
   </div>
   <div class='ocr_carea' id='block_1_4' title="bbox 970 912 1846 1783">
    <p class='ocr_par' dir='ltr' id='par_1_4' title="bbox 970 912 1846 1783">
     <span class='ocr_line' id='line_1_17' title="bbox 978 912 1812 983; baseline 0.002 -16"><span class='ocrx_word' id='word_1_158' title='bbox 978 915 1150 968; x_wconf 82' lang='lat' dir='ltr'><strong>exercitium</strong></span> <span class='ocrx_word' id='word_1_159' title='bbox 1167 914 1343 983; x_wconf 70' lang='lat' dir='ltr'><strong>pessimatur,</strong></span> <span class='ocrx_word' id='word_1_160' title='bbox 1358 914 1385 967; x_wconf 91' lang='lat' dir='ltr'><strong>id</strong></span> <span class='ocrx_word' id='word_1_161' title='bbox 1397 912 1613 966; x_wconf 84' lang='lat' dir='ltr'><strong>videaturfieri.</strong></span> <span class='ocrx_word' id='word_1_162' title='bbox 1627 912 1662 966; x_wconf 85' lang='lat' dir='ltr'><strong>Et</strong></span> <span class='ocrx_word' id='word_1_163' title='bbox 1674 913 1812 969; x_wconf 87' lang='lat' dir='ltr'><strong>sicutisti</strong></span> 
     </span>
     <span class='ocr_line' id='line_1_18' title="bbox 978 1001 1809 1074; baseline 0 -16"><span class='ocrx_word' id='word_1_164' title='bbox 978 1020 1087 1074; x_wconf 83' lang='lat' dir='ltr'><strong>negare</strong></span> <span class='ocrx_word' id='word_1_165' title='bbox 1103 1006 1260 1073; x_wconf 88' lang='lat' dir='ltr'><strong>nequeunt,</strong></span> <span class='ocrx_word' id='word_1_166' title='bbox 1285 1019 1350 1057; x_wconf 83' lang='lat' dir='ltr'><strong>euru</strong></span> <span class='ocrx_word' id='word_1_167' title='bbox 1373 1018 1431 1055; x_wconf 91' lang='lat' dir='ltr'><strong>uno</strong></span> <span class='ocrx_word' id='word_1_168' title='bbox 1456 1004 1586 1071; x_wconf 89' lang='lat' dir='ltr'><strong>tempore</strong></span> <span class='ocrx_word' id='word_1_169' title='bbox 1607 1001 1686 1054; x_wconf 90' lang='lat' dir='ltr'><strong>mille</strong></span> <span class='ocrx_word' id='word_1_170' title='bbox 1706 1002 1809 1058; x_wconf 82' lang='lat' dir='ltr'><strong>missae</strong></span> 
     </span>
     <span class='ocr_line' id='line_1_19' title="bbox 977 1091 1809 1160; baseline 0 -13"><span class='ocrx_word' id='word_1_171' title='bbox 977 1094 1051 1147; x_wconf 91' lang='lat' dir='ltr'><strong>loeis</strong></span> <span class='ocrx_word' id='word_1_172' title='bbox 1063 1091 1277 1146; x_wconf 86' lang='lat' dir='ltr'><strong>diversissimis</strong></span> <span class='ocrx_word' id='word_1_173' title='bbox 1288 1091 1483 1158; x_wconf 83' lang='lat' dir='ltr'><strong>celebrentur,</strong></span> <span class='ocrx_word' id='word_1_174' title='bbox 1496 1095 1523 1144; x_wconf 90' lang='lat' dir='ltr'><strong>et</strong></span> <span class='ocrx_word' id='word_1_175' title='bbox 1538 1094 1658 1160; x_wconf 86' lang='lat' dir='ltr'><strong>propter</strong></span> <span class='ocrx_word' id='word_1_176' title='bbox 1668 1091 1809 1147; x_wconf 86' lang='lat' dir='ltr'><strong>diversos</strong></span> 
     </span>
     <span class='ocr_line' id='line_1_20' title="bbox 977 1177 1809 1251; baseline -0.001 -15"><span class='ocrx_word' id='word_1_177' title='bbox 977 1183 1058 1236; x_wconf 90' lang='lat' dir='ltr'><strong>loeas</strong></span> <span class='ocrx_word' id='word_1_178' title='bbox 1074 1197 1183 1250; x_wconf 90' lang='lat' dir='ltr'><strong>corpus</strong></span> <span class='ocrx_word' id='word_1_179' title='bbox 1200 1181 1383 1233; x_wconf 91' lang='lat' dir='ltr'><strong>Dominienm</strong></span> <span class='ocrx_word' id='word_1_180' title='bbox 1399 1179 1492 1233; x_wconf 86' lang='lat' dir='ltr'><strong>videri</strong></span> <span class='ocrx_word' id='word_1_181' title='bbox 1513 1180 1598 1250; x_wconf 87' lang='lat' dir='ltr'><strong>quasi</strong></span> <span class='ocrx_word' id='word_1_182' title='bbox 1624 1177 1763 1251; x_wconf 88' lang='lat' dir='ltr'><strong>divisum,</strong></span> <span class='ocrx_word' id='word_1_183' title='bbox 1780 1183 1809 1235; x_wconf 90' lang='lat' dir='ltr'><strong>et</strong></span> 
     </span>
     <span class='ocr_line' id='line_1_21' title="bbox 977 1268 1806 1340; baseline -0.002 -15"><span class='ocrx_word' id='word_1_184' title='bbox 977 1277 1072 1325; x_wconf 87' lang='lat' dir='ltr'><strong>tamen</strong></span> <span class='ocrx_word' id='word_1_185' title='bbox 1083 1270 1249 1325; x_wconf 87' lang='lat' dir='ltr'><strong>nullalenus</strong></span> <span class='ocrx_word' id='word_1_186' title='bbox 1260 1285 1329 1322; x_wconf 91' lang='lat' dir='ltr'><strong>esse</strong></span> <span class='ocrx_word' id='word_1_187' title='bbox 1341 1269 1478 1335; x_wconf 83' lang='lat' dir='ltr'><strong>divisum,</strong></span> <span class='ocrx_word' id='word_1_188' title='bbox 1487 1283 1553 1321; x_wconf 91' lang='lat' dir='ltr'><strong>nam</strong></span> <span class='ocrx_word' id='word_1_189' title='bbox 1562 1284 1626 1322; x_wconf 89' lang='lat' dir='ltr'><strong>cum</strong></span> <span class='ocrx_word' id='word_1_190' title='bbox 1638 1268 1666 1321; x_wconf 91' lang='lat' dir='ltr'><strong>in</strong></span> <span class='ocrx_word' id='word_1_191' title='bbox 1676 1269 1806 1340; x_wconf 78' lang='lat' dir='ltr'><strong>siugulis</strong></span> 
     </span>
     <span class='ocr_line' id='line_1_22' title="bbox 975 1356 1846 1434; baseline -0.002 -21"><span class='ocrx_word' id='word_1_192' title='bbox 975 1360 1078 1413; x_wconf 91' lang='lat' dir='ltr'><strong>missis</strong></span> <span class='ocrx_word' id='word_1_193' title='bbox 1090 1363 1178 1412; x_wconf 89' lang='lat' dir='ltr'><strong>totum</strong></span> <span class='ocrx_word' id='word_1_194' title='bbox 1192 1356 1308 1428; x_wconf 85' lang='lat' dir='ltr'><strong>sit,jam</strong></span> <span class='ocrx_word' id='word_1_195' title='bbox 1321 1373 1379 1410; x_wconf 93' lang='lat' dir='ltr'><strong>non</strong></span> <span class='ocrx_word' id='word_1_196' title='bbox 1391 1372 1460 1410; x_wconf 88' lang='lat' dir='ltr'><strong>esse</strong></span> <span class='ocrx_word' id='word_1_197' title='bbox 1475 1372 1576 1424; x_wconf 68' lang='lat' dir='ltr'><strong>unum,</strong></span> <span class='ocrx_word' id='word_1_198' title='bbox 1591 1372 1683 1427; x_wconf 90' lang='lat' dir='ltr'><strong>quare</strong></span> <span class='ocrx_word' id='word_1_199' title='bbox 1698 1357 1805 1411; x_wconf 89' lang='lat' dir='ltr'><strong>simili·</strong></span> <span class='ocrx_word' id='word_1_200' title='bbox 1843 1429 1846 1434; x_wconf 21' lang='grc' dir='ltr'>Ι</span> 
     </span>
     <span class='ocr_line' id='line_1_23' title="bbox 974 1445 1806 1515; baseline -0.001 -14"><span class='ocrx_word' id='word_1_201' title='bbox 974 1451 1020 1503; x_wconf 90' lang='lat' dir='ltr'><strong>ter</strong></span> <span class='ocrx_word' id='word_1_202' title='bbox 1031 1448 1194 1502; x_wconf 84' lang='lat' dir='ltr'><strong>concedere</strong></span> <span class='ocrx_word' id='word_1_203' title='bbox 1205 1462 1263 1500; x_wconf 91' lang='lat' dir='ltr'><strong>non</strong></span> <span class='ocrx_word' id='word_1_204' title='bbox 1274 1448 1410 1515; x_wconf 86' lang='lat' dir='ltr'><strong>possunt,</strong></span> <span class='ocrx_word' id='word_1_205' title='bbox 1427 1445 1496 1498; x_wconf 92' lang='lat' dir='ltr'><strong>illud</strong></span> <span class='ocrx_word' id='word_1_206' title='bbox 1509 1445 1536 1499; x_wconf 93' lang='lat' dir='ltr'><strong>in</strong></span> <span class='ocrx_word' id='word_1_207' title='bbox 1552 1461 1610 1499; x_wconf 91' lang='lat' dir='ltr'><strong>uno</strong></span> <span class='ocrx_word' id='word_1_208' title='bbox 1625 1461 1675 1499; x_wconf 91' lang='lat' dir='ltr'><strong>ore</strong></span> <span class='ocrx_word' id='word_1_209' title='bbox 1686 1448 1806 1515; x_wconf 89' lang='lat' dir='ltr'><strong>propter</strong></span> 
     </span>
     <span class='ocr_line' id='line_1_24' title="bbox 973 1534 1803 1604; baseline 0.001 -14"><span class='ocrx_word' id='word_1_210' title='bbox 973 1537 1143 1590; x_wconf 81' lang='lat' dir='ltr'><strong>exercitium</strong></span> <span class='ocrx_word' id='word_1_211' title='bbox 1164 1535 1241 1604; x_wconf 86' lang='lat' dir='ltr'><strong>tidei,</strong></span> <span class='ocrx_word' id='word_1_212' title='bbox 1265 1539 1293 1588; x_wconf 91' lang='lat' dir='ltr'><strong>et</strong></span> <span class='ocrx_word' id='word_1_213' title='bbox 1309 1536 1392 1604; x_wconf 85' lang='lat' dir='ltr'><strong>quasi</strong></span> <span class='ocrx_word' id='word_1_214' title='bbox 1414 1535 1541 1588; x_wconf 85' lang='lat' dir='ltr'><strong>divisum</strong></span> <span class='ocrx_word' id='word_1_215' title='bbox 1559 1535 1672 1604; x_wconf 90' lang='lat' dir='ltr'><strong>sentiri,</strong></span> <span class='ocrx_word' id='word_1_216' title='bbox 1694 1534 1803 1591; x_wconf 90' lang='lat' dir='ltr'><strong>nullam</strong></span> 
     </span>
     <span class='ocr_line' id='line_1_25' title="bbox 972 1623 1802 1695; baseline 0.002 -17"><span class='ocrx_word' id='word_1_217' title='bbox 972 1631 1065 1679; x_wconf 89' lang='lat' dir='ltr'><strong>tamen</strong></span> <span class='ocrx_word' id='word_1_218' title='bbox 1076 1625 1251 1679; x_wconf 78' lang='lat' dir='ltr'><strong>divisionem</strong></span> <span class='ocrx_word' id='word_1_219' title='bbox 1263 1624 1341 1693; x_wconf 71' lang='lat' dir='ltr'><strong>pati?</strong></span> <span class='ocrx_word' id='word_1_220' title='bbox 1352 1623 1519 1677; x_wconf 62' lang='lat' dir='ltr'><strong>vanissime</strong></span> <span class='ocrx_word' id='word_1_221' title='bbox 1532 1638 1603 1695; x_wconf 78' lang='lat' dir='ltr'><strong>argo</strong></span> <span class='ocrx_word' id='word_1_222' title='bbox 1615 1624 1700 1677; x_wconf 84' lang='lat' dir='ltr'><strong>netas</strong></span> <span class='ocrx_word' id='word_1_223' title='bbox 1712 1625 1802 1695; x_wconf 87' lang='lat' dir='ltr'><strong>istud,</strong></span> 
     </span>
     <span class='ocr_line' id='line_1_26' title="bbox 970 1713 1801 1783; baseline 0.004 -17"><span class='ocrx_word' id='word_1_224' title='bbox 970 1715 1141 1769; x_wconf 84' lang='lat' dir='ltr'><strong>attrectandi</strong></span> <span class='ocrx_word' id='word_1_225' title='bbox 1160 1713 1273 1766; x_wconf 87' lang='lat' dir='ltr'><strong>scilieet</strong></span> <span class='ocrx_word' id='word_1_226' title='bbox 1298 1713 1445 1781; x_wconf 89' lang='lat' dir='ltr'><strong>dentibus,</strong></span> <span class='ocrx_word' id='word_1_227' title='bbox 1463 1713 1508 1767; x_wconf 88' lang='lat' dir='ltr'><strong>vel</strong></span> <span class='ocrx_word' id='word_1_228' title='bbox 1525 1713 1676 1767; x_wconf 90' lang='lat' dir='ltr'><strong>minuendi</strong></span> <span class='ocrx_word' id='word_1_229' title='bbox 1691 1729 1801 1783; x_wconf 87' lang='lat' dir='ltr'><strong>corpus</strong></span> 
     </span>
    </p>
   </div>
   <div class='ocr_carea' id='block_1_5' title="bbox 80 1798 1802 2052">
    <p class='ocr_par' dir='ltr' id='par_1_5' title="bbox 80 1798 1802 2052">
     <span class='ocr_line' id='line_1_27' title="bbox 80 1798 1802 1886; baseline 0.002 -34"><span class='ocrx_word' id='word_1_230' title='bbox 80 1798 157 1853; x_wconf 87' lang='lat' dir='ltr'><strong>hae</strong></span> <span class='ocrx_word' id='word_1_231' title='bbox 181 1803 324 1856; x_wconf 78' lang='lat' dir='ltr'><strong>eausam?</strong></span> <span class='ocrx_word' id='word_1_232' title='bbox 348 1802 443 1866; x_wconf 88' lang='lat' dir='ltr'><strong>Quare</strong></span> <span class='ocrx_word' id='word_1_233' title='bbox 466 1803 543 1856; x_wconf 90' lang='lat' dir='ltr'><strong>enim</strong></span> <span class='ocrx_word' id='word_1_234' title='bbox 568 1819 621 1872; x_wconf 92' lang='lat' dir='ltr'><strong>per</strong></span> <span class='ocrx_word' id='word_1_235' title='bbox 642 1820 675 1857; x_wconf 90' lang='lat' dir='ltr'><strong>se</strong></span> <span class='ocrx_word' id='word_1_236' title='bbox 691 1805 755 1858; x_wconf 90' lang='lat' dir='ltr'><strong>sine</strong></span> <span class='ocrx_word' id='word_1_237' title='bbox 778 1805 912 1873; x_wconf 89' lang='lat' dir='ltr'><strong>corporis</strong></span> <span class='ocrx_word' id='word_1_238' title='bbox 931 1824 955 1886; x_wconf 75' lang='grc' dir='ltr'>Β</span> <span class='ocrx_word' id='word_1_239' title='bbox 970 1803 1084 1856; x_wconf 89' lang='lat' dir='ltr'><strong>Domini</strong></span> <span class='ocrx_word' id='word_1_240' title='bbox 1102 1806 1244 1870; x_wconf 88' lang='lat' dir='ltr'><strong>metuunt,</strong></span> <span class='ocrx_word' id='word_1_241' title='bbox 1258 1817 1323 1855; x_wconf 91' lang='lat' dir='ltr'><strong>cum</strong></span> <span class='ocrx_word' id='word_1_242' title='bbox 1335 1805 1362 1854; x_wconf 89' lang='lat' dir='ltr'><strong>et</strong></span> <span class='ocrx_word' id='word_1_243' title='bbox 1376 1801 1472 1871; x_wconf 83' lang='lat' dir='ltr'><strong>ipsum</strong></span> <span class='ocrx_word' id='word_1_244' title='bbox 1488 1816 1596 1870; x_wconf 89' lang='lat' dir='ltr'><strong>corpas</strong></span> <span class='ocrx_word' id='word_1_245' title='bbox 1611 1801 1649 1855; x_wconf 87' lang='lat' dir='ltr'><strong>sit</strong></span> <span class='ocrx_word' id='word_1_246' title='bbox 1665 1804 1802 1856; x_wconf 88' lang='lat' dir='ltr'><strong>attrecta-</strong></span> 
     </span>
     <span class='ocr_line' id='line_1_28' title="bbox 80 1888 1799 1962; baseline 0.003 -21"><span class='ocrx_word' id='word_1_247' title='bbox 80 1888 203 1943; x_wconf 89' lang='lat' dir='ltr'><strong>aiterius</strong></span> <span class='ocrx_word' id='word_1_248' title='bbox 220 1889 389 1960; x_wconf 57' lang='lat' dir='ltr'><strong>adjumento</strong></span> <span class='ocrx_word' id='word_1_249' title='bbox 406 1906 474 1945; x_wconf 88' lang='lat' dir='ltr'><strong>caro</strong></span> <span class='ocrx_word' id='word_1_250' title='bbox 493 1891 607 1945; x_wconf 88' lang='lat' dir='ltr'><strong>Domini</strong></span> <span class='ocrx_word' id='word_1_251' title='bbox 620 1908 675 1947; x_wconf 91' lang='lat' dir='ltr'><strong>non</strong></span> <span class='ocrx_word' id='word_1_252' title='bbox 689 1895 784 1962; x_wconf 87' lang='lat' dir='ltr'><strong>possit</strong></span> <span class='ocrx_word' id='word_1_253' title='bbox 799 1893 912 1947; x_wconf 90' lang='lat' dir='ltr'><strong>comedi</strong></span> <span class='ocrx_word' id='word_1_254' title='bbox 969 1891 1042 1959; x_wconf 85' lang='lat' dir='ltr'><strong>hile;</strong></span> <span class='ocrx_word' id='word_1_255' title='bbox 1055 1894 1082 1944; x_wconf 91' lang='lat' dir='ltr'><strong>et</strong></span> <span class='ocrx_word' id='word_1_256' title='bbox 1092 1891 1117 1943; x_wconf 89' lang='lat' dir='ltr'><strong>si</strong></span> <span class='ocrx_word' id='word_1_257' title='bbox 1127 1890 1186 1960; x_wconf 85' lang='lat' dir='ltr'><strong>jam</strong></span> <span class='ocrx_word' id='word_1_258' title='bbox 1197 1891 1261 1943; x_wconf 90' lang='lat' dir='ltr'><strong>sine</strong></span> <span class='ocrx_word' id='word_1_259' title='bbox 1271 1890 1317 1943; x_wconf 89' lang='lat' dir='ltr'><strong>sui</strong></span> <span class='ocrx_word' id='word_1_260' title='bbox 1330 1889 1513 1943; x_wconf 89' lang='lat' dir='ltr'><strong>incommodo</strong></span> <span class='ocrx_word' id='word_1_261' title='bbox 1525 1888 1680 1943; x_wconf 89' lang='lat' dir='ltr'><strong>dividinon</strong></span> <span class='ocrx_word' id='word_1_262' title='bbox 1692 1893 1799 1961; x_wconf 91' lang='lat' dir='ltr'><strong>potest,</strong></span> 
     </span>
     <span class='ocr_line' id='line_1_29' title="bbox 80 1979 1801 2052; baseline 0.003 -23"><span class='ocrx_word' id='word_1_263' title='bbox 80 1980 110 2030; x_wconf 88' lang='lat' dir='ltr'><strong>et</strong></span> <span class='ocrx_word' id='word_1_264' title='bbox 131 1979 255 2048; x_wconf 84' lang='lat' dir='ltr'><strong>sangnis</strong></span> <span class='ocrx_word' id='word_1_265' title='bbox 281 1981 398 2046; x_wconf 78' lang='lat' dir='ltr'><strong>potari?</strong></span> <span class='ocrx_word' id='word_1_266' title='bbox 425 1979 455 2034; x_wconf 86' lang='lat' dir='ltr'><strong>Si</strong></span> <span class='ocrx_word' id='word_1_267' title='bbox 485 1982 560 2035; x_wconf 92' lang='lat' dir='ltr'><strong>enim</strong></span> <span class='ocrx_word' id='word_1_268' title='bbox 587 1982 685 2035; x_wconf 86' lang='lat' dir='ltr'><strong>earnis</strong></span> <span class='ocrx_word' id='word_1_269' title='bbox 707 1985 734 2035; x_wconf 91' lang='lat' dir='ltr'><strong>et</strong></span> <span class='ocrx_word' id='word_1_270' title='bbox 757 1983 913 2052; x_wconf 82' lang='lat' dir='ltr'><strong>sanguinis</strong></span> <span class='ocrx_word' id='word_1_271' title='bbox 968 1980 1161 2050; x_wconf 84' lang='lat' dir='ltr'><strong>videriquasi</strong></span> <span class='ocrx_word' id='word_1_272' title='bbox 1178 1979 1351 2032; x_wconf 89' lang='lat' dir='ltr'><strong>diminutum</strong></span> <span class='ocrx_word' id='word_1_273' title='bbox 1371 1980 1473 2032; x_wconf 88' lang='lat' dir='ltr'><strong>inisto</strong></span> <span class='ocrx_word' id='word_1_274' title='bbox 1490 1981 1674 2032; x_wconf 89' lang='lat' dir='ltr'><strong>sacramento</strong></span> <span class='ocrx_word' id='word_1_275' title='bbox 1693 1980 1801 2051; x_wconf 88' lang='lat' dir='ltr'><strong>possit,</strong></span> 
     </span>
    </p>
   </div>
   <div class='ocr_carea' id='block_1_6' title="bbox 78 2063 911 2222">
    <p class='ocr_par' dir='ltr' id='par_1_6' title="bbox 78 2063 911 2222">
     <span class='ocr_line' id='line_1_30' title="bbox 79 2063 911 2135; baseline 0.007 -17"><span class='ocrx_word' id='word_1_276' title='bbox 79 2063 235 2120; x_wconf 87' lang='lat' dir='ltr'><strong>horrorem</strong></span> <span class='ocrx_word' id='word_1_277' title='bbox 248 2070 388 2135; x_wconf 86' lang='lat' dir='ltr'><strong>metuunt,</strong></span> <span class='ocrx_word' id='word_1_278' title='bbox 408 2085 461 2122; x_wconf 89' lang='lat' dir='ltr'><strong>cnr</strong></span> <span class='ocrx_word' id='word_1_279' title='bbox 478 2084 536 2123; x_wconf 92' lang='lat' dir='ltr'><strong>non</strong></span> <span class='ocrx_word' id='word_1_280' title='bbox 554 2069 664 2123; x_wconf 76' lang='lat' dir='ltr'><strong>suffieit</strong></span> <span class='ocrx_word' id='word_1_281' title='bbox 677 2070 820 2124; x_wconf 81' lang='lat' dir='ltr'><strong>Ecclesiae</strong></span> <span class='ocrx_word' id='word_1_282' title='bbox 837 2071 911 2125; x_wconf 75' lang='lat' dir='ltr'><strong>radio</strong></span> 
     </span>
     <span class='ocr_line' id='line_1_31' title="bbox 78 2157 910 2222; baseline 0.01 -16"><span class='ocrx_word' id='word_1_283' title='bbox 78 2169 134 2222; x_wconf 90' lang='lat' dir='ltr'><strong>per</strong></span> <span class='ocrx_word' id='word_1_284' title='bbox 149 2158 282 2209; x_wconf 92' lang='lat' dir='ltr'><strong>sanctum</strong></span> <span class='ocrx_word' id='word_1_285' title='bbox 306 2157 495 2211; x_wconf 79' lang='lat' dir='ltr'><strong>Ambrosium</strong></span> <span class='ocrx_word' id='word_1_286' title='bbox 510 2159 539 2211; x_wconf 91' lang='lat' dir='ltr'><strong>in</strong></span> <span class='ocrx_word' id='word_1_287' title='bbox 562 2159 637 2213; x_wconf 92' lang='lat' dir='ltr'><strong>libro</strong></span> <span class='ocrx_word' id='word_1_288' title='bbox 653 2160 694 2213; x_wconf 90' lang='lat' dir='ltr'><strong>De</strong></span> <span class='ocrx_word' id='word_1_289' title='bbox 717 2160 910 2214; x_wconf 87' lang='lat' dir='ltr'><strong>sacramentis</strong></span> 
     </span>
    </p>
   </div>
   <div class='ocr_carea' id='block_1_7' title="bbox 78 2242 930 2316">
    <p class='ocr_par' dir='ltr' id='par_1_7' title="bbox 78 2242 930 2316">
     <span class='ocr_line' id='line_1_32' title="bbox 78 2242 930 2316; baseline 0.008 -22"><span class='ocrx_word' id='word_1_290' title='bbox 78 2242 485 2314; x_wconf 56' lang='lat' dir='ltr'><strong>generaliterrespondentis</strong></span> <span class='ocrx_word' id='word_1_291' title='bbox 494 2263 592 2300; x_wconf 89' lang='lat' dir='ltr'><strong>rerum</strong></span> <span class='ocrx_word' id='word_1_292' title='bbox 602 2247 718 2316; x_wconf 90' lang='lat' dir='ltr'><strong>quidem</strong></span> <span class='ocrx_word' id='word_1_293' title='bbox 729 2248 911 2302; x_wconf 90' lang='lat' dir='ltr'><strong>substantias</strong></span> <span class='ocrx_word' id='word_1_294' title='bbox 927 2271 930 2274; x_wconf 51' lang='lat'><strong>&gt;</strong></span> 
     </span>
    </p>
   </div>
   <div class='ocr_carea' id='block_1_8' title="bbox 77 2331 910 2582">
    <p class='ocr_par' dir='ltr' id='par_1_8' title="bbox 77 2331 910 2582">
     <span class='ocr_line' id='line_1_33' title="bbox 78 2331 908 2406; baseline 0.008 -24"><span class='ocrx_word' id='word_1_295' title='bbox 78 2331 196 2399; x_wconf 85' lang='lat' dir='ltr'><strong>mutari,</strong></span> <span class='ocrx_word' id='word_1_296' title='bbox 218 2333 271 2386; x_wconf 91' lang='lat' dir='ltr'><strong>sed</strong></span> <span class='ocrx_word' id='word_1_297' title='bbox 287 2336 405 2402; x_wconf 89' lang='lat' dir='ltr'><strong>propter</strong></span> <span class='ocrx_word' id='word_1_298' title='bbox 429 2335 593 2402; x_wconf 88' lang='lat' dir='ltr'><strong>horrorem,</strong></span> <span class='ocrx_word' id='word_1_299' title='bbox 610 2337 738 2404; x_wconf 87' lang='lat' dir='ltr'><strong>priorem</strong></span> <span class='ocrx_word' id='word_1_300' title='bbox 762 2352 908 2406; x_wconf 89' lang='lat' dir='ltr'><strong>saporem,</strong></span> 
     </span>
     <span class='ocr_line' id='line_1_34' title="bbox 78 2419 909 2494; baseline 0.008 -22"><span class='ocrx_word' id='word_1_301' title='bbox 78 2419 269 2490; x_wconf 85' lang='lat' dir='ltr'><strong>coloremque</strong></span> <span class='ocrx_word' id='word_1_302' title='bbox 279 2425 305 2474; x_wconf 93' lang='lat' dir='ltr'><strong>et</strong></span> <span class='ocrx_word' id='word_1_303' title='bbox 317 2426 423 2475; x_wconf 76' lang='lat' dir='ltr'><strong>caetera</strong></span> <span class='ocrx_word' id='word_1_304' title='bbox 435 2425 568 2494; x_wconf 77' lang='lat' dir='ltr'><strong>quaedam</strong></span> <span class='ocrx_word' id='word_1_305' title='bbox 580 2425 741 2478; x_wconf 89' lang='lat' dir='ltr'><strong>accidentia</strong></span> <span class='ocrx_word' id='word_1_306' title='bbox 754 2425 788 2478; x_wconf 91' lang='lat' dir='ltr'><strong>ad</strong></span> <span class='ocrx_word' id='word_1_307' title='bbox 801 2441 909 2479; x_wconf 80' lang='lat' dir='ltr'><strong>sensus</strong></span> 
     </span>
     <span class='ocr_line' id='line_1_35' title="bbox 77 2507 910 2582; baseline 0.01 -23"><span class='ocrx_word' id='word_1_308' title='bbox 77 2507 218 2561; x_wconf 85' lang='lat' dir='ltr'><strong>duntaxat</strong></span> <span class='ocrx_word' id='word_1_309' title='bbox 233 2512 407 2578; x_wconf 89' lang='lat' dir='ltr'><strong>pertinentia</strong></span> <span class='ocrx_word' id='word_1_310' title='bbox 431 2512 575 2566; x_wconf 73' lang='lat' dir='ltr'><strong>retineri?</strong></span> <span class='ocrx_word' id='word_1_311' title='bbox 591 2513 620 2564; x_wconf 75' lang='lat' dir='ltr'><strong>Si</strong></span> <span class='ocrx_word' id='word_1_312' title='bbox 646 2529 716 2566; x_wconf 76' lang='lat' dir='ltr'><strong>nero</strong></span> <span class='ocrx_word' id='word_1_313' title='bbox 731 2514 910 2582; x_wconf 85' lang='lat' dir='ltr'><strong>respondent</strong></span> 
     </span>
    </p>
   </div>
   <div class='ocr_carea' id='block_1_9' title="bbox 76 2595 935 2671">
    <p class='ocr_par' dir='ltr' id='par_1_9' title="bbox 76 2595 935 2671">
     <span class='ocr_line' id='line_1_36' title="bbox 76 2595 935 2671; baseline 0.01 -24"><span class='ocrx_word' id='word_1_314' title='bbox 76 2595 108 2648; x_wconf 94' lang='lat' dir='ltr'><strong>id</strong></span> <span class='ocrx_word' id='word_1_315' title='bbox 124 2612 182 2649; x_wconf 93' lang='lat' dir='ltr'><strong>non</strong></span> <span class='ocrx_word' id='word_1_316' title='bbox 195 2613 285 2666; x_wconf 90' lang='lat' dir='ltr'><strong>posse</strong></span> <span class='ocrx_word' id='word_1_317' title='bbox 298 2598 363 2652; x_wconf 88' lang='lat' dir='ltr'><strong>lieri</strong></span> <span class='ocrx_word' id='word_1_318' title='bbox 379 2603 408 2653; x_wconf 94' lang='lat' dir='ltr'><strong>ut</strong></span> <span class='ocrx_word' id='word_1_319' title='bbox 426 2601 453 2653; x_wconf 91' lang='lat' dir='ltr'><strong>in</strong></span> <span class='ocrx_word' id='word_1_320' title='bbox 468 2600 524 2653; x_wconf 90' lang='lat' dir='ltr'><strong>alio</strong></span> <span class='ocrx_word' id='word_1_321' title='bbox 541 2601 677 2654; x_wconf 85' lang='lat' dir='ltr'><strong>videlieet</strong></span> <span class='ocrx_word' id='word_1_322' title='bbox 691 2617 814 2671; x_wconf 88' lang='lat' dir='ltr'><strong>corpore</strong></span> <span class='ocrx_word' id='word_1_323' title='bbox 830 2603 911 2656; x_wconf 90' lang='lat' dir='ltr'><strong>color</strong></span> <span class='ocrx_word' id='word_1_324' title='bbox 932 2603 935 2608; x_wconf 87' lang='lat'>&#39;</span> 
     </span>
    </p>
   </div>
   <div class='ocr_carea' id='block_1_10' title="bbox 77 2684 909 2843">
    <p class='ocr_par' dir='ltr' id='par_1_10' title="bbox 77 2684 909 2843">
     <span class='ocr_line' id='line_1_37' title="bbox 77 2684 909 2756; baseline 0.01 -20"><span class='ocrx_word' id='word_1_325' title='bbox 77 2685 107 2736; x_wconf 91' lang='lat' dir='ltr'><strong>et</strong></span> <span class='ocrx_word' id='word_1_326' title='bbox 119 2699 208 2751; x_wconf 90' lang='lat' dir='ltr'><strong>sapor</strong></span> <span class='ocrx_word' id='word_1_327' title='bbox 219 2684 295 2738; x_wconf 89' lang='lat' dir='ltr'><strong>alins</strong></span> <span class='ocrx_word' id='word_1_328' title='bbox 307 2687 441 2754; x_wconf 88' lang='lat' dir='ltr'><strong>corporis</strong></span> <span class='ocrx_word' id='word_1_329' title='bbox 454 2690 595 2756; x_wconf 90' lang='lat' dir='ltr'><strong>teneatur,</strong></span> <span class='ocrx_word' id='word_1_330' title='bbox 609 2689 738 2741; x_wconf 69' lang='lat' dir='ltr'><strong>[livinum</strong></span> <span class='ocrx_word' id='word_1_331' title='bbox 748 2705 909 2756; x_wconf 83' lang='lat' dir='ltr'><strong>possumus</strong></span> 
     </span>
     <span class='ocr_line' id='line_1_38' title="bbox 77 2770 908 2843; baseline 0.01 -19"><span class='ocrx_word' id='word_1_332' title='bbox 77 2770 123 2824; x_wconf 88' lang='lat' dir='ltr'><strong>eis</strong></span> <span class='ocrx_word' id='word_1_333' title='bbox 138 2771 268 2826; x_wconf 89' lang='lat' dir='ltr'><strong>breviter</strong></span> <span class='ocrx_word' id='word_1_334' title='bbox 283 2773 431 2843; x_wconf 77' lang='lat' dir='ltr'><strong>objectare</strong></span> <span class='ocrx_word' id='word_1_335' title='bbox 443 2777 611 2843; x_wconf 88' lang='lat' dir='ltr'><strong>potentiam.</strong></span> <span class='ocrx_word' id='word_1_336' title='bbox 624 2776 677 2830; x_wconf 92' lang='lat' dir='ltr'><strong>Cui</strong></span> <span class='ocrx_word' id='word_1_337' title='bbox 694 2779 718 2829; x_wconf 90' lang='lat' dir='ltr'><strong>si</strong></span> <span class='ocrx_word' id='word_1_338' title='bbox 734 2778 908 2842; x_wconf 89' lang='lat' dir='ltr'><strong>concedunt,</strong></span> 
     </span>
    </p>
   </div>
   <div class='ocr_carea' id='block_1_11' title="bbox 967 2068 1846 2845">
    <p class='ocr_par' dir='ltr' id='par_1_11' title="bbox 967 2068 1846 2845">
     <span class='ocr_line' id='line_1_39' title="bbox 970 2068 1800 2138; baseline 0.005 -18"><span class='ocrx_word' id='word_1_339' title='bbox 970 2085 1035 2121; x_wconf 90' lang='lat' dir='ltr'><strong>cnm</strong></span> <span class='ocrx_word' id='word_1_340' title='bbox 1060 2072 1173 2122; x_wconf 90' lang='lat' dir='ltr'><strong>maneat</strong></span> <span class='ocrx_word' id='word_1_341' title='bbox 1189 2068 1379 2122; x_wconf 77' lang='lat' dir='ltr'><strong>indivisibile.</strong></span> <span class='ocrx_word' id='word_1_342' title='bbox 1396 2068 1581 2138; x_wconf 83' lang='lat' dir='ltr'><strong>Quapropter</strong></span> <span class='ocrx_word' id='word_1_343' title='bbox 1600 2083 1666 2121; x_wconf 92' lang='lat' dir='ltr'><strong>cum</strong></span> <span class='ocrx_word' id='word_1_344' title='bbox 1692 2070 1720 2122; x_wconf 85' lang='lat' dir='ltr'><strong>et</strong></span> <span class='ocrx_word' id='word_1_345' title='bbox 1733 2068 1800 2124; x_wconf 85' lang='lat' dir='ltr'><strong>istae</strong></span> 
     </span>
     <span class='ocr_line' id='line_1_40' title="bbox 971 2155 1799 2227; baseline 0.005 -18"><span class='ocrx_word' id='word_1_346' title='bbox 971 2172 1069 2210; x_wconf 83' lang='lat' dir='ltr'><strong>cansae</strong></span> <span class='ocrx_word' id='word_1_347' title='bbox 1089 2157 1160 2209; x_wconf 87' lang='lat' dir='ltr'><strong>nihil</strong></span> <span class='ocrx_word' id='word_1_348' title='bbox 1177 2156 1302 2224; x_wconf 83' lang='lat' dir='ltr'><strong>valeant,</strong></span> <span class='ocrx_word' id='word_1_349' title='bbox 1326 2172 1379 2209; x_wconf 92' lang='lat' dir='ltr'><strong>nee</strong></span> <span class='ocrx_word' id='word_1_350' title='bbox 1395 2156 1468 2209; x_wconf 87' lang='lat' dir='ltr'><strong>alias</strong></span> <span class='ocrx_word' id='word_1_351' title='bbox 1493 2156 1550 2226; x_wconf 89' lang='lat' dir='ltr'><strong>ipsi</strong></span> <span class='ocrx_word' id='word_1_352' title='bbox 1572 2155 1705 2225; x_wconf 80' lang='lat' dir='ltr'><strong>atterant,</strong></span> <span class='ocrx_word' id='word_1_353' title='bbox 1732 2173 1799 2227; x_wconf 84' lang='lat' dir='ltr'><strong>quae</strong></span> 
     </span>
     <span class='ocr_line' id='line_1_41' title="bbox 968 2244 1798 2313; baseline 0.002 -15"><span class='ocrx_word' id='word_1_354' title='bbox 968 2245 1081 2298; x_wconf 90' lang='lat' dir='ltr'><strong>insania</strong></span> <span class='ocrx_word' id='word_1_355' title='bbox 1098 2247 1144 2297; x_wconf 86' lang='lat' dir='ltr'><strong>est</strong></span> <span class='ocrx_word' id='word_1_356' title='bbox 1159 2247 1189 2297; x_wconf 87' lang='lat' dir='ltr'><strong>ut</strong></span> <span class='ocrx_word' id='word_1_357' title='bbox 1203 2244 1363 2313; x_wconf 88' lang='lat' dir='ltr'><strong>Christum,</strong></span> <span class='ocrx_word' id='word_1_358' title='bbox 1378 2249 1407 2297; x_wconf 93' lang='lat' dir='ltr'><strong>ut</strong></span> <span class='ocrx_word' id='word_1_359' title='bbox 1422 2245 1459 2296; x_wconf 89' lang='lat' dir='ltr'><strong>ita</strong></span> <span class='ocrx_word' id='word_1_360' title='bbox 1470 2244 1605 2312; x_wconf 90' lang='lat' dir='ltr'><strong>dixerim,</strong></span> <span class='ocrx_word' id='word_1_361' title='bbox 1624 2259 1677 2297; x_wconf 93' lang='lat' dir='ltr'><strong>sua</strong></span> <span class='ocrx_word' id='word_1_362' title='bbox 1696 2248 1798 2300; x_wconf 92' lang='lat' dir='ltr'><strong>aucto-</strong></span> 
     </span>
     <span class='ocr_line' id='line_1_42' title="bbox 968 2331 1799 2402; baseline 0.004 -17"><span class='ocrx_word' id='word_1_363' title='bbox 968 2334 1051 2386; x_wconf 90' lang='lat' dir='ltr'><strong>ritate</strong></span> <span class='ocrx_word' id='word_1_364' title='bbox 1073 2335 1220 2402; x_wconf 87' lang='lat' dir='ltr'><strong>impanent</strong></span> <span class='ocrx_word' id='word_1_365' title='bbox 1241 2336 1269 2385; x_wconf 91' lang='lat' dir='ltr'><strong>et</strong></span> <span class='ocrx_word' id='word_1_366' title='bbox 1290 2333 1444 2386; x_wconf 73' lang='lat' dir='ltr'><strong>invinent?</strong></span> <span class='ocrx_word' id='word_1_367' title='bbox 1460 2331 1495 2384; x_wconf 78' lang='lat' dir='ltr'><strong>lit</strong></span> <span class='ocrx_word' id='word_1_368' title='bbox 1510 2333 1628 2402; x_wconf 85' lang='lat' dir='ltr'><strong>quidem</strong></span> <span class='ocrx_word' id='word_1_369' title='bbox 1641 2331 1799 2402; x_wconf 44' lang='lat' dir='ltr'><strong>‚Christum</strong></span> 
     </span>
     <span class='ocr_line' id='line_1_43' title="bbox 968 2420 1798 2490; baseline 0.002 -16"><span class='ocrx_word' id='word_1_370' title='bbox 968 2422 1115 2475; x_wconf 89' lang='lat' dir='ltr'><strong>incarnari</strong></span> <span class='ocrx_word' id='word_1_371' title='bbox 1137 2421 1271 2486; x_wconf 78' lang='lat' dir='ltr'><strong>linmanae</strong></span> <span class='ocrx_word' id='word_1_372' title='bbox 1297 2421 1507 2490; x_wconf 86' lang='lat' dir='ltr'><strong>redemptionis</strong></span> <span class='ocrx_word' id='word_1_373' title='bbox 1528 2420 1601 2474; x_wconf 88' lang='lat' dir='ltr'><strong>ratio</strong></span> <span class='ocrx_word' id='word_1_374' title='bbox 1617 2421 1798 2490; x_wconf 87' lang='lat' dir='ltr'><strong>exposcebat</strong></span> 
     </span>
     <span class='ocr_line' id='line_1_44' title="bbox 967 2508 1799 2580; baseline -0.001 -16"><span class='ocrx_word' id='word_1_375' title='bbox 967 2512 1045 2580; x_wconf 75' lang='lat' dir='ltr'><strong>qarod</strong></span> <span class='ocrx_word' id='word_1_376' title='bbox 1058 2511 1184 2563; x_wconf 76' lang='lat' dir='ltr'><strong>luliarum</strong></span> <span class='ocrx_word' id='word_1_377' title='bbox 1197 2511 1348 2580; x_wconf 77' lang='lat' dir='ltr'><strong>prophelae</strong></span> <span class='ocrx_word' id='word_1_378' title='bbox 1359 2511 1568 2577; x_wconf 75' lang='lat' dir='ltr'><strong>praedixerunt,</strong></span> <span class='ocrx_word' id='word_1_379' title='bbox 1582 2510 1688 2562; x_wconf 87' lang='lat' dir='ltr'><strong>factum</strong></span> <span class='ocrx_word' id='word_1_380' title='bbox 1700 2508 1799 2564; x_wconf 90' lang='lat' dir='ltr'><strong>Chris·</strong></span> 
     </span>
     <span class='ocr_line' id='line_1_45' title="bbox 967 2597 1846 2669; baseline 0 -17"><span class='ocrx_word' id='word_1_381' title='bbox 967 2604 1014 2652; x_wconf 90' lang='lat' dir='ltr'><strong>tus</strong></span> <span class='ocrx_word' id='word_1_382' title='bbox 1030 2599 1169 2666; x_wconf 88' lang='lat' dir='ltr'><strong>ostendit,</strong></span> <span class='ocrx_word' id='word_1_383' title='bbox 1190 2600 1314 2667; x_wconf 65' lang='lat' dir='ltr'><strong>erariistoii</strong></span> <span class='ocrx_word' id='word_1_384' title='bbox 1332 2599 1576 2668; x_wconf 76' lang='lat' dir='ltr'><strong>praedicaverunt,</strong></span> <span class='ocrx_word' id='word_1_385' title='bbox 1589 2597 1716 2652; x_wconf 88' lang='lat' dir='ltr'><strong>muudus</strong></span> <span class='ocrx_word' id='word_1_386' title='bbox 1735 2614 1797 2652; x_wconf 91' lang='lat' dir='ltr'><strong>ere·</strong></span> <span class='ocrx_word' id='word_1_387' title='bbox 1843 2658 1846 2669; x_wconf 31' lang='lat'><strong>¹</strong></span> 
     </span>
     <span class='ocr_line' id='line_1_46' title="bbox 967 2686 1799 2756; baseline 0.002 -16"><span class='ocrx_word' id='word_1_388' title='bbox 967 2689 1048 2740; x_wconf 89' lang='lat' dir='ltr'><strong>didit.</strong></span> <span class='ocrx_word' id='word_1_389' title='bbox 1062 2689 1097 2740; x_wconf 83' lang='lat' dir='ltr'><strong>At</strong></span> <span class='ocrx_word' id='word_1_390' title='bbox 1109 2688 1249 2756; x_wconf 83' lang='lat' dir='ltr'><strong>impanari</strong></span> <span class='ocrx_word' id='word_1_391' title='bbox 1262 2688 1307 2739; x_wconf 83' lang='lat' dir='ltr'><strong>rel</strong></span> <span class='ocrx_word' id='word_1_392' title='bbox 1320 2687 1445 2740; x_wconf 82' lang='lat' dir='ltr'><strong>invinari</strong></span> <span class='ocrx_word' id='word_1_393' title='bbox 1457 2687 1607 2741; x_wconf 82' lang='lat' dir='ltr'><strong>Christum</strong></span> <span class='ocrx_word' id='word_1_394' title='bbox 1619 2686 1697 2740; x_wconf 89' lang='lat' dir='ltr'><strong>nulla</strong></span> <span class='ocrx_word' id='word_1_395' title='bbox 1709 2688 1799 2753; x_wconf 84' lang='lat' dir='ltr'><strong>(sieut</strong></span> 
     </span>
     <span class='ocr_line' id='line_1_47' title="bbox 967 2775 1798 2845; baseline -0.001 -15"><span class='ocrx_word' id='word_1_396' title='bbox 967 2776 1162 2843; x_wconf 83' lang='lat' dir='ltr'><strong>ostendimus)</strong></span> <span class='ocrx_word' id='word_1_397' title='bbox 1178 2775 1286 2844; x_wconf 82' lang='lat' dir='ltr'><strong>expetit</strong></span> <span class='ocrx_word' id='word_1_398' title='bbox 1305 2777 1388 2841; x_wconf 90' lang='lat' dir='ltr'><strong>ratio,</strong></span> <span class='ocrx_word' id='word_1_399' title='bbox 1411 2791 1464 2829; x_wconf 91' lang='lat' dir='ltr'><strong>nec</strong></span> <span class='ocrx_word' id='word_1_400' title='bbox 1482 2776 1632 2845; x_wconf 80' lang='lat' dir='ltr'><strong>prophetae</strong></span> <span class='ocrx_word' id='word_1_401' title='bbox 1654 2775 1798 2844; x_wconf 80' lang='lat' dir='ltr'><strong>praedixe-</strong></span> 
     </span>
    </p>
   </div>
   <div class='ocr_carea' id='block_1_12' title="bbox 76 2860 1798 3026">
    <p class='ocr_par' dir='ltr' id='par_1_12' title="bbox 76 2860 1798 3026">
     <span class='ocr_line' id='line_1_48' title="bbox 77 2860 1797 2938; baseline -0.001 -19"><span class='ocrx_word' id='word_1_402' title='bbox 77 2860 167 2913; x_wconf 72' lang='lat' dir='ltr'><strong>finem</strong></span> <span class='ocrx_word' id='word_1_403' title='bbox 184 2860 292 2915; x_wconf 70' lang='lat' dir='ltr'><strong>iaciant</strong></span> <span class='ocrx_word' id='word_1_404' title='bbox 309 2864 476 2933; x_wconf 83' lang='lat' dir='ltr'><strong>quaestioni.</strong></span> <span class='ocrx_word' id='word_1_405' title='bbox 500 2864 551 2918; x_wconf 86' lang='lat' dir='ltr'><strong>Sin</strong></span> <span class='ocrx_word' id='word_1_406' title='bbox 569 2869 663 2919; x_wconf 88' lang='lat' dir='ltr'><strong>autem</strong></span> <span class='ocrx_word' id='word_1_407' title='bbox 688 2866 841 2938; x_wconf 81' lang='lat' dir='ltr'><strong>derogant,</strong></span> <span class='ocrx_word' id='word_1_408' title='bbox 858 2884 910 2922; x_wconf 91' lang='lat' dir='ltr'><strong>an·</strong></span> <span class='ocrx_word' id='word_1_409' title='bbox 966 2866 1042 2932; x_wconf 90' lang='lat' dir='ltr'><strong>runt,</strong></span> <span class='ocrx_word' id='word_1_410' title='bbox 1054 2864 1252 2917; x_wconf 88' lang='lat' dir='ltr'><strong>neeChristus</strong></span> <span class='ocrx_word' id='word_1_411' title='bbox 1266 2863 1462 2932; x_wconf 89' lang='lat' dir='ltr'><strong>ostendit,nec</strong></span> <span class='ocrx_word' id='word_1_412' title='bbox 1477 2863 1797 2934; x_wconf 78' lang='lat' dir='ltr'><strong>apostolipraedicave-</strong></span> 
     </span>
     <span class='ocr_line' id='line_1_49' title="bbox 76 2949 1798 3026; baseline 0.003 -25"><span class='ocrx_word' id='word_1_413' title='bbox 76 2949 309 3019; x_wconf 87' lang='lat' dir='ltr'><strong>diantscriptum</strong></span> <span class='ocrx_word' id='word_1_414' title='bbox 332 2969 337 3005; x_wconf 92' lang='lat'>:</span> <span class='ocrx_word' id='word_1_415' title='bbox 357 2951 428 3017; x_wconf 86' lang='lat' dir='ltr'><strong>Quia</strong></span> <span class='ocrx_word' id='word_1_416' title='bbox 443 2954 538 3006; x_wconf 89' lang='lat' dir='ltr'><strong>omnia</strong></span> <span class='ocrx_word' id='word_1_417' title='bbox 555 2971 732 3026; x_wconf 76' lang='lat' dir='ltr'><strong>qrroeeunqne</strong></span> <span class='ocrx_word' id='word_1_418' title='bbox 751 2955 839 3009; x_wconf 86' lang='lat' dir='ltr'><strong>rolnit</strong></span> <span class='ocrx_word' id='word_1_419' title='bbox 855 2957 910 3010; x_wconf 89' lang='lat' dir='ltr'><strong>Do·</strong></span> <span class='ocrx_word' id='word_1_420' title='bbox 965 2957 1042 3019; x_wconf 91' lang='lat' dir='ltr'><strong>runt,</strong></span> <span class='ocrx_word' id='word_1_421' title='bbox 1060 2968 1114 3006; x_wconf 93' lang='lat' dir='ltr'><strong>nee</strong></span> <span class='ocrx_word' id='word_1_422' title='bbox 1131 2953 1268 3020; x_wconf 79' lang='lat' dir='ltr'><strong>muaduS,</strong></span> <span class='ocrx_word' id='word_1_423' title='bbox 1280 2953 1412 3022; x_wconf 86' lang='lat' dir='ltr'><strong>exeeptis</strong></span> <span class='ocrx_word' id='word_1_424' title='bbox 1424 2952 1671 3022; x_wconf 88' lang='lat' dir='ltr'><strong>hispaucissimis</strong></span> <span class='ocrx_word' id='word_1_425' title='bbox 1684 2949 1798 3007; x_wconf 68' lang='lat' dir='ltr'><strong>haereti-</strong></span> 
     </span>
    </p>
   </div>
   <div class='ocr_carea' id='block_1_13' title="bbox 68 3037 1798 4622">
    <p class='ocr_par' dir='ltr' id='par_1_13' title="bbox 76 3037 1165 3114">
     <span class='ocr_line' id='line_1_50' title="bbox 76 3037 1165 3114; baseline 0.009 -24"><span class='ocrx_word' id='word_1_426' title='bbox 76 3037 186 3106; x_wconf 86' lang='lat' dir='ltr'><strong>minus,</strong></span> <span class='ocrx_word' id='word_1_427' title='bbox 212 3038 285 3093; x_wconf 73' lang='lat' dir='ltr'><strong>iecit</strong></span> <span class='ocrx_word' id='word_1_428' title='bbox 301 3040 331 3092; x_wconf 90' lang='lat' dir='ltr'><strong>in</strong></span> <span class='ocrx_word' id='word_1_429' title='bbox 357 3040 429 3095; x_wconf 74' lang='lat' dir='ltr'><strong>eoelo</strong></span> <span class='ocrx_word' id='word_1_430' title='bbox 450 3048 479 3094; x_wconf 89' lang='lat' dir='ltr'><strong>et</strong></span> <span class='ocrx_word' id='word_1_431' title='bbox 504 3043 638 3096; x_wconf 83' lang='lat' dir='ltr'><strong>interra</strong></span> <span class='ocrx_word' id='word_1_432' title='bbox 661 3043 859 3114; x_wconf 72' lang='lat' dir='ltr'><strong>(Pseicxnr),</strong></span> <span class='ocrx_word' id='word_1_433' title='bbox 882 3049 910 3099; x_wconf 91' lang='lat' dir='ltr'><strong>et</strong></span> <span class='ocrx_word' id='word_1_434' title='bbox 966 3042 1019 3107; x_wconf 79' lang='lat' dir='ltr'><strong>cis,</strong></span> <span class='ocrx_word' id='word_1_435' title='bbox 1033 3041 1165 3094; x_wconf 76' lang='lat' dir='ltr'><strong>credidit·</strong></span> 
     </span>
    </p>

    <p class='ocr_par' dir='ltr' id='par_1_14' title="bbox 68 3128 1798 4622">
     <span class='ocr_line' id='line_1_51' title="bbox 76 3128 1796 3241; baseline 0.001 -60"><span class='ocrx_word' id='word_1_436' title='bbox 76 3129 184 3180; x_wconf 83' lang='lat' dir='ltr'><strong>caetera</strong></span> <span class='ocrx_word' id='word_1_437' title='bbox 200 3128 289 3181; x_wconf 85' lang='lat' dir='ltr'><strong>multu</strong></span> <span class='ocrx_word' id='word_1_438' title='bbox 305 3128 444 3200; x_wconf 82' lang='lat' dir='ltr'><strong>quaejam</strong></span> <span class='ocrx_word' id='word_1_439' title='bbox 461 3130 490 3182; x_wconf 93' lang='lat' dir='ltr'><strong>in</strong></span> <span class='ocrx_word' id='word_1_440' title='bbox 505 3130 650 3200; x_wconf 89' lang='lat' dir='ltr'><strong>principio</strong></span> <span class='ocrx_word' id='word_1_441' title='bbox 665 3132 756 3202; x_wconf 74' lang='lat' dir='ltr'><strong>hirjats</strong></span> <span class='ocrx_word' id='word_1_442' title='bbox 773 3135 908 3202; x_wconf 89' lang='lat' dir='ltr'><strong>opusculi</strong></span> <span class='ocrx_word' id='word_1_443' title='bbox 926 3170 952 3241; x_wconf 68' lang='lat' dir='ltr'>c</span> <span class='ocrx_word' id='word_1_444' title='bbox 1001 3129 1084 3182; x_wconf 83' lang='lat' dir='ltr'><strong>Unde</strong></span> <span class='ocrx_word' id='word_1_445' title='bbox 1095 3130 1185 3199; x_wconf 81' lang='lat' dir='ltr'><strong>igitur</strong></span> <span class='ocrx_word' id='word_1_446' title='bbox 1195 3144 1247 3182; x_wconf 89' lang='lat' dir='ltr'><strong>eos</strong></span> <span class='ocrx_word' id='word_1_447' title='bbox 1257 3128 1352 3183; x_wconf 92' lang='lat' dir='ltr'><strong>malus</strong></span> <span class='ocrx_word' id='word_1_448' title='bbox 1363 3145 1447 3184; x_wconf 89' lang='lat' dir='ltr'><strong>error</strong></span> <span class='ocrx_word' id='word_1_449' title='bbox 1455 3129 1510 3183; x_wconf 90' lang='lat' dir='ltr'><strong>ista</strong></span> <span class='ocrx_word' id='word_1_450' title='bbox 1521 3129 1690 3199; x_wconf 74' lang='lat' dir='ltr'><strong>persuasit?</strong></span> <span class='ocrx_word' id='word_1_451' title='bbox 1704 3128 1796 3183; x_wconf 91' lang='lat' dir='ltr'><strong>Totus</strong></span> 
     </span>
     <span class='ocr_line' id='line_1_52' title="bbox 72 3215 1796 3291; baseline 0.003 -23"><span class='ocrx_word' id='word_1_452' title='bbox 72 3220 177 3269; x_wconf 91' lang='lat' dir='ltr'><strong>eontra</strong></span> <span class='ocrx_word' id='word_1_453' title='bbox 193 3215 395 3286; x_wconf 87' lang='lat' dir='ltr'><strong>blasphemias</strong></span> <span class='ocrx_word' id='word_1_454' title='bbox 421 3218 546 3272; x_wconf 89' lang='lat' dir='ltr'><strong>istorum</strong></span> <span class='ocrx_word' id='word_1_455' title='bbox 572 3221 646 3273; x_wconf 89' lang='lat' dir='ltr'><strong>satis</strong></span> <span class='ocrx_word' id='word_1_456' title='bbox 669 3221 843 3291; x_wconf 87' lang='lat' dir='ltr'><strong>abundeque</strong></span> <span class='ocrx_word' id='word_1_457' title='bbox 859 3238 908 3276; x_wconf 92' lang='lat' dir='ltr'><strong>re·</strong></span> <span class='ocrx_word' id='word_1_458' title='bbox 964 3217 1092 3271; x_wconf 90' lang='lat' dir='ltr'><strong>mundns</strong></span> <span class='ocrx_word' id='word_1_459' title='bbox 1116 3218 1253 3285; x_wconf 86' lang='lat' dir='ltr'><strong>concinit,</strong></span> <span class='ocrx_word' id='word_1_460' title='bbox 1279 3219 1357 3273; x_wconf 91' lang='lat' dir='ltr'><strong>sient</strong></span> <span class='ocrx_word' id='word_1_461' title='bbox 1379 3219 1475 3273; x_wconf 91' lang='lat' dir='ltr'><strong>anima</strong></span> <span class='ocrx_word' id='word_1_462' title='bbox 1500 3219 1651 3272; x_wconf 79' lang='lat' dir='ltr'><strong>rationalis</strong></span> <span class='ocrx_word' id='word_1_463' title='bbox 1677 3221 1705 3273; x_wconf 93' lang='lat' dir='ltr'><strong>et</strong></span> <span class='ocrx_word' id='word_1_464' title='bbox 1727 3233 1796 3273; x_wconf 86' lang='lat' dir='ltr'><strong>aare</strong></span> 
     </span>
     <span class='ocr_line' id='line_1_53' title="bbox 74 3305 1796 3378; baseline 0.003 -20"><span class='ocrx_word' id='word_1_465' title='bbox 74 3305 260 3373; x_wconf 82' lang='lat' dir='ltr'><strong>spondimus</strong></span> <span class='ocrx_word' id='word_1_466' title='bbox 278 3306 315 3359; x_wconf 93' lang='lat' dir='ltr'><strong>Ut</strong></span> <span class='ocrx_word' id='word_1_467' title='bbox 326 3309 421 3360; x_wconf 89' lang='lat' dir='ltr'><strong>tamen</strong></span> <span class='ocrx_word' id='word_1_468' title='bbox 433 3310 462 3361; x_wconf 91' lang='lat' dir='ltr'><strong>et</strong></span> <span class='ocrx_word' id='word_1_469' title='bbox 489 3308 632 3375; x_wconf 88' lang='lat' dir='ltr'><strong>exemplis</strong></span> <span class='ocrx_word' id='word_1_470' title='bbox 647 3323 696 3362; x_wconf 91' lang='lat' dir='ltr'><strong>res</strong></span> <span class='ocrx_word' id='word_1_471' title='bbox 719 3309 837 3378; x_wconf 90' lang='lat' dir='ltr'><strong>clareat,</strong></span> <span class='ocrx_word' id='word_1_472' title='bbox 863 3310 908 3364; x_wconf 89' lang='lat' dir='ltr'><strong>di·</strong></span> <span class='ocrx_word' id='word_1_473' title='bbox 963 3323 1041 3360; x_wconf 89' lang='lat' dir='ltr'><strong>unus</strong></span> <span class='ocrx_word' id='word_1_474' title='bbox 1058 3310 1103 3360; x_wconf 91' lang='lat' dir='ltr'><strong>est</strong></span> <span class='ocrx_word' id='word_1_475' title='bbox 1117 3307 1214 3372; x_wconf 91' lang='lat' dir='ltr'><strong>homo,</strong></span> <span class='ocrx_word' id='word_1_476' title='bbox 1236 3308 1273 3360; x_wconf 89' lang='lat' dir='ltr'><strong>ita</strong></span> <span class='ocrx_word' id='word_1_477' title='bbox 1292 3307 1369 3361; x_wconf 90' lang='lat' dir='ltr'><strong>Deus</strong></span> <span class='ocrx_word' id='word_1_478' title='bbox 1385 3310 1412 3360; x_wconf 88' lang='lat' dir='ltr'><strong>et</strong></span> <span class='ocrx_word' id='word_1_479' title='bbox 1428 3308 1515 3361; x_wconf 92' lang='lat' dir='ltr'><strong>homo</strong></span> <span class='ocrx_word' id='word_1_480' title='bbox 1538 3325 1615 3362; x_wconf 89' lang='lat' dir='ltr'><strong>unus</strong></span> <span class='ocrx_word' id='word_1_481' title='bbox 1630 3315 1676 3363; x_wconf 90' lang='lat' dir='ltr'><strong>est</strong></span> <span class='ocrx_word' id='word_1_482' title='bbox 1691 3309 1796 3363; x_wconf 87' lang='lat' dir='ltr'><strong>Chris-</strong></span> 
     </span>
     <span class='ocr_line' id='line_1_54' title="bbox 75 3393 1796 3469; baseline 0.005 -24"><span class='ocrx_word' id='word_1_483' title='bbox 75 3396 204 3462; x_wconf 84' lang='lat' dir='ltr'><strong>gnentnr</strong></span> <span class='ocrx_word' id='word_1_484' title='bbox 218 3393 367 3448; x_wconf 92' lang='lat' dir='ltr'><strong>attendere</strong></span> <span class='ocrx_word' id='word_1_485' title='bbox 383 3396 460 3465; x_wconf 87' lang='lat' dir='ltr'><strong>quod</strong></span> <span class='ocrx_word' id='word_1_486' title='bbox 475 3396 510 3449; x_wconf 92' lang='lat' dir='ltr'><strong>de</strong></span> <span class='ocrx_word' id='word_1_487' title='bbox 526 3412 631 3449; x_wconf 89' lang='lat' dir='ltr'><strong>manna</strong></span> <span class='ocrx_word' id='word_1_488' title='bbox 644 3396 754 3468; x_wconf 80' lang='lat' dir='ltr'><strong>legitur</strong></span> <span class='ocrx_word' id='word_1_489' title='bbox 769 3400 908 3468; x_wconf 92' lang='lat' dir='ltr'><strong>quoniam</strong></span> <span class='ocrx_word' id='word_1_490' title='bbox 964 3401 1021 3450; x_wconf 86' lang='lat' dir='ltr'><strong>tus.</strong></span> <span class='ocrx_word' id='word_1_491' title='bbox 1044 3395 1136 3449; x_wconf 89' lang='lat' dir='ltr'><strong>Nemo</strong></span> <span class='ocrx_word' id='word_1_492' title='bbox 1157 3396 1255 3450; x_wconf 87' lang='lat' dir='ltr'><strong>dicere</strong></span> <span class='ocrx_word' id='word_1_493' title='bbox 1271 3397 1367 3467; x_wconf 70' lang='lat' dir='ltr'><strong>anelat,</strong></span> <span class='ocrx_word' id='word_1_494' title='bbox 1392 3396 1431 3450; x_wconf 89' lang='lat' dir='ltr'><strong>ita</strong></span> <span class='ocrx_word' id='word_1_495' title='bbox 1447 3397 1526 3451; x_wconf 88' lang='lat' dir='ltr'><strong>Deus</strong></span> <span class='ocrx_word' id='word_1_496' title='bbox 1543 3402 1570 3451; x_wconf 91' lang='lat' dir='ltr'><strong>et</strong></span> <span class='ocrx_word' id='word_1_497' title='bbox 1584 3398 1683 3467; x_wconf 92' lang='lat' dir='ltr'><strong>homo,</strong></span> <span class='ocrx_word' id='word_1_498' title='bbox 1700 3403 1728 3452; x_wconf 89' lang='lat' dir='ltr'><strong>et</strong></span> <span class='ocrx_word' id='word_1_499' title='bbox 1742 3415 1796 3469; x_wconf 87' lang='lat' dir='ltr'><strong>pa-</strong></span> 
     </span>
     <span class='ocr_line' id='line_1_55' title="bbox 74 3481 1795 3558; baseline 0.005 -25"><span class='ocrx_word' id='word_1_500' title='bbox 74 3481 112 3534; x_wconf 91' lang='lat' dir='ltr'><strong>ad</strong></span> <span class='ocrx_word' id='word_1_501' title='bbox 128 3486 230 3536; x_wconf 91' lang='lat' dir='ltr'><strong>nutum</strong></span> <span class='ocrx_word' id='word_1_502' title='bbox 247 3483 428 3537; x_wconf 90' lang='lat' dir='ltr'><strong>comedentis</strong></span> <span class='ocrx_word' id='word_1_503' title='bbox 444 3484 642 3554; x_wconf 86' lang='lat' dir='ltr'><strong>quorumlibet</strong></span> <span class='ocrx_word' id='word_1_504' title='bbox 666 3487 695 3538; x_wconf 91' lang='lat' dir='ltr'><strong>in</strong></span> <span class='ocrx_word' id='word_1_505' title='bbox 712 3501 747 3539; x_wconf 91' lang='lat' dir='ltr'><strong>eo</strong></span> <span class='ocrx_word' id='word_1_506' title='bbox 774 3487 907 3542; x_wconf 89' lang='lat' dir='ltr'><strong>ciborum</strong></span> <span class='ocrx_word' id='word_1_507' title='bbox 963 3485 1009 3539; x_wconf 90' lang='lat' dir='ltr'><strong>nis</strong></span> <span class='ocrx_word' id='word_1_508' title='bbox 1026 3488 1053 3539; x_wconf 89' lang='lat' dir='ltr'><strong>et</strong></span> <span class='ocrx_word' id='word_1_509' title='bbox 1068 3486 1177 3555; x_wconf 88' lang='lat' dir='ltr'><strong>vinnm,</strong></span> <span class='ocrx_word' id='word_1_510' title='bbox 1196 3501 1272 3539; x_wconf 91' lang='lat' dir='ltr'><strong>unns</strong></span> <span class='ocrx_word' id='word_1_511' title='bbox 1289 3490 1334 3539; x_wconf 90' lang='lat' dir='ltr'><strong>est</strong></span> <span class='ocrx_word' id='word_1_512' title='bbox 1349 3485 1496 3541; x_wconf 90' lang='lat' dir='ltr'><strong>Christus.</strong></span> <span class='ocrx_word' id='word_1_513' title='bbox 1519 3486 1603 3541; x_wconf 92' lang='lat' dir='ltr'><strong>Unde</strong></span> <span class='ocrx_word' id='word_1_514' title='bbox 1624 3487 1714 3558; x_wconf 80' lang='lat' dir='ltr'><strong>igitur</strong></span> <span class='ocrx_word' id='word_1_515' title='bbox 1729 3487 1795 3542; x_wconf 90' lang='lat' dir='ltr'><strong>istis</strong></span> 
     </span>
     <span class='ocr_line' id='line_1_56' title="bbox 73 3571 1796 3647; baseline 0.004 -24"><span class='ocrx_word' id='word_1_516' title='bbox 73 3571 756 3644; x_wconf 79' lang='lat' dir='ltr'><strong>continnosaporalternabat.Utigitnraltioris</strong></span> <span class='ocrx_word' id='word_1_517' title='bbox 774 3577 908 3646; x_wconf 79' lang='lat' dir='ltr'><strong>mysterii</strong></span> <span class='ocrx_word' id='word_1_518' title='bbox 962 3572 1027 3627; x_wconf 80' lang='lat' dir='ltr'><strong>haec</strong></span> <span class='ocrx_word' id='word_1_519' title='bbox 1052 3589 1126 3628; x_wconf 75' lang='lat' dir='ltr'><strong>inova</strong></span> <span class='ocrx_word' id='word_1_520' title='bbox 1151 3573 1466 3644; x_wconf 77' lang='lat' dir='ltr'><strong>companatioreuare</strong></span> <span class='ocrx_word' id='word_1_521' title='bbox 1490 3576 1536 3629; x_wconf 89' lang='lat' dir='ltr'><strong>vel</strong></span> <span class='ocrx_word' id='word_1_522' title='bbox 1552 3576 1713 3647; x_wconf 78' lang='lat' dir='ltr'><strong>Apostolus</strong></span> <span class='ocrx_word' id='word_1_523' title='bbox 1737 3591 1796 3632; x_wconf 90' lang='lat' dir='ltr'><strong>non</strong></span> 
     </span>
     <span class='ocr_line' id='line_1_57' title="bbox 73 3658 1798 3736; baseline 0.005 -25"><span class='ocrx_word' id='word_1_524' title='bbox 73 3673 194 3726; x_wconf 87' lang='lat' dir='ltr'><strong>causas,</strong></span> <span class='ocrx_word' id='word_1_525' title='bbox 207 3658 482 3729; x_wconf 84' lang='lat' dir='ltr'><strong>diviniqneeonsilii</strong></span> <span class='ocrx_word' id='word_1_526' title='bbox 494 3662 715 3730; x_wconf 84' lang='lat' dir='ltr'><strong>profundiorem</strong></span> <span class='ocrx_word' id='word_1_527' title='bbox 732 3664 905 3732; x_wconf 90' lang='lat' dir='ltr'><strong>sapientiam</strong></span> <span class='ocrx_word' id='word_1_528' title='bbox 963 3663 1066 3717; x_wconf 89' lang='lat' dir='ltr'><strong>terruit</strong></span> <span class='ocrx_word' id='word_1_529' title='bbox 1078 3679 1140 3728; x_wconf 89' lang='lat' dir='ltr'><strong>cos,</strong></span> <span class='ocrx_word' id='word_1_530' title='bbox 1158 3663 1262 3717; x_wconf 88' lang='lat' dir='ltr'><strong>dicens</strong></span> <span class='ocrx_word' id='word_1_531' title='bbox 1279 3679 1285 3717; x_wconf 71' lang='grc' dir='ltr'><strong><em>ς</em></strong></span> <span class='ocrx_word' id='word_1_532' title='bbox 1303 3664 1338 3717; x_wconf 81' lang='lat' dir='ltr'><strong>Si</strong></span> <span class='ocrx_word' id='word_1_533' title='bbox 1354 3665 1419 3733; x_wconf 82' lang='lat' dir='ltr'><strong>quis</strong></span> <span class='ocrx_word' id='word_1_534' title='bbox 1438 3664 1662 3719; x_wconf 80' lang='lat' dir='ltr'><strong>annuntiaverit</strong></span> <span class='ocrx_word' id='word_1_535' title='bbox 1680 3670 1798 3736; x_wconf 73' lang='lat' dir='ltr'><strong>praeter</strong></span> 
     </span>
     <span class='ocr_line' id='line_1_58' title="bbox 72 3745 1793 3825; baseline 0.008 -29"><span class='ocrx_word' id='word_1_536' title='bbox 72 3745 156 3816; x_wconf 82' lang='lat' dir='ltr'><strong>(Sap.</strong></span> <span class='ocrx_word' id='word_1_537' title='bbox 167 3747 217 3811; x_wconf 76' lang='grc' dir='ltr'><strong>νι),</strong></span> <span class='ocrx_word' id='word_1_538' title='bbox 232 3747 261 3799; x_wconf 91' lang='lat' dir='ltr'><strong>in</strong></span> <span class='ocrx_word' id='word_1_539' title='bbox 277 3751 416 3817; x_wconf 85' lang='lat' dir='ltr'><strong>quantum</strong></span> <span class='ocrx_word' id='word_1_540' title='bbox 429 3748 498 3801; x_wconf 89' lang='lat' dir='ltr'><strong>mihi</strong></span> <span class='ocrx_word' id='word_1_541' title='bbox 511 3750 618 3820; x_wconf 76' lang='lat' dir='ltr'><strong>exigno</strong></span> <span class='ocrx_word' id='word_1_542' title='bbox 636 3751 713 3804; x_wconf 87' lang='lat' dir='ltr'><strong>seire</strong></span> <span class='ocrx_word' id='word_1_543' title='bbox 734 3753 907 3807; x_wconf 75' lang='lat' dir='ltr'><strong>conceditur</strong></span> <span class='ocrx_word' id='word_1_544' title='bbox 963 3768 1045 3822; x_wconf 72' lang='grc' dir='ltr'>(μονον</span> <span class='ocrx_word' id='word_1_545' title='bbox 1053 3751 1126 3822; x_wconf 76' lang='lat' dir='ltr'><strong>pared</strong></span> <span class='ocrx_word' id='word_1_546' title='bbox 1133 3753 1273 3805; x_wconf 84' lang='lat' dir='ltr'><strong>annuntia</strong></span> <span class='ocrx_word' id='word_1_547' title='bbox 1280 3753 1373 3806; x_wconf 87' lang='lat' dir='ltr'><strong>rimas</strong></span> <span class='ocrx_word' id='word_1_548' title='bbox 1382 3752 1634 3821; x_wconf 67' lang='lat' dir='ltr'><strong>conspartione</strong></span> <span class='ocrx_word' id='word_1_549' title='bbox 1642 3754 1702 3808; x_wconf 88' lang='lat' dir='ltr'><strong>sit!</strong></span> <span class='ocrx_word' id='word_1_550' title='bbox 1714 3752 1793 3825; x_wconf 78' lang='lat' dir='ltr'><strong>(eal.</strong></span> 
     </span>
     <span class='ocr_line' id='line_1_59' title="bbox 73 3835 1797 3910; baseline 0.007 -24"><span class='ocrx_word' id='word_1_551' title='bbox 73 3835 189 3901; x_wconf 88' lang='lat' dir='ltr'><strong>sileam,</strong></span> <span class='ocrx_word' id='word_1_552' title='bbox 205 3835 282 3888; x_wconf 89' lang='lat' dir='ltr'><strong>sieut</strong></span> <span class='ocrx_word' id='word_1_553' title='bbox 299 3835 338 3889; x_wconf 90' lang='lat' dir='ltr'><strong>ihi</strong></span> <span class='ocrx_word' id='word_1_554' title='bbox 357 3836 567 3891; x_wconf 88' lang='lat' dir='ltr'><strong>consulebatur</strong></span> <span class='ocrx_word' id='word_1_555' title='bbox 580 3838 732 3893; x_wconf 87' lang='lat' dir='ltr'><strong>hominnm</strong></span> <span class='ocrx_word' id='word_1_556' title='bbox 744 3841 904 3895; x_wconf 90' lang='lat' dir='ltr'><strong>carnalium</strong></span> <span class='ocrx_word' id='word_1_557' title='bbox 963 3844 995 3909; x_wconf 79' lang='grc' dir='ltr'><strong>ι.)</strong></span> <span class='ocrx_word' id='word_1_558' title='bbox 1006 3836 1154 3893; x_wconf 77' lang='lat' dir='ltr'><strong>Christum</strong></span> <span class='ocrx_word' id='word_1_559' title='bbox 1169 3840 1246 3893; x_wconf 90' lang='lat' dir='ltr'><strong>enim</strong></span> <span class='ocrx_word' id='word_1_560' title='bbox 1263 3840 1311 3893; x_wconf 90' lang='lat' dir='ltr'><strong>isti</strong></span> <span class='ocrx_word' id='word_1_561' title='bbox 1328 3842 1506 3910; x_wconf 89' lang='lat' dir='ltr'><strong>impanatum</strong></span> <span class='ocrx_word' id='word_1_562' title='bbox 1518 3845 1546 3896; x_wconf 91' lang='lat' dir='ltr'><strong>et</strong></span> <span class='ocrx_word' id='word_1_563' title='bbox 1565 3842 1727 3897; x_wconf 88' lang='lat' dir='ltr'><strong>invinatum</strong></span> <span class='ocrx_word' id='word_1_564' title='bbox 1742 3859 1797 3898; x_wconf 91' lang='lat' dir='ltr'><strong>an·</strong></span> 
     </span>
     <span class='ocr_line' id='line_1_60' title="bbox 72 3922 1796 4001; baseline 0.007 -26"><span class='ocrx_word' id='word_1_565' title='bbox 72 3922 274 3992; x_wconf 86' lang='lat' dir='ltr'><strong>voluptati,ita</strong></span> <span class='ocrx_word' id='word_1_566' title='bbox 286 3924 373 3977; x_wconf 90' lang='lat' dir='ltr'><strong>ethic</strong></span> <span class='ocrx_word' id='word_1_567' title='bbox 388 3925 557 3980; x_wconf 90' lang='lat' dir='ltr'><strong>consulitur</strong></span> <span class='ocrx_word' id='word_1_568' title='bbox 575 3927 758 3982; x_wconf 83' lang='lat' dir='ltr'><strong>infirmorum</strong></span> <span class='ocrx_word' id='word_1_569' title='bbox 771 3931 906 3984; x_wconf 90' lang='lat' dir='ltr'><strong>necessi·</strong></span> <span class='ocrx_word' id='word_1_570' title='bbox 963 3930 1106 3995; x_wconf 90' lang='lat' dir='ltr'><strong>nuntiant,</strong></span> <span class='ocrx_word' id='word_1_571' title='bbox 1137 3929 1191 3982; x_wconf 90' lang='lat' dir='ltr'><strong>sed</strong></span> <span class='ocrx_word' id='word_1_572' title='bbox 1217 3928 1389 3999; x_wconf 80' lang='lat' dir='ltr'><strong>hujusmodi</strong></span> <span class='ocrx_word' id='word_1_573' title='bbox 1409 3928 1560 3983; x_wconf 84' lang='lat' dir='ltr'><strong>Christum</strong></span> <span class='ocrx_word' id='word_1_574' title='bbox 1586 3931 1713 4001; x_wconf 91' lang='lat' dir='ltr'><strong>apostoli</strong></span> <span class='ocrx_word' id='word_1_575' title='bbox 1736 3948 1796 3990; x_wconf 89' lang='lat' dir='ltr'><strong>non</strong></span> 
     </span>
     <span class='ocr_line' id='line_1_61' title="bbox 71 4012 1794 4089; baseline 0.006 -24"><span class='ocrx_word' id='word_1_576' title='bbox 71 4012 135 4079; x_wconf 87' lang='lat' dir='ltr'><strong>tati,</strong></span> <span class='ocrx_word' id='word_1_577' title='bbox 148 4016 175 4065; x_wconf 92' lang='lat' dir='ltr'><strong>et</strong></span> <span class='ocrx_word' id='word_1_578' title='bbox 188 4013 238 4082; x_wconf 89' lang='lat' dir='ltr'><strong>qui</strong></span> <span class='ocrx_word' id='word_1_579' title='bbox 253 4016 321 4066; x_wconf 90' lang='lat' dir='ltr'><strong>tunc</strong></span> <span class='ocrx_word' id='word_1_580' title='bbox 332 4013 488 4068; x_wconf 88' lang='lat' dir='ltr'><strong>multorum</strong></span> <span class='ocrx_word' id='word_1_581' title='bbox 503 4030 659 4084; x_wconf 87' lang='lat' dir='ltr'><strong>corporum</strong></span> <span class='ocrx_word' id='word_1_582' title='bbox 677 4033 783 4085; x_wconf 86' lang='lat' dir='ltr'><strong>sapore</strong></span> <span class='ocrx_word' id='word_1_583' title='bbox 794 4022 904 4073; x_wconf 89' lang='lat' dir='ltr'><strong>mutato</strong></span> <span class='ocrx_word' id='word_1_584' title='bbox 961 4016 1384 4071; x_wconf 76' lang='lat' dir='ltr'><strong>annuntiaverunthnathema</strong></span> <span class='ocrx_word' id='word_1_585' title='bbox 1396 4017 1486 4089; x_wconf 81' lang='lat' dir='ltr'><strong>igitur</strong></span> <span class='ocrx_word' id='word_1_586' title='bbox 1496 4018 1543 4071; x_wconf 89' lang='lat' dir='ltr'><strong>isti</strong></span> <span class='ocrx_word' id='word_1_587' title='bbox 1556 4020 1717 4088; x_wconf 90' lang='lat' dir='ltr'><strong>apostoliea</strong></span> <span class='ocrx_word' id='word_1_588' title='bbox 1727 4036 1794 4075; x_wconf 91' lang='lat' dir='ltr'><strong>auc-</strong></span> 
     </span>
     <span class='ocr_line' id='line_1_62' title="bbox 71 4101 1795 4177; baseline 0.006 -23"><span class='ocrx_word' id='word_1_589' title='bbox 71 4101 244 4154; x_wconf 88' lang='lat' dir='ltr'><strong>removebat</strong></span> <span class='ocrx_word' id='word_1_590' title='bbox 259 4101 418 4167; x_wconf 79' lang='lat' dir='ltr'><strong>fastidium,</strong></span> <span class='ocrx_word' id='word_1_591' title='bbox 436 4118 512 4156; x_wconf 90' lang='lat' dir='ltr'><strong>nunc</strong></span> <span class='ocrx_word' id='word_1_592' title='bbox 534 4104 623 4157; x_wconf 91' lang='lat' dir='ltr'><strong>nnius</strong></span> <span class='ocrx_word' id='word_1_593' title='bbox 640 4107 773 4174; x_wconf 86' lang='lat' dir='ltr'><strong>eorporis</strong></span> <span class='ocrx_word' id='word_1_594' title='bbox 799 4122 905 4176; x_wconf 88' lang='lat' dir='ltr'><strong>saporo</strong></span> <span class='ocrx_word' id='word_1_595' title='bbox 960 4108 1075 4160; x_wconf 85' lang='lat' dir='ltr'><strong>toritatc</strong></span> <span class='ocrx_word' id='word_1_596' title='bbox 1086 4109 1247 4159; x_wconf 79' lang='lat' dir='ltr'><strong>incurrunt.</strong></span> <span class='ocrx_word' id='word_1_597' title='bbox 1261 4106 1368 4159; x_wconf 87' lang='lat' dir='ltr'><strong>Beatus</strong></span> <span class='ocrx_word' id='word_1_598' title='bbox 1381 4121 1452 4160; x_wconf 91' lang='lat' dir='ltr'><strong>sane</strong></span> <span class='ocrx_word' id='word_1_599' title='bbox 1465 4106 1654 4177; x_wconf 70' lang='lat' dir='ltr'><strong>Ambrosius</strong></span> <span class='ocrx_word' id='word_1_600' title='bbox 1671 4109 1701 4162; x_wconf 91' lang='lat' dir='ltr'><strong>in</strong></span> <span class='ocrx_word' id='word_1_601' title='bbox 1716 4109 1795 4166; x_wconf 92' lang='lat' dir='ltr'><strong>libro</strong></span> 
     </span>
     <span class='ocr_line' id='line_1_63' title="bbox 70 4189 1794 4266; baseline 0.006 -24"><span class='ocrx_word' id='word_1_602' title='bbox 70 4192 197 4255; x_wconf 90' lang='lat' dir='ltr'><strong>retento,</strong></span> <span class='ocrx_word' id='word_1_603' title='bbox 209 4189 283 4243; x_wconf 91' lang='lat' dir='ltr'><strong>tellit</strong></span> <span class='ocrx_word' id='word_1_604' title='bbox 294 4189 457 4244; x_wconf 88' lang='lat' dir='ltr'><strong>horrorem.</strong></span> <span class='ocrx_word' id='word_1_605' title='bbox 472 4192 512 4245; x_wconf 90' lang='lat' dir='ltr'><strong>De</strong></span> <span class='ocrx_word' id='word_1_606' title='bbox 525 4191 624 4246; x_wconf 89' lang='lat' dir='ltr'><strong>coloro</strong></span> <span class='ocrx_word' id='word_1_607' title='bbox 643 4209 760 4263; x_wconf 89' lang='lat' dir='ltr'><strong>qnoque</strong></span> <span class='ocrx_word' id='word_1_608' title='bbox 777 4197 804 4248; x_wconf 91' lang='lat' dir='ltr'><strong>et</strong></span> <span class='ocrx_word' id='word_1_609' title='bbox 816 4198 905 4249; x_wconf 86' lang='lat' dir='ltr'><strong>eaete-</strong></span> <span class='ocrx_word' id='word_1_610' title='bbox 961 4195 1204 4249; x_wconf 88' lang='lat' dir='ltr'><strong>Desaeramentis</strong></span> <span class='ocrx_word' id='word_1_611' title='bbox 1212 4195 1267 4263; x_wconf 84' lang='lat' dir='ltr'><strong>(De</strong></span> <span class='ocrx_word' id='word_1_612' title='bbox 1275 4195 1433 4266; x_wconf 80' lang='lat' dir='ltr'><strong>mysteriis</strong></span> <span class='ocrx_word' id='word_1_613' title='bbox 1443 4195 1611 4264; x_wconf 84' lang='lat' dir='ltr'><strong>initiandis,</strong></span> <span class='ocrx_word' id='word_1_614' title='bbox 1624 4213 1650 4250; x_wconf 90' lang='lat' dir='ltr'><strong>e.</strong></span> <span class='ocrx_word' id='word_1_615' title='bbox 1662 4196 1794 4266; x_wconf 70' lang='lat' dir='ltr'><strong>Ridebis</strong></span> 
     </span>
     <span class='ocr_line' id='line_1_64' title="bbox 69 4276 1793 4356; baseline 0.007 -25"><span class='ocrx_word' id='word_1_616' title='bbox 69 4278 115 4331; x_wconf 87' lang='lat' dir='ltr'><strong>ris</strong></span> <span class='ocrx_word' id='word_1_617' title='bbox 136 4276 308 4348; x_wconf 81' lang='lat' dir='ltr'><strong>hujusmodi</strong></span> <span class='ocrx_word' id='word_1_618' title='bbox 323 4279 525 4334; x_wconf 89' lang='lat' dir='ltr'><strong>accidentibus</strong></span> <span class='ocrx_word' id='word_1_619' title='bbox 541 4285 656 4335; x_wconf 88' lang='lat' dir='ltr'><strong>nonest</strong></span> <span class='ocrx_word' id='word_1_620' title='bbox 671 4281 803 4336; x_wconf 81' lang='lat' dir='ltr'><strong>difficilis</strong></span> <span class='ocrx_word' id='word_1_621' title='bbox 820 4285 903 4350; x_wconf 88' lang='lat' dir='ltr'><strong>ratio,</strong></span> <span class='ocrx_word' id='word_1_622' title='bbox 960 4284 1079 4351; x_wconf 89' lang='lat' dir='ltr'><strong>copiose</strong></span> <span class='ocrx_word' id='word_1_623' title='bbox 1095 4284 1260 4349; x_wconf 74' lang='lat' dir='ltr'><strong>disserens</strong></span> <span class='ocrx_word' id='word_1_624' title='bbox 1277 4283 1379 4338; x_wconf 91' lang='lat' dir='ltr'><strong>nonin</strong></span> <span class='ocrx_word' id='word_1_625' title='bbox 1398 4299 1473 4354; x_wconf 88' lang='lat' dir='ltr'><strong>pane</strong></span> <span class='ocrx_word' id='word_1_626' title='bbox 1491 4288 1519 4338; x_wconf 86' lang='lat' dir='ltr'><strong>et</strong></span> <span class='ocrx_word' id='word_1_627' title='bbox 1547 4284 1615 4339; x_wconf 87' lang='lat' dir='ltr'><strong>vino</strong></span> <span class='ocrx_word' id='word_1_628' title='bbox 1640 4301 1749 4356; x_wconf 91' lang='lat' dir='ltr'><strong>corpus</strong></span> <span class='ocrx_word' id='word_1_629' title='bbox 1764 4291 1793 4344; x_wconf 89' lang='lat' dir='ltr'><strong>et</strong></span> 
     </span>
     <span class='ocr_line' id='line_1_65' title="bbox 69 4366 1792 4443; baseline 0.007 -23"><span class='ocrx_word' id='word_1_630' title='bbox 69 4381 139 4420; x_wconf 91' lang='lat' dir='ltr'><strong>eum</strong></span> <span class='ocrx_word' id='word_1_631' title='bbox 153 4366 217 4435; x_wconf 88' lang='lat' dir='ltr'><strong>ipse</strong></span> <span class='ocrx_word' id='word_1_632' title='bbox 232 4367 374 4420; x_wconf 87' lang='lat' dir='ltr'><strong>Dominus</strong></span> <span class='ocrx_word' id='word_1_633' title='bbox 388 4383 421 4421; x_wconf 92' lang='lat' dir='ltr'><strong>se</strong></span> <span class='ocrx_word' id='word_1_634' title='bbox 435 4383 489 4437; x_wconf 91' lang='lat' dir='ltr'><strong>per</strong></span> <span class='ocrx_word' id='word_1_635' title='bbox 505 4369 640 4423; x_wconf 88' lang='lat' dir='ltr'><strong>diversas</strong></span> <span class='ocrx_word' id='word_1_636' title='bbox 656 4371 772 4442; x_wconf 82' lang='lat' dir='ltr'><strong>legatur</strong></span> <span class='ocrx_word' id='word_1_637' title='bbox 785 4373 903 4442; x_wconf 85' lang='lat' dir='ltr'><strong>spec-ies</strong></span> <span class='ocrx_word' id='word_1_638' title='bbox 959 4373 1132 4441; x_wconf 80' lang='lat' dir='ltr'><strong>sanguinem</strong></span> <span class='ocrx_word' id='word_1_639' title='bbox 1153 4372 1267 4426; x_wconf 88' lang='lat' dir='ltr'><strong>Domini</strong></span> <span class='ocrx_word' id='word_1_640' title='bbox 1288 4373 1388 4439; x_wconf 87' lang='lat' dir='ltr'><strong>latere,</strong></span> <span class='ocrx_word' id='word_1_641' title='bbox 1406 4372 1458 4427; x_wconf 91' lang='lat' dir='ltr'><strong>sed</strong></span> <span class='ocrx_word' id='word_1_642' title='bbox 1475 4388 1580 4443; x_wconf 87' lang='lat' dir='ltr'><strong>panem</strong></span> <span class='ocrx_word' id='word_1_643' title='bbox 1597 4376 1625 4428; x_wconf 88' lang='lat' dir='ltr'><strong>at</strong></span> <span class='ocrx_word' id='word_1_644' title='bbox 1647 4375 1745 4429; x_wconf 87' lang='lat' dir='ltr'><strong>vinum</strong></span> <span class='ocrx_word' id='word_1_645' title='bbox 1762 4377 1792 4432; x_wconf 93' lang='lat' dir='ltr'><strong>in</strong></span> 
     </span>
     <span class='ocr_line' id='line_1_66' title="bbox 68 4454 1790 4534; baseline 0.006 -25"><span class='ocrx_word' id='word_1_646' title='bbox 68 4454 226 4523; x_wconf 87' lang='lat' dir='ltr'><strong>discipulis</strong></span> <span class='ocrx_word' id='word_1_647' title='bbox 242 4455 476 4525; x_wconf 85' lang='lat' dir='ltr'><strong>demonstrasse,</strong></span> <span class='ocrx_word' id='word_1_648' title='bbox 488 4460 516 4510; x_wconf 92' lang='lat' dir='ltr'><strong>et</strong></span> <span class='ocrx_word' id='word_1_649' title='bbox 531 4474 609 4511; x_wconf 89' lang='lat' dir='ltr'><strong>nunc</strong></span> <span class='ocrx_word' id='word_1_650' title='bbox 624 4459 669 4512; x_wconf 90' lang='lat' dir='ltr'><strong>eis</strong></span> <span class='ocrx_word' id='word_1_651' title='bbox 695 4461 812 4514; x_wconf 87' lang='lat' dir='ltr'><strong>solitum</strong></span> <span class='ocrx_word' id='word_1_652' title='bbox 829 4461 906 4516; x_wconf 93' lang='lat' dir='ltr'><strong>colo·</strong></span> <span class='ocrx_word' id='word_1_653' title='bbox 958 4476 1067 4528; x_wconf 90' lang='lat' dir='ltr'><strong>eorpus</strong></span> <span class='ocrx_word' id='word_1_654' title='bbox 1083 4467 1110 4515; x_wconf 91' lang='lat' dir='ltr'><strong>et</strong></span> <span class='ocrx_word' id='word_1_655' title='bbox 1122 4462 1297 4532; x_wconf 80' lang='lat' dir='ltr'><strong>sangninem</strong></span> <span class='ocrx_word' id='word_1_656' title='bbox 1308 4461 1423 4516; x_wconf 90' lang='lat' dir='ltr'><strong>Domini</strong></span> <span class='ocrx_word' id='word_1_657' title='bbox 1441 4464 1613 4517; x_wconf 91' lang='lat' dir='ltr'><strong>commutari</strong></span> <span class='ocrx_word' id='word_1_658' title='bbox 1630 4463 1739 4534; x_wconf 89' lang='lat' dir='ltr'><strong>docuit,</strong></span> <span class='ocrx_word' id='word_1_659' title='bbox 1752 4465 1790 4520; x_wconf 89' lang='lat' dir='ltr'><strong>ita</strong></span> 
     </span>
     <span class='ocr_line' id='line_1_67' title="bbox 69 4538 1791 4622; baseline 0.006 -24"><span class='ocrx_word' id='word_1_660' title='bbox 69 4559 133 4598; x_wconf 90' lang='lat' dir='ltr'><strong>rem</strong></span> <span class='ocrx_word' id='word_1_661' title='bbox 144 4544 323 4609; x_wconf 87' lang='lat' dir='ltr'><strong>ostendisse,</strong></span> <span class='ocrx_word' id='word_1_662' title='bbox 337 4561 416 4599; x_wconf 91' lang='lat' dir='ltr'><strong>nune</strong></span> <span class='ocrx_word' id='word_1_663' title='bbox 431 4546 467 4598; x_wconf 92' lang='lat' dir='ltr'><strong>ad</strong></span> <span class='ocrx_word' id='word_1_664' title='bbox 478 4547 573 4599; x_wconf 91' lang='lat' dir='ltr'><strong>instar</strong></span> <span class='ocrx_word' id='word_1_665' title='bbox 590 4546 701 4601; x_wconf 91' lang='lat' dir='ltr'><strong>soliset</strong></span> <span class='ocrx_word' id='word_1_666' title='bbox 714 4549 790 4602; x_wconf 86' lang='lat' dir='ltr'><strong>nivis</strong></span> <span class='ocrx_word' id='word_1_667' title='bbox 803 4552 902 4604; x_wconf 88' lang='lat' dir='ltr'><strong>trans·</strong></span> <span class='ocrx_word' id='word_1_668' title='bbox 918 4538 942 4598; x_wconf 72' lang='lat' dir='ltr'><strong>ll</strong></span> <span class='ocrx_word' id='word_1_669' title='bbox 957 4549 1060 4602; x_wconf 86' lang='lat' dir='ltr'><strong>dicens</strong></span> <span class='ocrx_word' id='word_1_670' title='bbox 1078 4565 1084 4603; x_wconf 92' lang='lat'>:</span> <span class='ocrx_word' id='word_1_671' title='bbox 1102 4550 1130 4602; x_wconf 81' lang='lat' dir='ltr'><strong>Si</strong></span> <span class='ocrx_word' id='word_1_672' title='bbox 1148 4551 1238 4622; x_wconf 81' lang='lat' dir='ltr'><strong>igitur</strong></span> <span class='ocrx_word' id='word_1_673' title='bbox 1255 4553 1331 4604; x_wconf 90' lang='lat' dir='ltr'><strong>tanta</strong></span> <span class='ocrx_word' id='word_1_674' title='bbox 1348 4551 1395 4605; x_wconf 89' lang='lat' dir='ltr'><strong>vis</strong></span> <span class='ocrx_word' id='word_1_675' title='bbox 1412 4554 1457 4606; x_wconf 91' lang='lat' dir='ltr'><strong>est</strong></span> <span class='ocrx_word' id='word_1_676' title='bbox 1473 4552 1502 4605; x_wconf 91' lang='lat' dir='ltr'><strong>in</strong></span> <span class='ocrx_word' id='word_1_677' title='bbox 1518 4567 1658 4608; x_wconf 87' lang='lat' dir='ltr'><strong>sermone</strong></span> <span class='ocrx_word' id='word_1_678' title='bbox 1674 4554 1791 4609; x_wconf 92' lang='lat' dir='ltr'><strong>Domini</strong></span> 
     </span>
    </p>
   </div>
   <div class='ocr_carea' id='block_1_14' title="bbox 63 4632 901 5592">
    <p class='ocr_par' dir='ltr' id='par_1_15' title="bbox 66 4632 901 5042">
     <span class='ocr_line' id='line_1_68' title="bbox 68 4632 901 4706; baseline 0.01 -21"><span class='ocrx_word' id='word_1_679' title='bbox 68 4632 230 4702; x_wconf 81' lang='lat' dir='ltr'><strong>figuratum</strong></span> <span class='ocrx_word' id='word_1_680' title='bbox 259 4633 484 4703; x_wconf 87' lang='lat' dir='ltr'><strong>resplenduisse</strong></span> <span class='ocrx_word' id='word_1_681' title='bbox 513 4634 631 4702; x_wconf 76' lang='lat' dir='ltr'><strong>(Metili.</strong></span> <span class='ocrx_word' id='word_1_682' title='bbox 656 4638 737 4706; x_wconf 78' lang='lat' dir='ltr'><strong>arn),</strong></span> <span class='ocrx_word' id='word_1_683' title='bbox 762 4653 839 4692; x_wconf 91' lang='lat' dir='ltr'><strong>nunc</strong></span> <span class='ocrx_word' id='word_1_684' title='bbox 867 4655 901 4694; x_wconf 90' lang='lat' dir='ltr'><strong>se</strong></span> 
     </span>
     <span class='ocr_line' id='line_1_69' title="bbox 67 4720 899 4795; baseline 0.01 -21"><span class='ocrx_word' id='word_1_685' title='bbox 67 4720 244 4775; x_wconf 79' lang='lat' dir='ltr'><strong>exhibuisse</strong></span> <span class='ocrx_word' id='word_1_686' title='bbox 256 4724 393 4792; x_wconf 90' lang='lat' dir='ltr'><strong>tanquam</strong></span> <span class='ocrx_word' id='word_1_687' title='bbox 409 4723 599 4794; x_wconf 86' lang='lat' dir='ltr'><strong>peregrinum</strong></span> <span class='ocrx_word' id='word_1_688' title='bbox 616 4723 696 4793; x_wconf 74' lang='lat' dir='ltr'><strong>(Lac.</strong></span> <span class='ocrx_word' id='word_1_689' title='bbox 715 4741 805 4795; x_wconf 80' lang='lat' dir='ltr'><strong>xxrvt,</strong></span> <span class='ocrx_word' id='word_1_690' title='bbox 823 4744 899 4782; x_wconf 92' lang='lat' dir='ltr'><strong>nune</strong></span> 
     </span>
     <span class='ocr_line' id='line_1_70' title="bbox 67 4810 900 4886; baseline 0.01 -23"><span class='ocrx_word' id='word_1_691' title='bbox 67 4811 244 4880; x_wconf 88' lang='lat' dir='ltr'><strong>apparuisse</strong></span> <span class='ocrx_word' id='word_1_692' title='bbox 261 4810 342 4864; x_wconf 83' lang='lat' dir='ltr'><strong>velut</strong></span> <span class='ocrx_word' id='word_1_693' title='bbox 355 4812 542 4866; x_wconf 89' lang='lat' dir='ltr'><strong>hortulanum</strong></span> <span class='ocrx_word' id='word_1_694' title='bbox 560 4813 725 4882; x_wconf 70' lang='lat' dir='ltr'><strong>(deuexa),</strong></span> <span class='ocrx_word' id='word_1_695' title='bbox 744 4815 900 4886; x_wconf 89' lang='lat' dir='ltr'><strong>aliquando</strong></span> 
     </span>
     <span class='ocr_line' id='line_1_71' title="bbox 66 4898 900 4973; baseline 0.008 -21"><span class='ocrx_word' id='word_1_696' title='bbox 66 4898 199 4967; x_wconf 87' lang='lat' dir='ltr'><strong>speciem</strong></span> <span class='ocrx_word' id='word_1_697' title='bbox 211 4899 386 4953; x_wconf 87' lang='lat' dir='ltr'><strong>exhibuisse</strong></span> <span class='ocrx_word' id='word_1_698' title='bbox 396 4900 601 4968; x_wconf 80' lang='lat' dir='ltr'><strong>ministrantia,</strong></span> <span class='ocrx_word' id='word_1_699' title='bbox 611 4901 767 4973; x_wconf 91' lang='lat' dir='ltr'><strong>aliquando</strong></span> <span class='ocrx_word' id='word_1_700' title='bbox 776 4903 900 4959; x_wconf 85' lang='lat' dir='ltr'><strong>termam</strong></span> 
     </span>
     <span class='ocr_line' id='line_1_72' title="bbox 67 4986 361 5042; baseline 0 -1"><span class='ocrx_word' id='word_1_701' title='bbox 67 4986 202 5041; x_wconf 88' lang='lat' dir='ltr'><strong>tenuisse</strong></span> <span class='ocrx_word' id='word_1_702' title='bbox 218 4989 361 5042; x_wconf 84' lang='lat' dir='ltr'><strong>docentia.</strong></span> 
     </span>
    </p>

    <p class='ocr_par' dir='ltr' id='par_1_16' title="bbox 63 5075 899 5592">
     <span class='ocr_line' id='line_1_73' title="bbox 103 5075 898 5151; baseline 0.01 -22"><span class='ocrx_word' id='word_1_703' title='bbox 103 5075 187 5140; x_wconf 90' lang='lat' dir='ltr'><strong>Quod</strong></span> <span class='ocrx_word' id='word_1_704' title='bbox 204 5077 229 5130; x_wconf 90' lang='lat' dir='ltr'><strong>si</strong></span> <span class='ocrx_word' id='word_1_705' title='bbox 250 5077 287 5130; x_wconf 91' lang='lat' dir='ltr'><strong>ad</strong></span> <span class='ocrx_word' id='word_1_706' title='bbox 311 5077 376 5130; x_wconf 90' lang='lat' dir='ltr'><strong>illas</strong></span> <span class='ocrx_word' id='word_1_707' title='bbox 392 5092 499 5132; x_wconf 90' lang='lat' dir='ltr'><strong>causas</strong></span> <span class='ocrx_word' id='word_1_708' title='bbox 525 5078 676 5150; x_wconf 78' lang='lat' dir='ltr'><strong>refugiunt</strong></span> <span class='ocrx_word' id='word_1_709' title='bbox 697 5096 771 5151; x_wconf 84' lang='lat' dir='ltr'><strong>quas</strong></span> <span class='ocrx_word' id='word_1_710' title='bbox 795 5082 824 5135; x_wconf 93' lang='lat' dir='ltr'><strong>in</strong></span> <span class='ocrx_word' id='word_1_711' title='bbox 848 5098 898 5138; x_wconf 91' lang='lat' dir='ltr'><strong>ore</strong></span> 
     </span>
     <span class='ocr_line' id='line_1_74' title="bbox 65 5165 897 5237; baseline 0.008 -19"><span class='ocrx_word' id='word_1_712' title='bbox 65 5180 149 5235; x_wconf 87' lang='lat' dir='ltr'><strong>saepe</strong></span> <span class='ocrx_word' id='word_1_713' title='bbox 165 5165 274 5219; x_wconf 89' lang='lat' dir='ltr'><strong>habere</strong></span> <span class='ocrx_word' id='word_1_714' title='bbox 290 5165 393 5231; x_wconf 85' lang='lat' dir='ltr'><strong>solent,</strong></span> <span class='ocrx_word' id='word_1_715' title='bbox 405 5167 473 5237; x_wconf 91' lang='lat' dir='ltr'><strong>quia</strong></span> <span class='ocrx_word' id='word_1_716' title='bbox 489 5168 626 5222; x_wconf 89' lang='lat' dir='ltr'><strong>videlicet</strong></span> <span class='ocrx_word' id='word_1_717' title='bbox 640 5169 724 5223; x_wconf 84' lang='lat' dir='ltr'><strong>nefas</strong></span> <span class='ocrx_word' id='word_1_718' title='bbox 745 5172 784 5224; x_wconf 92' lang='lat' dir='ltr'><strong>sit</strong></span> <span class='ocrx_word' id='word_1_719' title='bbox 797 5169 897 5225; x_wconf 88' lang='lat' dir='ltr'><strong>Chris-</strong></span> 
     </span>
     <span class='ocr_line' id='line_1_75' title="bbox 64 5253 895 5330; baseline 0.007 -23"><span class='ocrx_word' id='word_1_720' title='bbox 64 5256 127 5307; x_wconf 92' lang='lat' dir='ltr'><strong>tum</strong></span> <span class='ocrx_word' id='word_1_721' title='bbox 139 5253 277 5307; x_wconf 89' lang='lat' dir='ltr'><strong>dentibns</strong></span> <span class='ocrx_word' id='word_1_722' title='bbox 288 5255 383 5323; x_wconf 89' lang='lat' dir='ltr'><strong>atteri,</strong></span> <span class='ocrx_word' id='word_1_723' title='bbox 399 5254 483 5309; x_wconf 86' lang='lat' dir='ltr'><strong>netas</strong></span> <span class='ocrx_word' id='word_1_724' title='bbox 499 5256 537 5309; x_wconf 88' lang='lat' dir='ltr'><strong>sit</strong></span> <span class='ocrx_word' id='word_1_725' title='bbox 550 5256 631 5310; x_wconf 89' lang='lat' dir='ltr'><strong>illum</strong></span> <span class='ocrx_word' id='word_1_726' title='bbox 643 5258 779 5313; x_wconf 90' lang='lat' dir='ltr'><strong>dentibus</strong></span> <span class='ocrx_word' id='word_1_727' title='bbox 795 5260 895 5330; x_wconf 89' lang='lat' dir='ltr'><strong>minui,</strong></span> 
     </span>
     <span class='ocr_line' id='line_1_76' title="bbox 65 5341 899 5415; baseline 0.008 -20"><span class='ocrx_word' id='word_1_728' title='bbox 65 5341 160 5395; x_wconf 88' lang='lat' dir='ltr'><strong>hasut</strong></span> <span class='ocrx_word' id='word_1_729' title='bbox 171 5345 240 5409; x_wconf 87' lang='lat' dir='ltr'><strong>puto</strong></span> <span class='ocrx_word' id='word_1_730' title='bbox 249 5341 428 5412; x_wconf 85' lang='lat' dir='ltr'><strong>in&#39;principio</strong></span> <span class='ocrx_word' id='word_1_731' title='bbox 441 5343 899 5415; x_wconf 85' lang='lat' dir='ltr'><strong>hujusoperissutsseientereva·</strong></span> 
     </span>
     <span class='ocr_line' id='line_1_77' title="bbox 64 5430 898 5502; baseline 0.011 -19"><span class='ocrx_word' id='word_1_732' title='bbox 64 5430 231 5483; x_wconf 86' lang='lat' dir='ltr'><strong>enavimus.</strong></span> <span class='ocrx_word' id='word_1_733' title='bbox 244 5430 318 5484; x_wconf 89' lang='lat' dir='ltr'><strong>Nam</strong></span> <span class='ocrx_word' id='word_1_734' title='bbox 330 5432 379 5502; x_wconf 91' lang='lat' dir='ltr'><strong>qui</strong></span> <span class='ocrx_word' id='word_1_735' title='bbox 390 5436 458 5501; x_wconf 88' lang='lat' dir='ltr'><strong>post</strong></span> <span class='ocrx_word' id='word_1_736' title='bbox 469 5436 717 5490; x_wconf 87' lang='lat' dir='ltr'><strong>resurrectionem</strong></span> <span class='ocrx_word' id='word_1_737' title='bbox 729 5437 898 5493; x_wconf 89' lang='lat' dir='ltr'><strong>manibusct</strong></span> 
     </span>
     <span class='ocr_line' id='line_1_78' title="bbox 63 5517 896 5592; baseline 0.011 -20"><span class='ocrx_word' id='word_1_738' title='bbox 63 5517 165 5587; x_wconf 89' lang='lat' dir='ltr'><strong>labiis,</strong></span> <span class='ocrx_word' id='word_1_739' title='bbox 178 5519 220 5587; x_wconf 90' lang='lat' dir='ltr'><strong>(ut</strong></span> <span class='ocrx_word' id='word_1_740' title='bbox 238 5518 414 5589; x_wconf 79' lang='lat' dir='ltr'><strong>dictumest)</strong></span> <span class='ocrx_word' id='word_1_741' title='bbox 428 5523 521 5591; x_wconf 89' lang='lat' dir='ltr'><strong>potuit</strong></span> <span class='ocrx_word' id='word_1_742' title='bbox 538 5524 696 5592; x_wconf 87' lang='lat' dir='ltr'><strong>attrectari,</strong></span> <span class='ocrx_word' id='word_1_743' title='bbox 711 5529 739 5578; x_wconf 91' lang='lat' dir='ltr'><strong>et</strong></span> <span class='ocrx_word' id='word_1_744' title='bbox 759 5524 896 5581; x_wconf 88' lang='lat' dir='ltr'><strong>dentibus</strong></span> 
     </span>
    </p>
   </div>
   <div class='ocr_carea' id='block_1_15' title="bbox 63 5607 895 5755">
    <p class='ocr_par' dir='ltr' id='par_1_17' title="bbox 63 5607 895 5755">
     <span class='ocr_line' id='line_1_79' title="bbox 63 5607 895 5686; baseline 0.008 -24"><span class='ocrx_word' id='word_1_745' title='bbox 63 5607 152 5662; x_wconf 83' lang='lat' dir='ltr'><strong>etiam</strong></span> <span class='ocrx_word' id='word_1_746' title='bbox 163 5611 270 5677; x_wconf 91' lang='lat' dir='ltr'><strong>potest.</strong></span> <span class='ocrx_word' id='word_1_747' title='bbox 285 5608 502 5666; x_wconf 83' lang='lat' dir='ltr'><strong>Eucharistiam</strong></span> <span class='ocrx_word' id='word_1_748' title='bbox 512 5627 594 5683; x_wconf 85' lang='lat' dir='ltr'><strong>vero,</strong></span> <span class='ocrx_word' id='word_1_749' title='bbox 603 5613 640 5682; x_wconf 90' lang='lat' dir='ltr'><strong>(si</strong></span> <span class='ocrx_word' id='word_1_750' title='bbox 651 5611 770 5668; x_wconf 90' lang='lat' dir='ltr'><strong>Christo</strong></span> <span class='ocrx_word' id='word_1_751' title='bbox 778 5614 895 5686; x_wconf 91' lang='lat' dir='ltr'><strong>quidem</strong></span> 
     </span>
     <span class='ocr_line' id='line_1_80' title="bbox 136 5696 408 5755; baseline 0.011 -3"><span class='ocrx_word' id='word_1_752' title='bbox 136 5696 266 5755; x_wconf 80' lang='lat' dir='ltr'><strong>Parnon.</strong></span> <span class='ocrx_word' id='word_1_753' title='bbox 280 5697 408 5755; x_wconf 85' lang='lat' dir='ltr'><strong>CXLIX.</strong></span> 
     </span>
    </p>
   </div>
   <div class='ocr_carea' id='block_1_16' title="bbox 948 4638 1789 5695">
    <p class='ocr_par' dir='ltr' id='par_1_18' title="bbox 948 4638 1789 5695">
     <span class='ocr_line' id='line_1_81' title="bbox 956 4638 1789 4714; baseline 0.01 -23"><span class='ocrx_word' id='word_1_754' title='bbox 956 4638 1029 4692; x_wconf 86' lang='lat' dir='ltr'><strong>iesu</strong></span> <span class='ocrx_word' id='word_1_755' title='bbox 1055 4640 1085 4692; x_wconf 93' lang='lat' dir='ltr'><strong>nt</strong></span> <span class='ocrx_word' id='word_1_756' title='bbox 1106 4639 1269 4708; x_wconf 88' lang='lat' dir='ltr'><strong>inciperent</strong></span> <span class='ocrx_word' id='word_1_757' title='bbox 1295 4655 1363 4694; x_wconf 90' lang='lat' dir='ltr'><strong>esse</strong></span> <span class='ocrx_word' id='word_1_758' title='bbox 1388 4657 1454 4711; x_wconf 78' lang='lat' dir='ltr'><strong>quea</strong></span> <span class='ocrx_word' id='word_1_759' title='bbox 1474 4657 1532 4696; x_wconf 93' lang='lat' dir='ltr'><strong>non</strong></span> <span class='ocrx_word' id='word_1_760' title='bbox 1562 4645 1654 4711; x_wconf 90' lang='lat' dir='ltr'><strong>erant,</strong></span> <span class='ocrx_word' id='word_1_761' title='bbox 1680 4649 1789 4714; x_wconf 90' lang='lat' dir='ltr'><strong>quanto</strong></span> 
     </span>
     <span class='ocr_line' id='line_1_82' title="bbox 956 4729 1789 4802; baseline 0.01 -22"><span class='ocrx_word' id='word_1_762' title='bbox 956 4729 1306 4799; x_wconf 79' lang='lat' dir='ltr'><strong>magisoperatoriusest,</strong></span> <span class='ocrx_word' id='word_1_763' title='bbox 1319 4733 1348 4783; x_wconf 93' lang='lat' dir='ltr'><strong>nt</strong></span> <span class='ocrx_word' id='word_1_764' title='bbox 1362 4730 1421 4785; x_wconf 91' lang='lat' dir='ltr'><strong>sint</strong></span> <span class='ocrx_word' id='word_1_765' title='bbox 1437 4747 1502 4802; x_wconf 81' lang='lat' dir='ltr'><strong>quae</strong></span> <span class='ocrx_word' id='word_1_766' title='bbox 1514 4735 1596 4785; x_wconf 91' lang='lat' dir='ltr'><strong>erant</strong></span> <span class='ocrx_word' id='word_1_767' title='bbox 1612 4733 1640 4786; x_wconf 88' lang='lat' dir='ltr'><strong>ct</strong></span> <span class='ocrx_word' id='word_1_768' title='bbox 1657 4732 1685 4785; x_wconf 92' lang='lat' dir='ltr'><strong>in</strong></span> <span class='ocrx_word' id='word_1_769' title='bbox 1710 4733 1789 4789; x_wconf 91' lang='lat' dir='ltr'><strong>alind</strong></span> 
     </span>
     <span class='ocr_line' id='line_1_83' title="bbox 957 4818 1788 4891; baseline 0.012 -22"><span class='ocrx_word' id='word_1_770' title='bbox 957 4819 1189 4871; x_wconf 74' lang='lat' dir='ltr'><strong>commutentur?</strong></span> <span class='ocrx_word' id='word_1_771' title='bbox 1200 4818 1293 4873; x_wconf 84' lang='lat' dir='ltr'><strong>Audis</strong></span> <span class='ocrx_word' id='word_1_772' title='bbox 1309 4819 1478 4891; x_wconf 83' lang='lat' dir='ltr'><strong>igiturquia</strong></span> <span class='ocrx_word' id='word_1_773' title='bbox 1495 4820 1543 4873; x_wconf 79' lang='lat' dir='ltr'><strong>aiu</strong></span> <span class='ocrx_word' id='word_1_774' title='bbox 1555 4821 1634 4876; x_wconf 90' lang='lat' dir='ltr'><strong>alind</strong></span> <span class='ocrx_word' id='word_1_775' title='bbox 1654 4837 1788 4879; x_wconf 90' lang='lat' dir='ltr'><strong>eommu-</strong></span> 
     </span>
     <span class='ocr_line' id='line_1_84' title="bbox 956 4905 1788 4983; baseline 0.01 -25"><span class='ocrx_word' id='word_1_776' title='bbox 956 4908 1062 4960; x_wconf 89' lang='lat' dir='ltr'><strong>tantur.</strong></span> <span class='ocrx_word' id='word_1_777' title='bbox 1073 4928 1084 4954; x_wconf 74' lang='grc' dir='ltr'><strong>ι»</strong></span> <span class='ocrx_word' id='word_1_778' title='bbox 1105 4905 1140 4959; x_wconf 79' lang='grc' dir='ltr'><strong>Εῑ</strong></span> <span class='ocrx_word' id='word_1_779' title='bbox 1157 4907 1212 4961; x_wconf 91' lang='lat' dir='ltr'><strong>hoc</strong></span> <span class='ocrx_word' id='word_1_780' title='bbox 1228 4907 1385 4979; x_wconf 85' lang='lat' dir='ltr'><strong>diligenter</strong></span> <span class='ocrx_word' id='word_1_781' title='bbox 1401 4912 1478 4978; x_wconf 90' lang='lat' dir='ltr'><strong>nota,</strong></span> <span class='ocrx_word' id='word_1_782' title='bbox 1501 4910 1638 4980; x_wconf 92' lang='lat' dir='ltr'><strong>quianon</strong></span> <span class='ocrx_word' id='word_1_783' title='bbox 1656 4910 1739 4983; x_wconf 88' lang='lat' dir='ltr'><strong>dixit,</strong></span> <span class='ocrx_word' id='word_1_784' title='bbox 1757 4916 1788 4968; x_wconf 90' lang='lat' dir='ltr'><strong>ut</strong></span> 
     </span>
     <span class='ocr_line' id='line_1_85' title="bbox 957 4995 1784 5073; baseline 0.011 -26"><span class='ocrx_word' id='word_1_785' title='bbox 957 4995 1015 5048; x_wconf 90' lang='lat' dir='ltr'><strong>sint</strong></span> <span class='ocrx_word' id='word_1_786' title='bbox 1030 4995 1106 5066; x_wconf 90' lang='lat' dir='ltr'><strong>quod</strong></span> <span class='ocrx_word' id='word_1_787' title='bbox 1120 5001 1212 5066; x_wconf 88' lang='lat' dir='ltr'><strong>orant,</strong></span> <span class='ocrx_word' id='word_1_788' title='bbox 1232 4996 1284 5050; x_wconf 86' lang='lat' dir='ltr'><strong>sed</strong></span> <span class='ocrx_word' id='word_1_789' title='bbox 1301 5000 1331 5050; x_wconf 93' lang='lat' dir='ltr'><strong>nt</strong></span> <span class='ocrx_word' id='word_1_790' title='bbox 1346 5013 1378 5052; x_wconf 91' lang='lat' dir='ltr'><strong>ea</strong></span> <span class='ocrx_word' id='word_1_791' title='bbox 1396 5013 1462 5068; x_wconf 85' lang='lat' dir='ltr'><strong>quae</strong></span> <span class='ocrx_word' id='word_1_792' title='bbox 1478 5001 1560 5053; x_wconf 89' lang='lat' dir='ltr'><strong>erant</strong></span> <span class='ocrx_word' id='word_1_793' title='bbox 1580 4999 1695 5071; x_wconf 80' lang='lat' dir='ltr'><strong>(inquit)</strong></span> <span class='ocrx_word' id='word_1_794' title='bbox 1715 5001 1784 5073; x_wconf 85' lang='lat' dir='ltr'><strong>sint,</strong></span> 
     </span>
     <span class='ocr_line' id='line_1_86' title="bbox 956 5083 1785 5158; baseline 0.013 -22"><span class='ocrx_word' id='word_1_795' title='bbox 956 5083 1008 5137; x_wconf 90' lang='lat' dir='ltr'><strong>sed</strong></span> <span class='ocrx_word' id='word_1_796' title='bbox 1024 5083 1102 5137; x_wconf 92' lang='lat' dir='ltr'><strong>aliud</strong></span> <span class='ocrx_word' id='word_1_797' title='bbox 1118 5100 1205 5154; x_wconf 91' lang='lat' dir='ltr'><strong>quam</strong></span> <span class='ocrx_word' id='word_1_798' title='bbox 1229 5088 1320 5140; x_wconf 88' lang='lat' dir='ltr'><strong>erant.</strong></span> <span class='ocrx_word' id='word_1_799' title='bbox 1341 5085 1423 5151; x_wconf 87' lang='lat' dir='ltr'><strong>Quod</strong></span> <span class='ocrx_word' id='word_1_800' title='bbox 1440 5087 1555 5141; x_wconf 86' lang='lat' dir='ltr'><strong>videtur</strong></span> <span class='ocrx_word' id='word_1_801' title='bbox 1574 5088 1694 5158; x_wconf 87' lang='lat' dir='ltr'><strong>sentire,</strong></span> <span class='ocrx_word' id='word_1_802' title='bbox 1718 5106 1785 5146; x_wconf 89' lang='lat' dir='ltr'><strong>cum</strong></span> 
     </span>
     <span class='ocr_line' id='line_1_87' title="bbox 955 5170 1785 5248; baseline 0.01 -22"><span class='ocrx_word' id='word_1_803' title='bbox 955 5170 1120 5243; x_wconf 81' lang='lat' dir='ltr'><strong>subjungit,</strong></span> <span class='ocrx_word' id='word_1_804' title='bbox 1130 5195 1141 5223; x_wconf 77' lang='lat' dir='ltr'><strong>a</strong></span> <span class='ocrx_word' id='word_1_805' title='bbox 1151 5176 1179 5227; x_wconf 91' lang='lat' dir='ltr'><strong>et</strong></span> <span class='ocrx_word' id='word_1_806' title='bbox 1189 5175 1218 5227; x_wconf 91' lang='lat' dir='ltr'><strong>in</strong></span> <span class='ocrx_word' id='word_1_807' title='bbox 1227 5174 1304 5227; x_wconf 89' lang='lat' dir='ltr'><strong>aliud</strong></span> <span class='ocrx_word' id='word_1_808' title='bbox 1316 5179 1540 5246; x_wconf 87' lang='lat' dir='ltr'><strong>commutentur,</strong></span> <span class='ocrx_word' id='word_1_809' title='bbox 1550 5180 1688 5248; x_wconf 89' lang='lat' dir='ltr'><strong>tanquam</strong></span> <span class='ocrx_word' id='word_1_810' title='bbox 1699 5194 1785 5235; x_wconf 91' lang='lat' dir='ltr'><strong>suam</strong></span> 
     </span>
     <span class='ocr_line' id='line_1_88' title="bbox 954 5263 1784 5334; baseline 0.01 -18"><span class='ocrx_word' id='word_1_811' title='bbox 954 5263 1200 5331; x_wconf 89' lang='lat' dir='ltr'><strong>comparationem</strong></span> <span class='ocrx_word' id='word_1_812' title='bbox 1221 5264 1388 5334; x_wconf 87' lang='lat' dir='ltr'><strong>explicaret,</strong></span> <span class='ocrx_word' id='word_1_813' title='bbox 1412 5265 1456 5319; x_wconf 90' lang='lat' dir='ltr'><strong>sic</strong></span> <span class='ocrx_word' id='word_1_814' title='bbox 1473 5281 1479 5319; x_wconf 69' lang='grc' dir='ltr'><strong><em>ι</em></strong></span> <span class='ocrx_word' id='word_1_815' title='bbox 1497 5264 1528 5319; x_wconf 91' lang='lat' dir='ltr'><strong>Si</strong></span> <span class='ocrx_word' id='word_1_816' title='bbox 1544 5281 1643 5321; x_wconf 85' lang='lat' dir='ltr'><strong>sermo</strong></span> <span class='ocrx_word' id='word_1_817' title='bbox 1668 5268 1784 5324; x_wconf 89' lang='lat' dir='ltr'><strong>Domini</strong></span> 
     </span>
     <span class='ocr_line' id='line_1_89' title="bbox 952 5349 1781 5428; baseline 0.011 -26"><span class='ocrx_word' id='word_1_818' title='bbox 952 5349 1024 5403; x_wconf 83' lang='lat' dir='ltr'><strong>lesu</strong></span> <span class='ocrx_word' id='word_1_819' title='bbox 1036 5352 1175 5419; x_wconf 90' lang='lat' dir='ltr'><strong>operatus</strong></span> <span class='ocrx_word' id='word_1_820' title='bbox 1186 5353 1241 5417; x_wconf 91' lang='lat' dir='ltr'><strong>est,</strong></span> <span class='ocrx_word' id='word_1_821' title='bbox 1254 5352 1285 5404; x_wconf 91' lang='lat' dir='ltr'><strong>nt</strong></span> <span class='ocrx_word' id='word_1_822' title='bbox 1293 5352 1458 5421; x_wconf 90' lang='lat' dir='ltr'><strong>inciperent</strong></span> <span class='ocrx_word' id='word_1_823' title='bbox 1467 5368 1609 5423; x_wconf 75' lang='lat' dir='ltr'><strong>esseque</strong></span> <span class='ocrx_word' id='word_1_824' title='bbox 1618 5370 1676 5409; x_wconf 92' lang='lat' dir='ltr'><strong>non</strong></span> <span class='ocrx_word' id='word_1_825' title='bbox 1687 5359 1781 5428; x_wconf 87' lang='lat' dir='ltr'><strong>erant,</strong></span> 
     </span>
     <span class='ocr_line' id='line_1_90' title="bbox 950 5437 1779 5513; baseline 0.011 -22"><span class='ocrx_word' id='word_1_826' title='bbox 950 5437 979 5492; x_wconf 89' lang='lat' dir='ltr'><strong>id</strong></span> <span class='ocrx_word' id='word_1_827' title='bbox 991 5443 1046 5504; x_wconf 84' lang='lat' dir='ltr'><strong>est,</strong></span> <span class='ocrx_word' id='word_1_828' title='bbox 1058 5442 1086 5492; x_wconf 91' lang='lat' dir='ltr'><strong>ut</strong></span> <span class='ocrx_word' id='word_1_829' title='bbox 1097 5441 1199 5493; x_wconf 89' lang='lat' dir='ltr'><strong>essent</strong></span> <span class='ocrx_word' id='word_1_830' title='bbox 1215 5454 1261 5493; x_wconf 89' lang='lat' dir='ltr'><strong>res</strong></span> <span class='ocrx_word' id='word_1_831' title='bbox 1279 5455 1315 5493; x_wconf 85' lang='lat' dir='ltr'><strong>ex</strong></span> <span class='ocrx_word' id='word_1_832' title='bbox 1330 5455 1365 5494; x_wconf 91' lang='lat' dir='ltr'><strong>eo</strong></span> <span class='ocrx_word' id='word_1_833' title='bbox 1387 5440 1465 5511; x_wconf 79' lang='lat' dir='ltr'><strong>qrrod</strong></span> <span class='ocrx_word' id='word_1_834' title='bbox 1489 5457 1547 5496; x_wconf 94' lang='lat' dir='ltr'><strong>non</strong></span> <span class='ocrx_word' id='word_1_835' title='bbox 1561 5447 1654 5512; x_wconf 88' lang='lat' dir='ltr'><strong>erant,</strong></span> <span class='ocrx_word' id='word_1_836' title='bbox 1677 5445 1706 5498; x_wconf 93' lang='lat' dir='ltr'><strong>id</strong></span> <span class='ocrx_word' id='word_1_837' title='bbox 1723 5446 1779 5513; x_wconf 86' lang='lat' dir='ltr'><strong>est,</strong></span> 
     </span>
     <span class='ocr_line' id='line_1_91' title="bbox 949 5527 1779 5606; baseline 0.011 -27"><span class='ocrx_word' id='word_1_838' title='bbox 949 5541 986 5580; x_wconf 88' lang='lat' dir='ltr'><strong>ex</strong></span> <span class='ocrx_word' id='word_1_839' title='bbox 996 5527 1097 5596; x_wconf 92' lang='lat' dir='ltr'><strong>nihilo,</strong></span> <span class='ocrx_word' id='word_1_840' title='bbox 1108 5531 1217 5598; x_wconf 89' lang='lat' dir='ltr'><strong>quanto</strong></span> <span class='ocrx_word' id='word_1_841' title='bbox 1231 5528 1326 5600; x_wconf 80' lang='lat' dir='ltr'><strong>magis</strong></span> <span class='ocrx_word' id='word_1_842' title='bbox 1338 5530 1523 5599; x_wconf 90' lang='lat' dir='ltr'><strong>operatorius</strong></span> <span class='ocrx_word' id='word_1_843' title='bbox 1536 5534 1583 5587; x_wconf 88' lang='lat' dir='ltr'><strong>est</strong></span> <span class='ocrx_word' id='word_1_844' title='bbox 1593 5537 1624 5587; x_wconf 89' lang='lat' dir='ltr'><strong>ut</strong></span> <span class='ocrx_word' id='word_1_845' title='bbox 1643 5533 1702 5588; x_wconf 90' lang='lat' dir='ltr'><strong>sint</strong></span> <span class='ocrx_word' id='word_1_846' title='bbox 1713 5549 1779 5606; x_wconf 83' lang='lat' dir='ltr'><strong>quaa</strong></span> 
     </span>
     <span class='ocr_line' id='line_1_92' title="bbox 948 5615 1777 5695; baseline 0.006 -25"><span class='ocrx_word' id='word_1_847' title='bbox 948 5618 1040 5686; x_wconf 89' lang='lat' dir='ltr'><strong>erant,</strong></span> <span class='ocrx_word' id='word_1_848' title='bbox 1050 5615 1080 5669; x_wconf 93' lang='lat' dir='ltr'><strong>id</strong></span> <span class='ocrx_word' id='word_1_849' title='bbox 1095 5618 1150 5688; x_wconf 88' lang='lat' dir='ltr'><strong>est,</strong></span> <span class='ocrx_word' id='word_1_850' title='bbox 1170 5621 1200 5671; x_wconf 92' lang='lat' dir='ltr'><strong>nt</strong></span> <span class='ocrx_word' id='word_1_851' title='bbox 1215 5617 1273 5672; x_wconf 91' lang='lat' dir='ltr'><strong>sint</strong></span> <span class='ocrx_word' id='word_1_852' title='bbox 1284 5617 1350 5687; x_wconf 86' lang='lat' dir='ltr'><strong>ista,</strong></span> <span class='ocrx_word' id='word_1_853' title='bbox 1370 5618 1468 5690; x_wconf 90' lang='lat' dir='ltr'><strong>idest,</strong></span> <span class='ocrx_word' id='word_1_854' title='bbox 1485 5634 1594 5694; x_wconf 88' lang='lat' dir='ltr'><strong>eorpus</strong></span> <span class='ocrx_word' id='word_1_855' title='bbox 1605 5624 1633 5676; x_wconf 88' lang='lat' dir='ltr'><strong>et</strong></span> <span class='ocrx_word' id='word_1_856' title='bbox 1654 5621 1777 5695; x_wconf 78' lang='lat' dir='ltr'><strong>sanguis</strong></span> 
     </span>
    </p>
   </div>
   <div class='ocr_carea' id='block_1_17' title="bbox 0 0 1954 6112">
    <p class='ocr_par' dir='ltr' id='par_1_19' title="bbox 0 0 1954 6112">
     <span class='ocr_line' id='line_1_93' title="bbox 0 0 1954 6112; baseline 0 8"><span class='ocrx_word' id='word_1_857' title='bbox 0 0 1954 6112; x_wconf 95' lang='lat' dir='ltr'><strong> </strong></span> 
     </span>
    </p>
   </div>
  </div>
 </body>
</html>
