3908 6112
108 283 168 346 421
873 282 1076 346 utranam.
1776 283 1835 345 422

111 481 945 552 magnetibus,etproeeipueabhoearehidieconosnisque
961 467 986 527 Α
1004 480 1111 535 domno
1123 481 1259 535 Girberto
1276 481 1412 536 celeriter
1422 482 1457 535 ad
1472 497 1518 535 me
1528 498 1669 551 osque...
1687 485 1715 536 et
1730 481 1759 535 in
1771 496 1833 535 om·

111 568 522 640 socialibussuggestumest,
535 573 680 624 utrestno
695 570 885 624 dominationi
897 585 946 622 re·
1005 569 1094 622 nibus
1110 586 1176 640 qum
1192 569 1227 622 ad
1249 570 1437 624 stabilitatem
1453 571 1543 640 hrains
1559 571 1667 640 negotii
1689 571 1834 641 pertinere

109 657 400 728 strisqueiustitutis
412 656 654 728 illumsubjiccrc
665 659 946 729 norrrefugerem,si
1006 661 1132 727 possunt
1150 658 1302 727 requisitis
1319 662 1346 712 et
1362 659 1499 727 receptis.
1517 658 1639 712 Domum
1655 660 1733 712 hune
1748 674 1835 729 quem

109 760 126 797 e
143 746 300 816 perversis
310 746 576 800 machinationibus
587 747 793 802 lia-reticerum
806 749 946 815 deinceps
1006 745 1190 814 volumus...,
1208 747 1323 799 studeat
1334 747 1488 813 industria,
1506 746 1633 816 sicquae
1644 747 1728 801 vobis
1740 751 1835 800 actum

110 833 215 887 baberi
230 834 336 888 vellem
352 835 523 904 immunem,
536 834 618 899 Quod
630 836 726 904 ipsum
743 853 809 890 omn
828 837 878 890 [lei
895 837 946 889 tie·
1006 833 1162 887 inrestros
1173 838 1508 888 suecessorcstrenseat
1522 851 1574 903 per·
1585 835 1834 889 macularentura.

110 922 229 977 nitricis
240 937 351 991 amore,
363 927 424 977 tum
436 925 538 990 rostri,
557 925 595 976 mi
611 923 726 978 doariuc
740 925 844 993 abbae,
855 939 945 978 rene·
1007 922 1086 994 Ergo
1103 923 1169 992 quia
1187 923 1322 976 vitiorum
1337 923 1555 991 adversatores,
1572 923 1760 993 cultoresque
1776 923 1837 975 vir-

110 1011 196 1065 roudi
207 1011 337 1064 nominis
351 1011 432 1065 inme
441 1012 590 1066 transfuso
600 1012 751 1085 dignitate,
762 1029 947 1083 nequaquam
1007 1013 1098 1065 tutum
1108 1013 1390 1079 larnapraecurrento
1399 1012 1701 1077 rosessedidicimus,
1711 1011 1838 1065 ideolroe

110 1098 234 1153 difficile
250 1099 347 1152 visum
363 1103 409 1153 cst
424 1100 495 1170 quin
506 1100 603 1153 statim
615 1099 698 1170 justo
710 1116 811 1155 eorum
823 1100 947 1155 consilio
1007 1099 1104 1153 nobile
1121 1101 1297 1163 coenobium,
1314 1100 1402 1170 quod,
1419 1100 1457 1153 oh
1473 1101 1666 1154 reverentiam
1674 1100 1837 1154 totiusrcli·

109 1201 284 1252 annuerem,
307 1186 487 1257 eosdemque
501 1187 536 1241 ed
550 1204 604 1242 ros
621 1189 776 1243 coelestim
793 1191 946 1254 mitterem,
1008 1187 1108 1260 gionis
1123 1190 1151 1241 et
1162 1189 1304 1254 scientiae,
1318 1189 1386 1242 olim
1403 1193 1522 1256 reputet
1533 1189 1840 1258 specimenunirersae
1925 1226 1928 1232 ·

109 1289 170 1344 quo
195 1274 312 1328 eisdem
336 1276 572 1330 convocaremini
593 1277 720 1346 nunciis,
736 1277 896 1348 quibused
920 1275 951 1331 id
1007 1275 1839 1346 essemeruitEsperiee,Dcoannuente,perresinstatum

110 1362 262 1434 egendum
275 1378 350 1417 usus
367 1379 434 1417 sum
450 1366 640 1434 consiliariis,
658 1373 683 1419 et
695 1368 772 1438 (prod
785 1368 948 1421 eorumliu-
1007 1365 1838 1434 pristinumcupimusrepereri;quo,dumilludvestriin-

111 1451 191 1521 guis,
210 1451 266 1504 hoc
282 1451 359 1505 idem
375 1452 585 1508 meistcstarcr
596 1455 711 1509 litteris.
721 1456 804 1510 Unde
817 1457 881 1509 volo
894 1472 948 1510 vos
1006 1454 1112 1508 stantia
1120 1454 1448 1522 resumpseritlrabitem
1455 1453 1684 1520 venerationem,
1698 1469 1838 1507 coronam

112 1541 250 1607 nosse,si
259 1540 288 1595 id
304 1545 482 1595 vestraenon
497 1542 665 1597 distulerint
676 1561 949 1615 rnorae,mopraepa·
1006 1543 1137 1615 gloriaea
1154 1541 1226 1595 Filio
1242 1542 1376 1612 ejusdem
1386 1542 1518 1612 Virginis
1536 1542 1708 1611 suscipiatis
1724 1541 1837 1596 auctio·

119 1631 212 1681 retum
229 1643 300 1684 csse
315 1629 387 1683 illud
403 1630 439 1684 de
458 1645 516 1700 quo
532 1632 629 1703 agitur
653 1635 818 1688 coenobium
840 1639 948 1688 restra>
1007 1647 1080 1685 rem.
1097 1629 1180 1695 Quod
1196 1631 1222 1683 ei
1238 1646 1300 1684 rem
1315 1633 1373 1684 tam
1399 1630 1518 1701 dignam
1541 1646 1595 1684 nee
1613 1629 1666 1684 Dei
1680 1645 1779 1684 amore
1795 1631 1837 1684 di·

118 1715 285 1771 subsedere
297 1717 409 1787 ditioni,
432 1723 459 1772 et
475 1721 552 1773 serie
568 1721 750 1789 scripturaea
775 1723 860 1776 robis
877 1739 948 1776 cou-
1005 1720 1086 1790 gnati
1102 1719 1217 1774 fueritis
1234 1718 1527 1789 suscipero,uccesse
1541 1719 1595 1772 erit
1608 1719 1695 1773 nobis
1706 1719 1775 1773 alibi
1793 1719 1835 1773 in·

121 1803 201 1859 icetae
216 1806 337 1875 propria
353 1822 440 1862 rnenu
450 1808 510 1863 Deo
522 1813 684 1879 sanctoque
696 1810 806 1865 Victori
821 1813 950 1884 tirmere,
1005 1809 1124 1879 quirere
1134 1824 1199 1861 cara
1216 1808 1325 1877 quibus
1341 1811 1369 1861 et
1384 1822 1436 1877 per
1451 1823 1526 1877 quos
1537 1806 1706 1862 acerbitatis
1726 1810 1838 1862 nostroe

121 1896 151 1945 at
165 1909 313 1964 nunquam
336 1910 352 1946 a
377 1896 490 1966 reliquo
506 1897 544 1949 sit
558 1897 651 1951 obbas
667 1899 724 1951 nisi
748 1917 834 1969 quem
852 1902 949 1968 robis,
1005 1899 1089 1952 virus
1102 1896 1253 1965 possimus
1265 1897 1423 1966 (luponem.
1434 1896 1522 1950 Scitis
1534 1895 1747 1966 quidvolimus,
1758 1899 1838 1950 orate

121 1980 950 2053 domneB.,vestrisquosuccessor-ibusexconsultaMas·
1006 1989 1036 2040 ut
1059 1985 1221 2054 possimus.
1245 1984 1340 2055 Igitur
1358 1987 1450 2038 totum
1474 1985 1642 2053 etamplius
1657 1999 1743 2054 quam
1760 1984 1838 2055 qt¹0d

125 2069 248 2123 silicasis
260 2069 379 2141 collegii
397 2071 585 2143 regularitate
601 2072 712 2144 eligere
723 2074 876 2146 placuerit,
892 2078 948 2132 lroc
965 2035 990 2096 B
1007 2072 1680 2129 comesBor-chinonensisdeeoenobioSanrtee
1692 2072 1838 2142 Morimtdt

128 2160 226 2211 tentum
236 2158 272 2211 ed
284 2174 422 2228 praescns
436 2160 524 2214 nobis
545 2177 690 2217 concesso
702 2167 731 2218 ut
743 2163 869 2218 domnas
878 2165 948 2221 Gir·
1006 2160 1609 2231 Crassoevohisierit‚egodonalibertatem
1619 2160 1839 2215 Massiliensem

132 2242 229 2312 bertus,
247 2247 293 2299 cui
311 2247 408 2301 omnia
423 2263 489 2317 quae
503 2247 582 2319 juris
598 2254 666 2303 sunt
681 2252 876 2323 eoenobiijnm
892 2254 948 2308 du·
1006 2253 1042 2306 de
1059 2253 1115 2305 isto
1129 2253 1267 2320 properat
1284 2249 1391 2316 tricare,
1408 2252 1530 2317 excepto
1547 2249 1624 2318 quod
1636 2264 1690 2302 nco
1706 2248 1837 2316 gladium

137 2332 189 2385 lum
206 2337 270 2387 nota
287 2338 368 2403 sunt,
384 2351 485 2389 curam
511 2337 590 2391 illius
607 2345 706 2393 restro
716 2340 806 2409 jussu
821 2343 947 2412 priumm

141 2425 211 2489 gerat,
223 2438 258 2476 ne
268 2423 355 2491 plebs
373 2424 512 2478 {aniverso
529 2426 578 2479 flat
589 2427 686 2481 minus
702 2430 842 2500 religiosa
861 2448 947 2501 quam

143 2510 263 2578 coercuit,
277 2512 302 2564 si
316 2527 373 2566 non
385 2512 545 2567 licueritilli
559 2515 635 2568 lruuc
648 2516 851 2588 lrabereqncm
864 2536 947 2589 spurc-

145 2595 215 2651 etta
228 2601 426 2654 antemomnia
436 2619 501 2671 (pure
511 2618 581 2674 erga
591 2621 645 2658 vos
654 2608 946 2677 restrumquelocnm

147 2697 200 2738 aare
214 2688 413 2757 agendasrmt,
431 2692 535 2744 melius
551 2693 692 2762 quarnbie
705 2697 795 2749 scribi
810 2702 945 2767 possunt,

149 2770 344 2846 velocitersrant,
356 2778 442 2830 simul
454 2777 574 2832 cornhis
583 2782 701 2835 nunciis
714 2799 779 2850 voe,
789 2787 826 2838 mi
841 2786 947 2843 domae

151 2859 224 2931 abbas,
247 2880 311 2918 cum
335 2866 485 2920 nonnullis
502 2869 591 2922 vestri
611 2875 785 2940 convenitne,
808 2889 865 2928 non
882 2876 947 2930 siue

153 3044 458 3083 *-
518 3071 520 3073 -

1007 2356 1103 2412 neque
1119 2344 1236 2393 contum
1250 2339 1344 2391 sinam
1355 2353 1408 2390 ros
1418 2336 1476 2389 illic
1486 2335 1653 2390 formidare.
1666 2336 1837 2390 llaecinlrne

1007 2428 1233 2495 curoriaddere,
1247 2431 1276 2480 ut
1285 2427 1310 2479 si
1320 2425 1376 2479 hoe
1387 2429 1523 2480 renueret
1538 2425 1682 2494 accipere,
1694 2423 1838 2494 quidquid

1007 2519 1197 2587 Omnipotens
1209 2531 1297 2569 secus
1307 2513 1571 2585 quamoportuorit,
1584 2512 1691 2567 ibidem
1704 2514 1751 2582 agi
1765 2528 1836 2567 coa-

1007 2607 1147 2679 spexerit,
1168 2605 1236 2657 illud
1254 2604 1359 2656 abhinc
1376 2605 1485 2656 restrae
1501 2605 1528 2654 ct
1542 2618 1599 2655 non
1625 2618 1698 2655 meae
1715 2601 1836 2670 imputet

1006 2698 1112 2767 culpae,
1121 2695 1168 2765 qui
1178 2694 1233 2746 scit
1242 2708 1287 2745 me
1299 2693 1361 2745 baec
1372 2691 1468 2744 veraci
1484 2691 1572 2746 corde
1580 2692 1725 2762 prolerre.
1736 2690 1835 2745 Volent

1006 2786 1148 2841 sanctitas
1160 2785 1258 2837 restra
1276 2781 1304 2834 in
1320 2781 1453 2835 llomino.

202 3193 1765 3373 arraonannamaoroomrrsorsoenonaasrs

402 3428 441 3482 lli
446 3427 639 3500 ripaltensem
655 3431 806 3489 abbatiam
821 3435 1002 3491 aronesterio
1015 3433 1204 3491 Massiliensi
1218 3431 1250 3489 S.
1269 3431 1397 3489 Victoris
1412 3433 1544 3504 subjicit.

695 3584 791 3655 (Apud
809 3585 945 3641 Msarra.
959 3585 1008 3642 ubi
1024 3602 1125 3658 sopra,
1143 3603 1171 3656 p.
1187 3585 1263 3654 t'lb.)

182 3846 317 3905 innomine
334 3855 446 3906 sanctae
462 3854 490 3905 et
509 3852 669 3907 imtiridnoe
697 3853 859 3909 Trinitatis
890 3853 953 3926 Ego

159 3932 292 3994 bernardus
308 3941 403 4010 gratia
417 3940 467 3993 llei
481 3956 580 3995 comos
592 3941 820 3997 Bisuldunensis
832 3943 954 3997 (lonator

159 4036 202 4079 san
211 4029 395 4098 omnipotenti
407 4028 468 4082 lleo
478 4032 506 4082 et
521 4028 551 4082 S.
563 4029 832 4101 Marieosanetoque
844 4030 952 4085 Victori

158 4117 244 4185 arani
259 4117 295 4170 dc
305 4116 450 4186 Massilia,
460 4132 494 4170 ae
510 4116 659 4173 Bernardo
676 4119 773 4173 abbati
789 4119 884 4189 ipsius
895 4136 953 4174 mo·

156 4205 253 4272 roserii,
274 4207 302 4258 ct
318 4205 457 4257 omnibns
482 4206 713 4260 successoribus
729 4206 795 4277 ejus
812 4224 864 4277 per
877 4208 952 4262 hanc

156 4299 204 4344 aco
216 4292 379 4347 donationis
389 4292 576 4362 scripturam.
595 4294 675 4348 llono
687 4295 731 4348 cis
743 4298 952 4351 monasterium

155 4370 172 4425 S.
183 4377 270 4435 Moriar
286 4382 322 4434 de
339 4380 506 4450 llivopullo,
519 4383 731 4436 cumomnibus
740 4385 831 4438 rebus
843 4401 908 4455 quoe
917 4386 952 4439 ad

84 4475 90 4509 ι’
154 4469 322 4536 apertinent
338 4473 366 4522 et
383 4469 528 4538 pertinere
541 4469 657 4539 debent,
676 4472 732 4526 sub
747 4487 782 4526 eo
798 4476 899 4529 tenore
923 4479 954 4528 ut

75 4565 91 4598 2
153 4547 955 4631 inehemardusetsuceessoresengantsemperstant-

74 4653 89 4688 =
152 4638 190 4696 tat
202 4645 435 4714 ibiebbotcsqui
452 4645 606 4699 servitium
622 4647 676 4701 liei
692 4648 720 4701 in
736 4650 838 4704 eodem
851 4667 953 4705 mona-

85 4740 91 4776 ε
152 4727 216 4787 ttcrio
229 4733 383 4801 lecient,et
394 4732 528 4804 regulam
543 4733 572 4787 S.
583 4733 733 4789 Benedicti
744 4737 784 4792 ibi
798 4742 916 4793 teneant
926 4745 954 4794 et

151 4810 395 4890 haeresianos
410 4819 580 4875 obedientes
590 4822 955 4899 sin'.semperrnomnibns

74 4914 93 4953 τ,
154 4899 248 4964 tbhetes
271 4912 300 4963 et
323 4908 422 4964 omnis
444 4912 636 4982 congregatio
656 4911 752 4981 ipsias
785 4916 956 4971 monasterii

152 4984 305 5052 lesinensi
312 4996 413 5051 abbati
421 4998 917 5074 praesentietsucccssoribuscjus,
928 5007 956 5060 ot

74 5099 90 5129 ·-
151 5072 351 5156 lescmperssst
367 5085 475 5139 tectum
490 5085 687 5141 adservitiam
700 5089 762 5156 Ilei,
776 5094 804 5145 et
815 5091 849 5145 ad
860 5092 955 5146 fideli-

81 5184 98 5218 :
150 5165 323 5230 tomaene
339 5172 488 5228 bernardo
504 5177 532 5228 et
548 5189 760 5231 successorum
773 5194 914 5248 meorum,
928 5184 956 5234 et

74 5268 97 5323 ,ἰ
150 5259 955 5335 tlsedeesenctii’etrideAusoneetepiscopiorthodoxi

86 5432 91 5436 -
148 5395 177 5452 ter
188 5399 309 5458 witredi
319 5401 436 5456 comitis
449 5401 615 5472 Ceritaniae,
632 5405 706 5459 obiit
720 5407 799 5462 tola.

74 5472 80 5480 '
168 5468 200 5541 (8)
212 5472 386 5528 Goenobinm
403 5471 435 5526 B.
457 5472 558 5528 Morbo
574 5474 610 5528 de
625 5473 745 5547 Cressa,
762 5479 831 5534 olim
847 5480 882 5533 de
898 5481 954 5535 Or-

143 5535 213 5597 bione
237 5543 410 5616 aproximo
437 5542 527 5599 fluvio
542 5547 571 5598 et
594 5546 680 5599 etiem
700 5546 737 5602 de
761 5549 896 5605 Novaliis
919 5552 956 5606 ab

74 5648 84 5681 ,·
139 5623 239 5671 mone
257 5612 469 5686 veltedicturn,
486 5614 516 5670 in
532 5613 645 5671 diocesi
673 5616 911 5680 Cercasonnensi
940 5638 958 5681 o

1004 3855 1163 3925 ipsiusloci
1178 3855 1305 3910 habeant
1315 3852 1355 3908 ibi
1368 3852 1532 3926 quodjuste
1549 3855 1659 3910 habere
1668 3851 1787 3912 dehent.
1800 3854 1836 3913 Et

1004 3943 1039 4012 si,
1050 3944 1128 4014 quod
1140 3941 1234 3997 ebsitl
1250 3944 1343 3997 obbas
1352 3945 1415 3997 siro
1430 3944 1552 3998 abbates
1564 3944 1602 3997 ibi
1619 3945 1704 3999 electi
1712 3946 1758 4000 rel
1768 3962 1839 4001 con·

1003 4032 1612 4103 gregatioejusrcgolemS.Benedictinon
1620 4033 1835 4101 observaverit,

1003 4124 1031 4172 et
1043 4120 1247 4173 inobedientes
1267 4119 1442 4185 exstiterint,
1461 4118 1659 4172 Massiliensis
1683 4120 1776 4174 obbas
1793 4122 1834 4175 ibi

1004 4223 1121 4278 semper
1136 4206 1252 4278 quando
1269 4206 1395 4260 voluerit
1410 4207 1515 4274 veniat,
1534 4210 1619 4260 etcoe
1633 4211 1663 4260 ut
1679 4209 1836 4278 corrigan-

1003 4302 1050 4352 tur
1075 4297 1237 4362 admonoat,
1256 4299 1283 4348 ot
1298 4295 1334 4347 de
1350 4293 1425 4347 uralo
1441 4294 1590 4347 odbonum
1613 4299 1773 4349 convertat.
1797 4296 1829 4350 si

1003 4388 1099 4440 autem
1115 4383 1243 4438 rebelles
1259 4383 1375 4448 tuerint,
1388 4387 1416 4436 ot
1426 4383 1676 4437 admonitionibus
1699 4383 1766 4455 ejus
1777 4401 1840 4438 rre-

1002 4475 1055 4529 dre
1067 4472 1222 4540 noluerint,
1232 4470 1527 4526 Massiliensisobbes
1539 4487 1657 4541 semper
1664 4475 1839 4542 potestatem

1005 4563 1110 4616 babeat
1126 4560 1264 4631 ejiciendi
1277 4561 1371 4614 melos
1382 4564 1409 4613 et
1424 4560 1555 4613 mittendi
1566 4560 1768 4631 honos,otpro
1785 4562 1837 4618 Dei

1003 4649 1281 4705 omoreetcbaritate
1295 4649 1392 4701 (lirina
1401 4647 1771 4704 bisuldunensiscomcset
1780 4650 1836 4704 hu·

1004 4735 1357 4806 senensisepiseopusad
1372 4735 1428 4790 hoc
1444 4735 1610 4789 iaciendum
1626 4736 1685 4790 sint
1696 4736 1737 4790 illi
1753 4737 1836 4807 adju·

1005 4831 1095 4882 tores.
1109 4826 1142 4879 Et
1158 4825 1214 4879 boo
1229 4823 1328 4878 tandin
1339 4823 1456 4878 firmiter
1471 4827 1498 4877 et
1509 4823 1697 4878 immobiliter
1708 4829 1833 4895 mancat,

1006 4915 1134 4986 quandiu
1150 4913 1362 4966 monesterium
1377 4911 1407 4965 S.
1417 4910 1544 4965 Victoris
1556 4911 1733 4980 regulariter
1745 4917 1838 4968 stete·

1005 5005 1053 5073 rit,
1072 5006 1099 5056 et
1114 5001 1246 5072 regulam
1256 4997 1664 5053 S.Benedictilrobitantesibi
1679 5003 1837 5056 tenuerint.

1007 5091 1041 5145 Et
1055 5106 1114 5144 non
1129 5089 1215 5142 liceat
1241 5087 1311 5140 mihi
1328 5083 1479 5140 Bor-nordo
1495 5085 1617 5155 praelato
1642 5088 1752 5154 comiti,
1782 5105 1838 5144 neo

1006 5173 1839 5240 ullosuceessorummeorum,haacdonetionemdierum·

1007 5283 1075 5338 pere
1091 5270 1140 5320 aut
1156 5268 1363 5332 transmutare,
1378 5263 1424 5316 vel
1435 5263 1532 5332 aliquo
1543 5265 1630 5318 modo
1645 5264 1787 5320 minuere.
1802 5264 1839 5319 Et

1007 5407 1148 5463 Nebridio
1179 5405 1284 5460 abbate
1313 5405 1363 5475 qui
1389 5407 1489 5472 poetes
1520 5402 1574 5457 luit
1593 5403 1838 5474 archiepiscopus

1006 5479 1224 5544 Narbonensis,
1245 5475 1395 5528 conditum
1411 5473 1465 5527 luit
1477 5475 1564 5547 cujus
1576 5474 1774 5530 fundationem
1788 5492 1838 5530 ra-

1007 5554 1064 5605 tem
1080 5547 1182 5603 habuit
1197 5543 1322 5600 Carolus
1336 5544 1464 5617 tttagnus
1474 5561 1550 5601 enno
1566 5545 1651 5621 regni
1665 5545 1839 5609 suiundeci·

1006 5637 1065 5691 mo,
1082 5619 1168 5677 idest
1182 5615 1243 5676 tte.
