3900 6112
165 216 247 285 tter

741 217 961 282 WILLELMl
982 216 1306 295 cohonestatus

1800 223 1875 287 taes

167 439 248 480 mare
263 424 370 481 dicitur
384 422 588 480 occurrissent
601 420 736 486 Francis,
746 420 1003 493 utriusquepartis
1016 405 1040 466 Α
1058 422 1200 478 victoriae.
1217 422 1276 478 Sed
1291 425 1427 495 quamvis
1441 440 1532 496 snper
1545 425 1720 498 hujusmodi
1736 427 1892 497 triumphis

169 517 337 588 agminibus
363 513 485 586 paratis,
508 512 641 566 terribile
659 511 794 581 praelium
809 511 1001 565 commissum

168 607 224 675 est,
236 607 264 660 et
279 620 317 660 ex
331 606 456 674 utraque
470 604 552 672 parte
565 601 687 655 multum
703 599 858 670 sanguinis
872 597 998 653 effusum

168 697 224 749 est.
254 693 418 764 Utrobique
447 691 524 746 enim
551 690 712 744 bellatores
739 691 822 743 eant
844 686 955 741 strenui
973 689 1000 741 et

168 797 264 857 usque
279 782 316 838 ad
332 783 455 836 mortem
470 780 575 834 cedere
589 778 693 833 nescii.
707 775 1001 831 llincsaeviuutGalli

68 890 71 895 ·
168 891 222 946 pro
238 873 374 943 cupidine
389 868 579 940 acquirendi,
592 867 672 921 illinc
687 861 1001 919 feriuntNorthmanni

169 981 223 1036 spa
238 963 387 1018 ferventes
403 957 547 1013 evadendi
567 958 596 1010 et
612 970 645 1009 se
661 970 793 1025 suosque
808 955 888 1011 lares
902 956 1000 1011 deten-

172 1053 271 1110 dendi.
299 1048 438 1116 Tandem,
454 1046 575 1117 juvante
591 1045 662 1113 Deo,
678 1045 778 1098 vicere
792 1043 997 1114 Northmanni,

169 1148 197 1199 et
210 1141 315 1214 fugere
331 1137 447 1192 Franci.
465 1136 527 1189 lloe
557 1135 654 1204 itaque
668 1132 779 1186 bellurn
793 1135 875 1186 trans
888 1132 998 1204 Sequa-

167 1249 233 1286 nam
249 1231 279 1283 in
293 1229 390 1282 hieme
404 1227 470 1279 ante
485 1222 747 1294 Quadragesimnm
768 1220 877 1291 secere,
895 1225 998 1277 octavo

168 1335 244 1376 anno
259 1319 325 1389 post
338 1315 447 1370 bellum
464 1312 714 1366 walesdunense.
727 1310 811 1364 Tunc
820 1310 910 1364 Wido
924 1311 999 1365 Pon·

166 1408 217 1464 tivi
234 1419 335 1462 comes
352 1406 455 1473 captus
470 1405 516 1456 est
527 1403 555 1455 et
569 1399 706 1455 Odoeum
720 1399 861 1454 Rainaldo
873 1398 998 1470 aliisque

166 1498 214 1570 qui
229 1494 385 1551 velocitate
399 1490 506 1561 pedum
516 1490 676 1561 viguerunt
687 1488 872 1558 tugatusest.
888 1486 997 1542 (lodul-

163 1587 241 1659 phus
252 1595 476 1656 quoquecomes
482 1578 592 1649 puriter
598 1581 760 1646 caperetur,
771 1576 829 1630 nisi
847 1576 997 1648 liogarius

165 1675 305 1748 princeps
320 1670 431 1725 militiae
446 1684 519 1722 meae
532 1666 574 1720 illi
585 1665 817 1737 suffragaretur3
835 1664 996 1719 hominium

1058 511 1185 567 humana
1215 513 1342 585 gaudent
1360 513 1497 583 aviditas,
1526 531 1572 569 me
1587 519 1685 570 tamen
1711 516 1892 571 intrinsecus

1058 602 1163 673 pungit
1187 604 1214 655 et
1235 601 1350 656 mordet
1374 602 1542 657 formidinis
1562 604 1707 672 anxiatae,
1730 603 1801 658 dum
1824 620 1892 673 per·

1060 689 1155 759 pendo
1171 691 1250 761 quod
1265 691 1295 743 in
1311 692 1448 746 omnibus
1462 691 1511 745 his
1535 694 1672 764 grassata
1691 695 1740 747 est
1755 708 1838 746 saeva
1865 696 1891 747 te

1060 778 1190 832 meritas
1202 779 1286 833 Unde
1302 794 1387 845 vos,o
1399 780 1571 835 sacerdotes
1582 784 1611 835 et
1626 781 1756 834 ministri
1770 780 1891 847 Christi,

1060 867 1233 936 suppliciter
1259 868 1404 936 obsecro,
1434 875 1465 924 ut
1495 871 1681 924 orationibus
1711 870 1824 924 vestris
1848 885 1891 924 me

1060 957 1272 1011 commendetis
1296 959 1484 1028 omnipotenti
1511 959 1581 1025 Deo,
1599 961 1631 1012 ut
1644 962 1768 1028 peccata
1785 958 1890 1029 quibus

1059 1045 1215 1100 admodum
1251 1061 1370 1116 premor
1391 1049 1454 1117 ipse
1482 1048 1618 1114 remittat,
1659 1052 1689 1102 et
1721 1065 1778 1117 per
1808 1035 1889 1101 suam

1058 1134 1269 1204 infatigabilem
1285 1136 1469 1191 clementiam
1483 1138 1560 1190 inter
1574 1152 1647 1191 suos
1657 1152 1707 1190 me
1722 1137 1840 1190 salvum
1854 1136 1891 1189 ta·

1057 1226 1123 1280 ciat.
1141 1226 1313 1280 Thesauros
1328 1240 1445 1295 quoque
1467 1242 1549 1281 meos
1562 1225 1654 1297 jubeo
1671 1226 1737 1280 dari
1752 1224 1887 1278 ecclesiia

1056 1319 1085 1369 et
1094 1315 1285 1385 pauperibus,
1293 1318 1324 1369 ut
1336 1329 1402 1385 quae
1413 1317 1554 1385 congesta
1565 1317 1635 1369 sunt
1645 1329 1683 1370 ex
1693 1313 1887 1379 facinoribus,

1055 1403 1265 1475 dispargantur
1279 1404 1308 1457 in
1324 1404 1615 1457 sanctissanetorum
1632 1403 1752 1457 usibus.
1771 1401 1887 1456 Debetis

1054 1491 1280 1547 enim1·ecolero
1310 1508 1396 1563 quam
1413 1492 1538 1546 dulciter
1560 1507 1615 1546 vos
1639 1491 1737 1545 amavi
1754 1495 1786 1544 et
1805 1505 1886 1560 quam

1055 1578 1169 1634 fortiter
1184 1582 1284 1633 contro
1301 1593 1404 1633 omnes
1416 1578 1539 1633 aemulos
1555 1577 1722 1632 defensavi.

1091 1667 1256 1723 Ecclesiam
1273 1669 1335 1737 Dei,
1360 1672 1481 1722 matrem
1505 1667 1619 1721 scilicet
1641 1670 1791 1732 nostram,
1817 1681 1887 1720 nnn·

164 1764 243 1821 enim
255 1759 427 1834 jamdudum
443 1756 485 1811 illi
500 1754 661 1809 lecerat.ln
678 1753 1035 1835 taliergonceessitateg
1055 1772 1143 1826 quam
1161 1757 1283 1826 violavi;
1301 1757 1354 1811 sed
1370 1757 1489 1826 ubique,
1507 1759 1537 1811 ut
1552 1756 1626 1810 ratio
1641 1756 1756 1826 exegit,
1775 1754 1888 1808 deside-

167 1851 323 1924 pulehrnm
350 1847 391 1900 illl
421 1848 448 1900 et
477 1846 646 1913 competens
662 1841 816 1896 servitium
837 1841 995 1912 impendet,

168 1941 239 1995 dum
268 1939 298 1992 in
333 1941 431 1990 eastre
459 1948 514 1987 suo
544 1932 627 1985 illum
676 1930 774 1985 triduo
816 1932 944 2000 protexit
970 1935 999 1986 et

166 2031 269 2100 postea
294 2026 409 2080 salvum
432 2022 468 2075 ad
497 2038 550 2076 sua
570 2019 717 2091 perduxit.
734 2021 793 2074 Pro
815 2019 871 2073 hac
884 2021 996 2074 oflensa

168 2115 330 2189 Rogerium
356 2113 392 2167 de
417 2109 627 2165 Northmannia
656 2107 741 2178 ejeci,
759 2108 811 2162 sed
827 2107 997 2178 paulopost

167 2203 376 2261 reconciliatus
404 2200 446 2254 illi
468 2201 608 2254 caeterum
624 2198 766 2252 honorem
781 2197 904 2252 reddidi.
921 2197 996 2252 Cas·

165 2296 242 2350 trum
257 2297 354 2348 tamen
377 2288 484 2344 Mortui
499 2287 589 2342 maris
605 2287 634 2341 in
662 2302 720 2358 quo
734 2287 885 2341 inimicum
898 2303 996 2343 meum

166 2383 300 2452 salvavit,
324 2380 365 2435 illi
389 2378 468 2451 jure,
494 2380 526 2431 ut
541 2391 618 2442 reor,
635 2374 761 2445 abstuli3
778 2376 831 2430 sed
844 2375 995 2431 Willelmo

164 2473 200 2528 de
227 2471 384 2526 Guarenna
410 2465 632 2536 consanguineo
662 2463 728 2534 ejus
750 2463 838 2518 tironi
864 2463 995 2535 legitimo

164 2561 241 2616 dedi.
278 2558 437 2613 Widonem
465 2570 536 2609 vero
566 2552 703 2608 comitem
717 2552 995 2625 Bajocis,quandiu

164 2649 283 2720 placuit,
310 2647 339 2701 in
377 2659 497 2700 earcere
521 2641 654 2698 habuiet
679 2644 747 2712 post
788 2641 863 2696 duos
901 2657 995 2696 annos

163 2736 327 2792 hominium
360 2734 396 2788 ab
425 2749 459 2788 eo
493 2732 542 2787 tati
570 2733 672 2786 tenore
692 2731 800 2800 recepi,
834 2733 865 2785 ut
889 2730 994 2786 exinde

162 2825 233 2881 mihi
247 2838 366 2893 semper
380 2821 476 2876 tidelis
492 2821 632 2875 existeret
648 2821 675 2874 et
701 2819 825 2873 militare
840 2819 995 2874 servitium

164 2914 215 2974 ubi
238 2913 413 2986 jussissem,
425 2925 491 2965 cum
501 2909 763 2964 centummilitibus
776 2908 847 2962 mihi
864 2908 993 2980 singulis

162 3003 249 3059 annis
278 3000 441 3056 exhiberet.
459 2998 569 3053 Deinde
585 2997 758 3053 muneribus
774 2997 855 3051 illum
878 2997 994 3068 magnis

165 3092 271 3149 donavi
284 3092 313 3146 et
326 3089 502 3145 honoratum
518 3103 585 3142 cum
603 3102 676 3159 paee
690 3086 798 3141 dimisi.

197 3182 321 3237 Peracto
338 3177 506 3245 certamine,
524 3191 593 3232 mox
608 3178 639 3229 ut
654 3177 752 3230 certos
768 3189 905 3230 rumores
917 3191 993 3230 com-

159 3271 234 3342 peri,
249 3286 303 3340 per
318 3267 505 3338 Radulphum
533 3266 568 3320 de
584 3265 686 3319 Toenia
702 3279 767 3334 quaa
781 3267 862 3318 trans
878 3263 992 3336 Sequa-

160 3376 227 3415 nam
251 3357 416 3429 contigerat
431 3355 497 3426 regi
509 3354 693 3408 Francorum
708 3352 854 3406 mandavi.
878 3351 992 3416 Quibus

159 3447 266 3504 auditis
280 3447 329 3501 ille
344 3444 479 3516 protinus
495 3444 582 3497 noctu
598 3441 730 3496 surrexit
745 3444 773 3495 et
783 3441 991 3496 eumexercitu

159 3552 214 3593 sue
231 3534 373 3590 velociter
388 3530 512 3602 aufugit,
529 3544 727 3600 necunquam
744 3533 848 3602 postea
864 3545 991 3585 securus

159 3625 282 3678 interra
297 3635 362 3675 mea
376 3619 568 3690 pernoctavit.
585 3617 634 3673 Sic
649 3634 666 3672 a
680 3619 806 3688 pueritia
821 3633 885 3673 men
903 3619 991 3673 innu-

159 3710 250 3767 meris
279 3708 433 3780 pressuris
455 3707 584 3778 undique
599 3707 756 3777 impeditus
775 3722 853 3777 sum,
870 3707 924 3762 sed
938 3723 992 3776 per

158 3798 285 3873 gratiam
315 3797 368 3852 Dei
392 3797 428 3851 de
443 3796 580 3852 omnibus
596 3795 760 3851 honorillce
776 3798 896 3866 ereptus
912 3811 988 3850 sum.

158 3886 328 3942 Invidiosus
339 3884 430 3958 igitur
444 3885 582 3940 omnibus
598 3887 703 3941 vicinis
718 3886 793 3941 meis
804 3885 899 3940 factus
912 3902 988 3956 sum,

158 3976 212 4031 sed
227 3974 384 4030 auxiliante
395 3975 465 4039 Deo,
483 3974 514 4029 in
529 3990 586 4046 quo
602 3990 719 4046 semper
735 3991 818 4045 spem
827 3991 920 4031 meam
935 3993 989 4047 pe-

157 4064 215 4136 sui,
232 4063 342 4121 anullo
359 4068 516 4136 superatus
544 4079 620 4118 sum.
638 4064 702 4119 Hoc
735 4081 815 4134 saepe
830 4072 990 4123 senserunt

157 4153 295 4209 Britones
309 4156 338 4208 et
348 4152 594 4225 Analegavenses.
605 4152 668 4207 Hoc
678 4153 873 4223 astipulantur
881 4153 989 4210 Franci

156 4245 243 4314 atque
272 4241 484 4296 Flandrenses.
514 4241 578 4296 lloo
603 4241 734 4314 graviter
765 4244 877 4314 experti
920 4248 990 4301 sunt

157 4329 246 4403 Angli
261 4335 289 4386 ot
303 4329 554 4385 Cenomanenses.
995 4392 1000 4399 Ι

190 4418 366 4475 Goislredus
381 4418 641 4474 Martellusoomes
657 4419 886 4492 hudegnvorum
903 4421 989 4477 etCo-

1054 1849 1154 1900 ranter
1162 1845 1316 1901 honoravi.
1330 1844 1557 1900 Ecclesiasticus
1568 1843 1730 1917 dignitates
1742 1858 1886 1914 nunquam

1054 1935 1231 1990 venundedi.
1257 1934 1417 1989 Simoniam
1433 1934 1595 1989 detestatus
1617 1948 1740 2002 semper
1755 1932 1886 1986 refutavi.

1053 2024 1084 2077 ln
1099 2024 1242 2079 electione
1253 2039 1449 2094 personarum
1460 2025 1528 2078 vitea
1542 2023 1722 2092 meritumet
1736 2021 1885 2091 sapientie

1053 2111 1216 2167 doctrinam
1232 2111 1420 2184 investigavi,
1438 2111 1631 2182 et,{quantum
1648 2109 1679 2163 in
1695 2125 1743 2164 rne
1760 2109 1824 2170 luit.
1837 2126 1888 2164 om·

1054 2201 1133 2255 nium
1156 2201 1335 2273 dignissimo
1363 2199 1490 2254 Eelesiae
1513 2199 1650 2271 regimen
1673 2198 1884 2253 commendavi.

1053 2289 1117 2344 Hoc
1133 2289 1270 2344 nimirum
1281 2289 1662 2360 probaripotestveraeiter
1676 2287 1706 2341 in
1722 2286 1884 2341 Lnntranco

1052 2377 1308 2433 Cantuariensium
1332 2377 1563 2447 archipraesule,
1601 2376 1657 2431 hoc
1689 2378 1719 2429 in
1750 2375 1884 2430 husclmo

1052 2467 1247 2522 Beceensium
1259 2468 1373 2534 abbate,
1390 2467 1446 2521 hoe
1462 2467 1491 2521 in
1504 2465 1648 2521 Gerberto
1660 2464 1883 2519 Fontnnellense

1052 2557 1080 2610 et
1096 2557 1234 2611 Durando
1262 2556 1458 2626 Troarnense,
1488 2559 1516 2610 et
1543 2556 1573 2608 in
1588 2554 1656 2610 aliis
1685 2554 1792 2608 multis
1807 2554 1884 2625 regni

1051 2646 1110 2702 mei
1125 2646 1306 2715 doctoribus,
1324 2661 1451 2716 quorum
1471 2643 1597 2699 celebris
1619 2645 1687 2698 laus
1702 2647 1844 2713 personat
1858 2643 1880 2694 in

1051 2736 1173 2806 ultimis,
1198 2740 1229 2791 ut
1256 2730 1357 2803 credo,
1382 2737 1471 2790 terrra
1492 2733 1611 2788 tinibus.
1627 2733 1719 2787 Tales
1736 2734 1837 2787 socios
1851 2731 1879 2783 ad

1052 2826 1231 2896 colloquium
1246 2824 1333 2896 elegi,
1350 2825 1380 2877 in
1391 2824 1496 2878 horum
1512 2820 1709 2876 contubernio
1736 2822 1878 2874 veritatem

1052 2917 1079 2970 et
1109 2914 1281 2985 sapientiam
1310 2913 1424 2978 inveni;
1455 2912 1579 2981 ideoque
1601 2925 1725 2979 semper
1755 2909 1878 2980 gauricus

1051 3005 1187 3074 optabam
1203 3019 1305 3058 eorum
1321 3001 1455 3056 consiliis
1471 3000 1593 3072 perfrui.

1086 3092 1201 3147 Novem
1226 3091 1351 3145 abbatiae
1370 3089 1581 3144 monachorum
1600 3092 1629 3143 et
1650 3104 1709 3143 unn
1725 3092 1875 3144 sanctimo-

1050 3181 1169 3236 nialium
1184 3196 1250 3252 quan
1266 3197 1282 3233 u
1297 3179 1430 3250 pratibus
1445 3179 1520 3233 meis
1541 3179 1570 3231 in
1585 3177 1805 3232 Northmannia
1819 3178 1876 3232 lun·

1049 3271 1125 3325 datae
1141 3272 1220 3338 sunt,
1236 3284 1282 3323 me
1298 3268 1466 3339 adjuvaute,
1487 3283 1553 3321 cum
1575 3266 1685 3320 auxilio
1712 3267 1768 3321 llai
1784 3281 1875 3322 creve-

1049 3361 1128 3429 runt,
1145 3360 1173 3412 et
1188 3359 1320 3430 gloriose
1334 3357 1491 3410 multarum
1510 3356 1678 3427 augmentis
1695 3370 1798 3411 rerum
1814 3370 1876 3426 quas

1049 3445 1115 3500 dedi
1133 3445 1326 3517 magnificatm
1352 3446 1430 3497 sunt.
1449 3442 1558 3497 Deinde
1582 3441 1710 3497 ducatus
1734 3445 1792 3498 mei
1811 3445 1874 3497 tem-

1049 3550 1131 3607 pora,
1148 3536 1250 3588 decem
1264 3536 1292 3588 et
1306 3536 1419 3603 septem
1441 3530 1652 3585 monachorum
1668 3533 1760 3601 atque
1776 3533 1874 3585 sancti-

1049 3624 1219 3680 monialium
1248 3638 1304 3676 sox
1319 3620 1454 3675 coenobia
1470 3621 1639 3673 constructa
1657 3622 1741 3689 sunt,
1759 3621 1808 3675 ubi
1823 3636 1874 3673 ua-

1048 3729 1139 3787 gnum
1156 3710 1311 3767 servitium
1326 3713 1354 3764 et
1370 3710 1471 3779 plures
1486 3708 1686 3777 eleemosynae
1706 3708 1873 3778 prosumni

1051 3803 1143 3874 Regis
1158 3815 1256 3855 amora
1267 3798 1397 3869 quotidie
1414 3798 1495 3851 hunt.
1505 3795 1687 3867 Huiusmodi
1704 3798 1874 3852 castrismu·

1049 3892 1108 3947 nita
1124 3894 1169 3945 est
1186 3887 1410 3954 Northmannia,
1429 3886 1497 3940 etin
1514 3885 1562 3939 his
1581 3885 1703 3940 diseunt
1722 3888 1873 3958 terrigene

1048 3979 1178 4052 praeliari
1201 3982 1303 4034 eontra
1325 3971 1476 4030 daemonas
1501 3977 1529 4028 et
1550 3974 1650 4028 earnis
1669 3974 1754 4029 vitia.
1773 3975 1872 4029 Horum

1048 4070 1155 4141 quippe
1166 4071 1214 4123 aut
1225 4082 1291 4139 ego,
1300 4064 1461 4135 inspirante
1472 4063 1544 4131 Deo,
1554 4062 1596 4117 sui
1606 4063 1746 4117 conditor
1756 4068 1804 4119 aut
1813 4064 1873 4118 lun-

1047 4157 1140 4226 dator,
1151 4155 1284 4210 fervidus
1295 4153 1421 4224 adjutor,
1432 4150 1596 4206 benevolus
1614 4150 1762 4207 incentor.
1775 4152 1872 4206 Omnes

1047 4261 1164 4318 quoque
1183 4259 1233 4299 res
1246 4258 1320 4315 quas
1333 4243 1363 4295 in
1378 4241 1466 4296 terris
1481 4240 1528 4294 vel
1543 4239 1610 4293 aliis
1627 4239 1797 4295 redditibus
1811 4254 1872 4310 pre·

1047 4326 1871 4401 cerasmeiDeoetsanctisejusdederuntprosalutespi-

1046 4422 1141 4478 rituali
1154 4423 1183 4476 in
1194 4420 1335 4476 Neustria
1346 4422 1375 4474 et
1383 4418 1490 4490 hnglia
1504 4416 1675 4488 benigniter
1686 4419 1834 4485 concessi,
1848 4417 1872 4470 at

158 4523 254 4563 nanus
279 4507 419 4578 princeps
443 4507 599 4562 Britonnm
616 4512 703 4578 atqua
720 4509 869 4565 hebertus
884 4485 1029 4567 Freaio1>
1046 4512 1166 4566 chartas
1175 4511 1364 4582 largitionum
1375 4510 1476 4562 contra
1489 4521 1592 4561 omnes
1603 4506 1733 4560 aemulos
1744 4510 1773 4561 et
1786 4506 1870 4560 intes·

156 4594 460 4667 satrapaMorinorum
468 4595 538 4649 mihi
552 4595 653 4650 multis
668 4598 936 4656 machinationibus
946 4602 989 4654 in-

157 4684 256 4740 sidiati
272 4682 428 4754 sunt.Sed,
445 4684 628 4740 custodiente
643 4685 714 4754 Deo,
729 4686 932 4758 lieetlmultum
942 4706 989 4760 op-

154 4776 271 4830 tassent
286 4776 315 4829 et
328 4772 431 4843 plures
446 4772 571 4828 insidias
581 4775 826 4846 perstruxissent,
838 4793 987 4848 nunquam

157 4865 218 4919 voti
238 4865 360 4933 copotes
389 4859 485 4916 eliecti
500 4865 579 4915 sunt.
609 4862 749 4918 Diadema
774 4866 884 4936 regale,
910 4867 989 4937 quod

156 4953 256 5008 nullus
271 4954 495 5007 antecessorum
509 4966 643 5005 meorum
658 4953 763 5024 gessit,
776 4955 900 5025 adeptus
911 4972 987 5027 sum,

157 5041 237 5112 quod
252 5040 351 5096 divina
365 5039 550 5095 solummodo
563 5041 787 5113 gratianonjus
797 5045 987 5100 centulitbae-

158 5127 339 5198 redltarium,
356 5128 569 5194 Quantosultra
578 5145 659 5185 mare
669 5130 789 5185 labores
801 5135 829 5186 et
843 5135 987 5202 periculo-

158 5217 986 5289 soseenttietuspertulerimcontrnExouioS,Cestrenses

158 5300 986 5380 etNordanhumbros,contraSeotosetGuallos,North-

159 5387 327 5458 wigenaset
334 5392 430 5448 Dacos
445 5397 474 5449 et
489 5397 589 5449 contra
599 5396 989 5471 oaeterosadvcrsarios,qui

1045 4598 1317 4670 tatoresprincipali
1329 4597 1500 4651 auctoritate
1515 4595 1611 4666 gratis
1628 4594 1813 4649 confirmari.

1082 4689 1153 4743 llaec
1168 4688 1265 4742 studia
1290 4688 1420 4741 sectatus
1445 4700 1510 4739 sum
1532 4699 1549 4737 a
1571 4684 1719 4753 primaevo
1735 4688 1867 4754 temporo,

1044 4771 1868 4844 haechaeredibusmeisrelinquotenendaomnitempore.

1044 4866 1077 4921 ln
1092 4866 1150 4935 his,
1167 4865 1219 4920 lilii
1233 4864 1301 4935 mai,
1313 4879 1360 4918 me
1373 4862 1486 4934 jugiter
1507 4860 1677 4933 sequimini,
1695 4865 1727 4916 ut
1742 4861 1791 4916 bic
1805 4863 1832 4914 et
1845 4858 1870 4910 in

1044 4970 1139 5009 aevum
1162 4969 1261 5008 coram
1285 4952 1346 5007 Deo
1361 4954 1389 5006 et
1406 4949 1576 5004 bominibus
1597 4948 1798 5004 honoremini.
1815 4947 1868 5001 Hoc

1043 5044 1191 5116 praecipue
1202 5059 1267 5112 vos,
1279 5042 1396 5096 viscera
1407 5054 1480 5107 ntea,
1491 5052 1676 5106 commoneo,
1690 5040 1723 5091 ut
1733 5038 1869 5092 bonorum

1044 5136 1073 5188 et
1088 5133 1253 5202 sapientum
1276 5126 1673 5199 indesinenterninhaereatis
1697 5125 1831 5181 sodalitio
1846 5124 1870 5177 et

1045 5236 1148 5277 eorum
1158 5221 1186 5275 in
1196 5219 1343 5286 omnibus,
1355 5219 1381 5272 si
1393 5218 1441 5272 diu
1450 5215 1576 5289 gloriosi
1591 5214 1684 5269 vultis
1701 5215 1867 5285 persistere,

1044 5310 1188 5364 obediatis
1199 5307 1332 5378 imperio.
1343 5306 1461 5360 Piorum
1472 5303 1676 5374 sophistarum
1686 5293 1819 5358 doctrina
1829 5300 1869 5354 est

1042 5400 1152 5454 bonum
1166 5414 1183 5451 a
1202 5397 1278 5452 malo
1296 5395 1478 5463 discernere,
1487 5392 1635 5463 justitiam
1647 5391 1824 5446 omnimodis
1836 5392 1870 5441 te

132 5458 136 5465 ’
160 5473 342 5531 conabantur
356 5494 401 5533 me
417 5496 509 5552 regno
524 5483 640 5555 hugliaa
652 5485 790 5557 spoliare,
807 5485 927 5542 dilfieile
942 5490 990 5544 est
1041 5503 1122 5554 nere,
1140 5487 1357 5559 nequitiamque
1373 5480 1608 5538 omnimolimine
1618 5494 1738 5550 cavere,
1750 5474 1867 5534 infirmis

107 5645 110 5652 Ι
160 5569 312 5634 enarrare,
337 5563 367 5618 in
390 5566 499 5637 qmbua
531 5571 669 5629 omnibus
683 5574 820 5644 provenit
833 5575 904 5631 mihi
919 5592 987 5635 sors
1041 5579 1070 5634 at
1079 5575 1261 5650 pauperibus
1269 5571 1403 5647 acjnstis
1412 5583 1534 5642 parcere
1544 5568 1759 5644 etsubveniro,
1771 5579 1868 5639 super·
