3900 6112
166 263 229 329 -831
271 256 515 323 GODEFREDI
526 251 815 318 STABULENSIS
827 249 1024 314 MONACHI
1039 248 1294 315 TRIUMPHUS
1308 251 1342 315 8.
1361 251 1563 315 REMACU.
1579 285 1618 300 —
1630 251 1710 316 ΗΒ.
1725 252 1768 314 11.
1838 253 1899 317 ³32

169 478 259 538 quam
274 466 338 518 erat
353 461 491 517 omuibus
505 458 574 512 uisu
588 454 772 526 turpissima.
789 453 845 506 Hic
858 451 910 507 ubi
935 435 1040 506 cumb
1058 451 1239 505 admirantes
1263 450 1628 523 Christiqueeoniesseris
1643 450 1895 522 inipsemeritum

169 551 290 609 caeteris
306 549 399 607 astitit
413 562 511 603 eoram
528 544 707 614 sanctuario,
724 544 843 613 repente
859 540 1002 622 disparuit

169 633 269 698 omnis
284 639 393 694 vitiosa
416 637 465 691 illa
480 635 599 689 inflatio.
616 633 690 687 Nam
706 631 753 686 his
768 630 818 701 qui
833 644 900 683 eum
914 630 999 683 antea

168 729 303 784 viderant
317 724 509 793 intuentibus,
525 738 585 776 non
600 721 664 775 sine
680 719 870 774 admiratione
880 716 998 771 visaest

170 817 297 873 remissa
321 815 397 868 eutis
422 828 477 867 suo
492 812 558 864 loco
586 808 740 879 aequaliter
766 806 928 873 resedisse,
946 820 1000 859 nee

168 906 328 978 quidquam
344 919 381 957 ex
396 919 430 957 ee
441 901 544 956 morbo
557 897 749 966 remansisse,
762 901 869 966 praeter
883 893 1000 949 cicatri-

170 1008 236 1050 eem
250 992 282 1049 in
296 992 400 1063 eapite.

446 1121 572 1176 CAPUT
587 1119 723 1175 XXXIV.

258 1265 304 1320 De
316 1262 412 1336 puella
422 1261 561 1333 septenni
572 1260 740 1332 paralytica
752 1265 782 1314 et
792 1265 905 1315 sanata.

206 1353 314 1414 Mulier
328 1353 419 1406 filiam
438 1365 523 1404 suam
538 1353 721 1419 septennem,
737 1348 834 1403 silicet
860 1349 1000 1420 paralyti-

170 1458 246 1511 esm,
262 1442 323 1496 illie
338 1441 484 1511 deposuit,
501 1438 671 1511 eujusfides
682 1438 751 1492 tiliae
764 1437 889 1492 salntem
904 1437 1001 1491 statim

170 1529 347 1602 impetravit.
359 1528 397 1583 Hi
408 1527 536 1599 ergequi
546 1527 599 1581 Dei
610 1527 717 1580 virtute
729 1528 861 1579 sanatam
875 1525 1002 1594 puellam

162 1619 311 1676 *videbant
325 1620 464 1685 erectam,
482 1631 575 1686 super
589 1615 728 1684 populum
743 1613 880 1668 manibus
895 1612 1002 1668 offere-

170 1706 252 1777 bant,
269 1722 304 1761 ae
318 1705 456 1760 meritum
486 1703 670 1758 confessoris
691 1700 801 1757 Christi
816 1705 892 1757 teste
910 1699 1002 1755 mira-

172 1794 239 1852 eule
254 1793 492 1867 magnificabant.
973 1828 987 1854 ,

207 1883 282 1938 Cum
297 1883 607 1954 autemignoraremus
619 1894 685 1951 quae
696 1884 779 1935 esset
788 1879 905 1934 virtutis
912 1878 1003 1951 hujus

174 1969 671 2040 efficacia,materpropeassistens
680 1984 747 2023 eum
761 1968 899 2039 lacrymis
908 1962 1004 2022 excla-

172 2060 265 2115 mavit
279 2058 443 2113 laetissima.
461 2057 533 2111 llaee
547 2055 597 2126 ait,
605 2072 693 2127 quam
706 2056 802 2123 video,
813 2056 1005 2126 prooessitex

173 2162 241 2203 mee
257 2149 352 2216 utero,
383 2144 419 2199 de
435 2144 524 2216 eujus
539 2144 625 2215 paulo
641 2149 708 2200 ante
736 2145 801 2200 sele
816 2144 919 2201 lunera
934 2143 1006 2198 mihi

174 2237 238 2292 erat
256 2233 451 2306 exspectatio,
480 2234 548 2303 quia
563 2247 600 2287 ex
620 2233 698 2287 omni
719 2236 802 2302 parte
818 2236 1004 2303 praemortua,

176 2324 285 2396 spiritu
300 2326 411 2378 tantum
420 2321 578 2392 palpitabat
584 2322 855 2377 tenuissimo.Tunc
870 2337 940 2378 varo
949 2324 1008 2377 tan-

174 2412 269 2469 tusab
285 2415 411 2482 utroque
422 2426 498 2465 sexu
513 2410 661 2465 iaetnsest
671 2410 1005 2480 clamoradmirationiS,

175 2504 208 2557 ut
222 2517 282 2556 non
302 2501 452 2554 videretur
466 2514 557 2569 pesse
573 2499 652 2553 ilniri
672 2516 731 2553 vox
759 2500 925 2554 continuata
941 2516 1007 2554 num

176 2588 328 2660 lacrymis.
361 2588 554 2642 Exsultabant
573 2589 651 2641 euim
671 2605 774 2643 omnes
801 2589 830 2641 in
850 2588 935 2642 laude
956 2589 1009 2642 llei

176 2692 251 2733 voce
267 2678 332 2731 sine
356 2677 468 2745 verbis,
485 2678 564 2730 tanto
579 2675 679 2730 sonitu
701 2679 841 2746 quantum
857 2677 906 2729 vix
931 2675 1008 2730 ferre

175 2768 281 2840 posset
296 2764 413 2819 auditus
430 2763 552 2834 quilibet
567 2764 717 2833 capabilis.

215 2853 377 2910 Videbatur
390 2855 535 2923 praeterua
546 2852 651 2923 cuique
659 2851 732 2908 ioris
743 2853 909 2910 advenienti
918 2857 1010 2926 reple-

177 2941 523 3000 tamiuissetotamillam
534 2941 690 2996 ecclesiam
697 2942 792 3014 gloria
809 2950 837 2999 ot
855 2945 1008 3017 majestate

178 3033 305 3103 Domini,
319 3032 380 3101 ubi,
393 3029 1008 3106 delectabanturinhabitantestanquamex

178 3120 231 3176 Dei
247 3120 406 3191 praesentia
421 3120 565 3175 suavitate
584 3120 783 3192 inenarrabili,
800 3125 1187 3219 Viffll'ffiifli‘bcfflndum
1204 3164 1292 3234 quod,

178 3213 283 3282 posset
297 3211 367 3279 diei,
378 3211 490 3264 sieutet
500 3209 718 3264 dicebaturneu
734 3209 897 3267 immerito:
914 3213 1010 3268 Deuri-

179 3318 235 3358 nus
251 3299 475 3370 estinloeoisto
486 3297 571 3368 (Gen.
584 3300 697 3368 xxvnr).
713 3300 780 3368 Ipso
790 3315 862 3372 ergo
878 3303 1008 3358 diecele-

183 3392 321 3447 britatem
336 3388 412 3441 hane
426 3387 720 3457 divinorumeperum
730 3389 887 3458 garisaest
896 3394 1009 3448 etterra

179 3477 306 3550 quodam
319 3475 406 3529 modo
427 3490 460 3528 se
476 3475 585 3529 sentire
598 3490 657 3529 nen
676 3476 774 3530 minus
789 3492 875 3549 quam
890 3481 1007 3537 celum.

179 3564 251 3632 Quae
267 3562 345 3619 enim
367 3563 463 3617 tribus
479 3563 591 3617 exactis
606 3563 759 3619 mensibus
781 3581 838 3619 nen
860 3570 1010 3625 maduerat

181 3656 278 3729 aquis,
288 3652 392 3710 herbis
407 3668 474 3707 eum
489 3652 622 3724 germine
637 3668 712 3722 pene
727 3656 941 3731 arescentihuS,
958 3674 1008 3715 ea-

178 3745 245 3800 dem
255 3741 501 3800 nihilominusdie
516 3742 791 3812 divinaoperatione
805 3760 920 3803 omnem
933 3751 1009 3805 viro·
1040 3768 1043 3773 ·

178 3847 243 3888 rem
258 3833 370 3904 recepit
384 3833 507 3905 largiter
519 3831 629 3886 infusis
640 3831 794 3889 imbribus.

460 3990 586 4046 CAPUT
600 3989 721 4047 XXXV.

216 4135 261 4192 De
270 4137 381 4193 elerico
395 4138 535 4193 distortis
547 4140 677 4210 pedibus
692 4141 729 4195 ab
740 4149 807 4197 ortu
818 4149 848 4198 et
863 4152 966 4201 sanato

212 4224 357 4297 Cumjam
372 4228 416 4281 sol
427 4230 618 4297 vespertinus
629 4229 665 4283 ad
683 4245 822 4287 occasum
835 4233 1005 4304 declinaret,

177 4318 207 4370 et
222 4316 317 4369 adhue
328 4316 456 4385 populus
466 4317 606 4387 frequens
618 4318 647 4371 in
657 4319 759 4374 laudes
768 4321 880 4375 Christi
895 4323 1009 4378 carries·

176 4404 256 4458 soris
272 4403 457 4470 acclamaret,
469 4405 576 4458 iactum
592 4410 637 4460 est
648 4408 726 4462 aliud
742 4410 887 4480 quoddam
899 4413 1007 4469 divinae

1059 537 1217 594 efferentes
1233 540 1471 611 magnificabant.

1331 627 1459 683 CAPUT
1480 627 1616 684 XXXVI.

1059 715 1165 771 Altero
1179 716 1351 771 menelaum
1361 716 1516 772 eonsilium
1526 717 1636 789 apitnr,
1652 723 1683 771 ut
1696 716 1897 790 ploridentunr

1202 803 1309 859 eorpus
1325 787 1363 843 ad
1378 787 1471 843 lecum
1485 805 1568 842 suum
1585 788 1751 843 referatur.

1062 875 1218 930 Clauditur
1228 876 1280 930 illa
1291 874 1358 931 dies
1368 878 1506 933 retinens
1515 891 1574 949 per
1588 876 1693 932 saecula
1704 877 1822 944 laudes

1058 963 1135 1018 Aeta
1152 964 1236 1036 quies
1250 971 1346 1033 necle,
1362 965 1491 1021 redeunt
1505 965 1674 1036 spectacula
1687 981 1787 1023 mane.

1096 1052 1265 1123 Requisivit
1290 1069 1363 1125 erge
1389 1053 1527 1108 dominus
1551 1053 1645 1109 abbas
1670 1053 1845 1110 revehendo
1858 1053 1894 1107 ad

1059 1142 1158 1204 locum
1173 1157 1260 1196 suum
1275 1142 1440 1215 glorificato
1457 1144 1552 1198 sancti
1568 1158 1691 1215 corpore
1708 1143 1896 1198 eonsiliuma

1060 1231 1136 1300 saie,
1154 1233 1182 1285 et
1188 1230 1287 1284 datum
1295 1234 1342 1285 est
1349 1246 1455 1286 sanum
1466 1231 1622 1287 consilium
1634 1232 1754 1287 minime
1767 1230 1896 1287 reditum

1060 1317 1182 1388 differri,
1199 1335 1235 1373 ne
1250 1321 1354 1390 postea
1369 1320 1396 1374 id
1413 1321 1493 1391 quod
1508 1336 1547 1376 ex
1560 1324 1629 1376 vote
1644 1323 1790 1391 cesserat,
1807 1318 1895 1393 qnid-

1058 1422 1146 1477 quam
1160 1407 1246 1462 uobis
1262 1407 1346 1462 fieret
1362 1408 1571 1480 impedimenti,

1096 1495 1190 1566 Igitur
1203 1511 1269 1550 eum
1281 1495 1494 1553 honestissima
1505 1495 1682 1552 clericorum
1696 1496 1729 1552 S.
1744 1495 1901 1561 Lamberli

1059 1585 1273 1655 cooperatoris,
1287 1587 1319 1640 ut
1332 1600 1402 1641 vere
1413 1584 1549 1654 latemur,
1560 1600 1662 1641 earum
1672 1585 1817 1640 virtutum
1837 1587 1898 1639 tam

1060 1675 1255 1744 precessione
1266 1689 1353 1746 quarn
1364 1675 1428 1745 pari
1436 1673 1593 1731 devotione
1599 1674 1790 1731 decessimus
1799 1673 1900 1728 exsal-

1059 1765 1156 1818 tantes
1172 1762 1208 1817 ah
1220 1762 1270 1817 illa
1281 1763 1398 1818 civitate
1415 1779 1421 1817 :
1439 1766 1610 1818 enatantem
1620 1777 1680 1817 vox
1693 1777 1751 1836 una
1761 1761 1899 1823 omnium

1058 1853 1088 1907 in
1102 1851 1208 1906 laudes
1222 1850 1333 1906 Christi
1339 1852 1524 1907 confessoris
1539 1850 1761 1906 acclamantium
1779 1867 1787 1904 :

1058 1940 1167 2010 Arete,
1181 1938 1299 2011 proesul
1311 1941 1389 2012 aqie,
1402 1945 1528 2011 patrone
1539 1944 1642 1995 noster
1651 1939 1777 2012 inclyte,

1059 2027 1137 2099 Spes
1151 2043 1167 2081 o
1179 2027 1238 2082 teis
1248 2027 1405 2098 fidissima,
1421 2043 1476 2083 nos
1491 2027 1621 2100 tnajuva
1636 2033 1751 2100 pratia,-

1065 2115 1105 2170 Tu
1115 2114 1169 2171 lux
1181 2115 1329 2188 decusque
1339 2115 1453 2187 Galliae,
1463 2131 1527 2171 cum
1533 2114 1743 2188 plebeclerum
1757 2122 1901 2188 protege,

1063 2203 1118 2261 Gai
1129 2219 1218 2275 posse
1233 2202 1594 2276 scimusplurimum,eura
1615 2202 1780 2275 lanpuores
1796 2204 1903 2259 crimi-

1098 2309 1174 2347 num.

1061 2380 1135 2458 Huc,
1143 2387 1172 2436 te
1186 2380 1314 2436 delatum
1323 2380 1462 2451 plurimis
1473 2379 1624 2436 ellblsisse
1636 2379 1805 2447 miraculis,

1061 2469 1139 2524 Hinc
1147 2469 1251 2525 redire
1262 2486 1325 2524 eum
1340 2469 1436 2542 plor-ia
1452 2475 1511 2524 tota
1523 2469 1685 2541 eonpaudet
1697 2470 1802 2542 patria
1820 2490 1829 2523 .-

1063 2559 1111 2614 Aa
1121 2559 1209 2631 lienus
1223 2565 1297 2613 caetu
1311 2559 1402 2613 curiae
1422 2557 1590 2613 redduntur
1604 2557 1662 2612 tibi
1674 2560 1795 2629 pratiae,

1065 2646 1134 2713 Quae
1147 2652 1205 2702 tota
1219 2653 1266 2701 tue
1281 2647 1444 2702 exnonrine
1455 2645 1628 2703 celebratur
1641 2644 1811 2719 mapurdce.

1329 2751 1455 2807 CAPUT
1475 2752 1624 2806 XXXVII.

1061 2842 1245 2897 Destatione
1260 2843 1306 2896 eis
1313 2842 1426 2896 Mosam
1443 2841 1522 2896 iacta
1543 2847 1573 2895 et
1583 2841 1620 2896 de
1632 2856 1796 2912 puerorum
1808 2841 1901 2899 selio-

1097 2914 1204 2970 larium
1228 2914 1314 2970 laude
1335 2913 1579 2980 nominatissima,
1603 2919 1633 2967 et
1657 2912 1695 2967 de
1730 2913 1830 2985 ipsius
1844 2913 1906 2969 leci

1100 2986 1261 3040 traditione
1273 3001 1289 3038 a
1295 2983 1524 3056 possessoribus
1536 2989 1640 3037 sancto
1654 2982 1784 3038 firmata.

1100 3074 1162 3129 Nee
1177 3074 1275 3128 miuus
1291 3072 1338 3126 his
1350 3072 1472 3144 dignum
1492 3070 1609 3125 videtur
1628 3071 1700 3126 illud
1715 3086 1898 3127 commemo-

1314 3162 1349 3216 ad
1366 3160 1482 3215 illorum
1498 3160 1719 3215 similitudinem
1734 3176 1900 3230 puerorum

1063 3252 1252 3314 Damiuieum
1266 3250 1421 3306 Hossauna
1443 3249 1631 3319 Redemptori
1650 3248 1898 3320 proclamantium

1064 3347 1184 3419 (Metili.
1194 3343 1267 3413 xxi),
1277 3342 1305 3395 in
1322 3338 1438 3394 laudem
1452 3352 1569 3409 quoque
1584 3336 1779 3410 hujussanoti
1789 3336 1899 3393 laetum

1064 3452 1135 3493 esse
1151 3433 1290 3501 ereditur,
1307 3445 1364 3484 non
1378 3431 1476 3482 tamen
1485 3429 1594 3497 praeter
1608 3425 1899 3499 divinaegratiaepla-

1064 3528 1164 3584 eitum.

1100 3616 1131 3668 ln
1156 3608 1304 3666 redeundo
1319 3608 1427 3678 itaque,
1449 3606 1626 3660 transmisso
1645 3619 1742 3675 amne,
1760 3620 1830 3659 eum
1854 3606 1897 3659 cis

1066 3704 1179 3759 blesam
1195 3701 1369 3771 perventum
1378 3699 1460 3751 esset
1467 3696 1497 3749 in
1507 3694 1583 3750 loeis
1599 3693 1895 3765 campestribus,sta·

1068 3794 1175 3848 lionam
1192 3789 1250 3842 illie
1266 3786 1329 3841 fieri
1345 3784 1381 3839 ad
1396 3783 1573 3839 audiendam
1587 3782 1709 3837 missam
1721 3780 1895 3855 ⁴impetrauit

1065 3900 1082 3937 a
1096 3881 1214 3936 domiue
1230 3875 1334 3932 abbate
1344 3873 1494 3930 omnisille
1510 3871 1620 3927 civium
1631 3873 1895 3944 extraneorumque

1065 3969 1202 4042 populus.

1101 4060 1217 4113 luteres
1233 4056 1309 4110 saeta
1324 4067 1415 4123 mora,
1427 4051 1496 4107 dum
1512 4051 1670 4122 parabatur
1685 4048 1836 4104 celebrari
1851 4047 1911 4102 di—

1064 4149 1165 4201 vinum
1181 4145 1322 4212 officium,
1339 4142 1375 4195 de
1390 4145 1450 4195 tota
1465 4140 1581 4194 civitate
1595 4153 1757 4210 puerorum
1783 4136 1929 4192 scholae

1064 4226 1944 4302 convenerunttanquamadejusvenerandil‘atrisobse—

1063 4326 1176 4396 quium,
1192 4322 1241 4393 qui
1258 4320 1436 4374 scandentes
1459 4317 1584 4387 proximi
1600 4316 1708 4370 montis
1730 4316 1893 4370 eacumina
1909 4355 1944 4384 2

1063 4412 1232 4469 extulerunt
1246 4423 1348 4478 voees,
1365 4405 1445 4460 velut
1455 4405 1679 4476 angelicas,per
1692 4404 1805 4459 nubila.
1823 4404 1944 4459 Naar

177 4489 358 4560 operationis
387 4491 552 4560 mirificum,
583 4494 618 4546 ad
638 4490 1944 4573 praedicandumejusdemDdispertitiase‚quasitribuspercherosordinibusdain.

176 4577 218 4646 pii
232 4577 410 4646 protectoris
426 4578 571 4633 meritum.
588 4582 718 4637 Adillam
732 4589 951 4644 venerationem
963 4607 1008 4645 sa·

176 4664 325 4719 lutiferam
341 4665 460 4735 quidam
474 4666 602 4723 clericus
613 4684 629 4722 a
639 4676 721 4739 patre
735 4678 782 4727 est
795 4676 946 4745 devectus,
957 4682 1007 4751 qui

174 4754 359 4809 transversis
368 4754 506 4826 vestigiis
518 4756 662 4811 distortos
672 4761 805 4828 pedesab
813 4766 895 4820 utere
904 4770 1006 4824 matris

177 4840 275 4898 linerat
289 4858 411 4912 passus.
427 4842 490 4898 Nec
518 4859 610 4913 mora,
629 4847 766 4903 visitatus
781 4856 828 4906 est
842 4853 878 4907 ab
903 4857 1005 4911 eodem

177 4931 328 4987 medieoin
337 4933 432 4987 medio
440 4933 703 5005 circumstantium,
711 4940 760 5007 qui
768 4940 906 5013 siugulis,
918 4951 1005 5015 prout

176 5025 299 5075 noverat
324 5026 500 5091 competere,
517 5024 688 5096 porrigebat
716 5025 863 5096 ejusmodi
878 5034 1003 5088 medioa-

176 5111 318 5162 mentum.
328 5108 379 5164 Ille
395 5112 494 5164 statim
504 5112 629 5167 salutem
646 5129 679 5168 se
694 5112 831 5171 sensisse
846 5119 1003 5192 indicabat3

178 5194 233 5250 sed
247 5195 395 5266 ejusmodi
414 5215 465 5252 res
485 5200 666 5259 intuentibus
679 5218 737 5259 uon
752 5205 788 5258 ad
810 5207 953 5277 liquidum
967 5211 1004 5265 sr-

178 5280 247 5339 dem
259 5287 431 5356 praestabat,
443 5287 511 5356 quia
526 5305 592 5343 eum
601 5292 694 5361 priori
709 5293 1004 5355 similitudineadhuc

175 5371 269 5427 ealeei
284 5373 412 5442 pedibus
429 5374 590 5435 haerebant.

210 5461 255 5516 De
269 5462 353 5517 curia
368 5478 439 5519 vero
454 5464 629 5523 cubicularii
642 5485 677 5527 ae
687 5472 822 5544 plerique
832 5475 948 5532 nobiles
957 5479 1005 5534 ad-

176 5552 271 5621 erant,
283 5550 350 5623 ipsi,
360 5551 547 5611 discalceatis
561 5558 645 5628 pueri
659 5561 797 5633 pedibus,
809 5563 946 5622 virtutem
954 5566 1007 5624 Dei

1063 4592 1129 4645 dem
1143 4589 1203 4642 Deo
1219 4586 1388 4640 cecinerunt
1402 4597 1456 4652 pro
1472 4580 1658 4637 confessoris
1680 4581 1726 4636 sui
1747 4580 1883 4652 triumph
1918 4598 1944 4621 ⁴

1065 4684 1094 4734 et
1109 4676 1219 4731 Christi
1234 4672 1429 4728 mirabilibus.

1063 4768 1219 4822 Intrortum
1231 4768 1335 4818 cantus
1343 4776 1448 4832 mappa
1467 4775 1523 4814 vox
1535 4759 1622 4815 lande
1634 4765 1778 4828 tenemus,

1064 4855 1137 4909 Inde
1153 4851 1332 4908 Crucifixum
1343 4846 1460 4903 laudate
1470 4849 1501 4903 in
1512 4863 1603 4903 earne
1613 4846 1752 4920 seeundo,

1065 4942 1167 5012 Salve,
1183 4941 1262 4996 festa
1274 4940 1350 5008 dies,
1368 4943 1510 4993 resonant
1524 4938 1578 4992 hoc
1592 4937 1698 4992 ordine
1713 4935 1830 4992 laudes.

1101 5031 1168 5086 Non
1183 5030 1238 5083 abs
1254 5044 1286 5083 re
1296 5040 1369 5098 ergo
1380 5026 1511 5081 ereditur
1532 5022 1739 5081 estimandum
1753 5026 1784 5081 id
1799 5030 1944 5081 actu-m

1067 5135 1135 5174 esse
1152 5118 1230 5189 qnod
1240 5115 1349 5170 nullius
1360 5114 1523 5186 magisterii
1535 5113 1694 5185 professio,
1710 5115 1759 5169 rel
1770 5113 1944 5170 humens

1066 5207 1195 5263 suaserit
1202 5204 1375 5277 suggesti03
1391 5204 1445 5258 sed
1461 5203 1535 5270 haee,
1552 5203 1630 5270 sicut
1645 5207 1674 5257 et
1689 5201 1756 5270 alia,
1772 5203 1839 5258 fleri
1851 5202 1939 5257 ἅθ’

1065 5295 1218 5352 stinaverit
1234 5293 1359 5347 lideliter
1372 5293 1509 5346 invocata
1519 5295 1630 5346 sanctae
1646 5291 1799 5346 Trinitatis
1808 5291 1880 5361 opit
1888 5296 1927 5337 ¹¹·

1063 5386 1142 5440 latio.
1160 5383 1234 5437 Nam
1250 5378 1915 5451 sicutquodantecoeiueratPsslmistaiutu-

1063 5489 1139 5539 rum,
1165 5471 1204 5525 ita
1224 5470 1310 5525 etiam
1333 5466 1482 5524 eredimus
1496 5467 1528 5522 in
1539 5466 1658 5522 Christo
1673 5467 1837 5543 impletum,
1852 5462 1906 5522 sie

1065 5577 1137 5619 sane
1152 5563 1181 5617 et
1198 5561 1229 5615 iu
1243 5558 1300 5614 hoc
1314 5558 1418 5613 saneto
1443 5557 1565 5630 propter
1588 5554 1726 5613 inimicos
1741 5556 1758 5613 d
1772 5554 1893 5616 nonno
