3908 6112
156 258 215 321 577
815 260 1042 324 OPUSCULA
1063 259 1222 323 setteis
1811 263 1871 326 578

141 458 275 530 timpum
285 459 412 515 mexime
424 460 587 515 exhibetur
607 459 721 530 inpane
738 457 984 513 eucharistimiit
998 448 1027 509 Α
1041 461 1126 515 mitte
1145 459 1241 525 nobis,
1257 461 1313 514 etc.
1330 459 1359 513 in
1376 474 1433 530 quo
1448 459 1556 529 petitur
1574 461 1717 517 adrentus
1735 463 1802 516 anni
1818 463 1871 535 ju-

142 546 588 618 riimrtteuobis,etc.,quantum
600 547 634 601 ad
647 547 943 616 correspondentiam
956 552 984 602 ot
1040 549 1127 608 bilei.
1142 549 1169 601 in
1179 563 1237 619 quo
1249 549 1345 602 omnia
1354 548 1643 603 dabitadimittnntur
1653 551 1733 605 veris
1745 551 1868 619 iudeis,

142 637 256 691 lancem
267 636 404 707 iustitie,
421 635 778 707 perbocquodsubditur:
791 635 875 690 Sicut
891 643 919 690 et
931 651 984 690 nos
1039 637 1164 703 scilicet,
1183 638 1298 707 poenito·
1314 636 1394 690 tibus
1409 638 1438 690 et
1450 635 1542 706 justis
1559 641 1586 691 et
1601 637 1688 692 laonio
1706 639 1826 709 homiui,
1843 644 1871 695 et

141 725 331 790 dimittimus,
347 729 415 790 ete..
430 726 516 781 litua
532 741 586 781 nos
601 725 767 781 inducesir
780 726 982 793 tentationem,
1039 725 1118 779 licus
1135 725 1304 780 hominibus
1320 724 1428 780 talibus
1443 724 1541 779 debita
1557 726 1695 780 universe
1716 728 1869 783 dimittent.

145 813 444 885 qnantumadactuin
456 812 707 885 prudentiaeque
718 813 801 867 estin
812 828 983 883 precaven-
1037 815 1123 869 Eine
1134 829 1187 868 nos
1198 813 1361 870 inducesin
1378 815 1580 883 tentationem,
1597 818 1665 883 etc,
1682 815 1711 867 in
1726 830 1783 885 quo
1799 817 1870 885 peti-

143 903 192 957 eis
200 901 401 959 insidiis-Sed
409 902 506 958 iibere
517 918 570 957 nos
579 903 829 972 arreinqnantnm
841 903 875 957 ad
885 907 981 956 ectum
1036 904 1085 956 tur
1095 902 1142 956 ille
1155 902 1236 972 pacis
1248 901 1443 971 pulchritudo,
1452 901 1488 955 de
1498 916 1554 971 qne
1564 901 1672 956 dicitur
1683 901 1808 957 Sedebit
1817 918 1870 973 po-

142 989 334 1061 iurtitudinis,
350 1006 417 1062 quse
432 994 478 1046 est
489 992 517 1044 in
532 991 695 1046 tolerandis
709 990 861 1046 adversis.
874 992 978 1045 Amen.
1033 990 1121 1062 paulus
1134 1005 1217 1044 inens
1229 990 1258 1043 iu
1270 989 1495 1061 pulcbritudine
1506 989 1591 1060 pecie
1601 989 1783 1059 (lseixxxn),
1801 994 1878 1059 etc.,'

355 1078 425 1135 Alie
441 1079 588 1151 expositio
602 1078 745 1151 eiusdem.
1035 1078 1086 1133 ubi
1102 1095 1159 1132 nou
1176 1079 1231 1133 erit
1254 1077 1382 1147 emplius
1398 1077 1502 1142 Satan,
1519 1093 1574 1132 nec
1590 1077 1685 1133 molus
1712 1093 1867 1134 occursus.

177 1167 350 1223 Possumus
365 1167 452 1223 etiam
468 1165 655 1238 supradictas
663 1167 822 1237 petitiones
832 1181 980 1237 exponere
1035 1166 1098 1222 Sed
1109 1166 1205 1222 libera
1216 1182 1270 1221 nos
1280 1181 1297 1222 a
1307 1165 1391 1229 malo,
1401 1166 1486 1237 qnasi
1498 1165 1575 1219 dicat
1587 1181 1593 1219 :
1604 1165 1731 1221 Ducnoe
1741 1167 1778 1220 ad
1788 1167 1868 1221 ilium

140 1271 194 1326 pro
208 1255 248 1310 iis
264 1271 332 1328 quse
347 1255 478 1311 babituri
492 1271 597 1311 sumus
612 1255 643 1310 in
658 1255 760 1326 patria,
777 1259 819 1324 ut,
838 1254 980 1310 Sonotiii-
1035 1258 1153 1323 statum,
1176 1255 1226 1327 qui
1246 1258 1293 1309 est
1314 1254 1443 1308 omnium
1467 1253 1609 1308 bonorum
1636 1258 1868 1327 congregatione

139 1351 229 1400 cetur
243 1360 351 1400 nomen
363 1350 452 1411 tuum,
467 1349 609 1416 quantum
624 1343 662 1397 ed
676 1347 807 1414 apertam
823 1344 977 1412 visionem,
1034 1345 1222 1414 perlectuset
1232 1344 1362 1398 omnium
1374 1343 1518 1397 melorum
1529 1342 1692 1412 privatione
1702 1343 1866 1414 jucundae,

138 1432 229 1505 qussi
242 1432 324 1488 dicet
338 1447 346 1488 z
361 1431 442 1498 Quod
456 1448 534 1488 nune
549 1433 765 1503 perspeculum
776 1433 807 1487 in
822 1433 980 1504 aeeigmete
1035 1431 1083 1486 nbi
1100 1447 1170 1487 rere
1186 1432 1299 1486 erimus
1315 1431 1431 1487 liberati
1446 1447 1462 1486 a
1478 1432 1564 1486 male.
1577 1430 1649 1486 Haec
1665 1435 1868 1488 eutomultima

138 1519 291 1589 videmus,
307 1535 382 1590 pura
397 1525 426 1576 et
440 1520 603 1590 sineterra,
613 1522 679 1576 sine
690 1520 786 1575 medio
795 1519 894 1590 aliquo
905 1519 979 1574 incia
1034 1521 1179 1589 expositio
1189 1520 1309 1574 multem
1320 1519 1866 1590 admirationem,miramdevetioucm,

135 1607 296 1665 adiectam
311 1607 476 1665 videamus.
486 1608 638 1665 Adveniet
649 1625 773 1680 regnum
790 1613 879 1676 tnnnr,
889 1623 979 1679 quen·
1033 1608 1225 1664 medullarem
1240 1608 1468 1664 exsultationem
1484 1612 1512 1664 et
1527 1609 1643 1678 plenem
1659 1608 1755 1665 laudis
1766 1625 1869 1681 perso·

136 1698 201 1751 tun
215 1695 254 1752 ed
271 1696 385 1752 iirmam
402 1697 605 1766 intentionem,
624 1697 699 1751 utin
715 1699 979 1769 aeternumregne·
1034 1696 1176 1752 tutionem
1192 1696 1327 1767 requirit.
1344 1695 1380 1751 lit
1399 1697 1513 1751 suntin
1532 1711 1566 1751 ea
1581 1697 1649 1751 miri
1671 1700 1699 1753 et
1714 1697 1867 1753 inenerra-

137 1800 221 1841 mus.
233 1784 306 1840 Fiat
319 1785 454 1841 voluntas
465 1792 522 1849 tue,
546 1789 687 1856 quantum
698 1785 734 1841 ad
745 1791 979 1840 consummatam
1034 1784 1111 1839 biles
1123 1784 1378 1854 contemplationis
1387 1785 1529 1840 thesauri.
1540 1783 1599 1840 Sed
1609 1800 1667 1838 non
1675 1785 1803 1855 reilleio,
1812 1801 1867 1841 nec

132 1873 340 1943 dilectionem,
357 1889 423 1946 quae
439 1874 525 1944 plone
540 1878 685 1929 amantem
696 1874 725 1927 in
740 1877 867 1929 ornatum
883 1877 978 1929 trans·
1035 1872 1144 1946 dignus
1153 1890 1219 1930 sum
1230 1889 1282 1929 eoa
1293 1873 1478 1944 dispensare,
1491 1888 1545 1929 noc
1556 1888 1666 1944 ponere
1676 1873 1716 1927 ibi
1725 1890 1759 1929 es
1771 1890 1867 1928 meum

128 1962 249 2018 formet
260 1977 269 2033 ς
282 1965 313 2019 et
324 1965 395 2017 tunc
410 1963 616 2032 exponendum
628 1967 674 2018 est
690 1962 766 2017 sicut
782 1963 937 2027 increloct
948 1964 979 2016 in
1035 1961 1216 2017 immundum
1237 1964 1362 2016 maxima
1378 1977 1444 2016 cum
1461 1961 1555 2016 nariam
1577 1963 1659 2034 regis
1675 1962 1801 2016 dssueri
1822 1962 1867 2016 in-

131 2057 238 2121 terra,
249 2050 367 2107 scilicet
382 2052 460 2106 sicut
470 2050 637 2124 mappella,
650 2054 678 2105 et
692 2051 722 2105 in
738 2050 977 2106 hominibusiiat.
1035 2051 1118 2122 gredi
1134 2067 1192 2106 non
1209 2052 1342 2120 audeam,
1358 2066 1416 2104 non
1428 2055 1551 2105 vocatus
1566 2051 1741 2121 (Estb.1v);
1758 2056 1784 2105 et
1800 2051 1867 2106 ideo

124 2138 255 2197 Panem
282 2145 414 2196 nostruin
438 2140 656 2212 priotidionum,
679 2143 752 2207 ete,
775 2143 915 2210 qnantum
942 2139 977 2194 ud
995 2131 1214 2210 Rsiiiipliciteti
1229 2144 1340 2193 nestrae
1351 2137 1576 2209 sufficiantque.
1587 2139 1808 2208 supradiximus
1825 2139 1867 2193 io·

118 2229 352 2285 saevissimam
368 2228 556 2296 irnitioncm3
576 2232 603 2283 et
619 2228 828 2298 exponendum
848 2230 895 2283 est
909 2233 978 2282 tuuc
1035 2228 1078 2282 ris
1092 2231 1121 2282 in
1137 2228 1212 2282 etrio
1228 2227 1400 2282 existentes.
1417 2226 1590 2297 lpseeutem
1606 2226 1744 2281 Christus
1759 2227 1795 2280 ad
1811 2242 1866 2281 nos

111 2317 351 2391 quotidianum,
369 2317 493 2385 seilicet,
510 2315 692 2384 continuum,
713 2317 780 2387 quia
797 2331 918 2386 semper
931 2320 979 2371 ost
1034 2316 1230 2371 inclementiae
1240 2315 1358 2386 signum
1370 2315 1610 2386 aureamvirgem
1622 2314 1865 2384 extendetOEstb.

111 2405 176 2463 itii
194 2405 277 2475 dias,
293 2408 322 2462 et
336 2405 542 2476 exponendum
566 2410 613 2459 est
632 2404 721 2460 bodie
735 2419 789 2475 pro
804 2405 977 2471 eternitate,
1033 2406 1074 2474 v),
1090 2407 1122 2459 ut
1136 2403 1289 2474 pessimus
1305 2416 1411 2457 secure
1423 2402 1458 2455 ad
1474 2401 1570 2472 ipsum
1585 2402 1705 2470 intrare,
1720 2405 1749 2456 at
1764 2417 1866 2457 secum

107 2509 206 2566 quie
220 2508 283 2550 nen
305 2493 394 2549 babet
419 2494 599 2565 preteritum
615 2493 661 2548 val
685 2492 836 2563 iuturum3
863 2493 917 2547 sed
932 2495 979 2551 eat
1033 2493 1063 2546 iu
1077 2496 1220 2548 eternum
1234 2505 1373 2563 regnare.
1388 2490 1470 2555 Quod
1486 2491 1550 2561 ipse
1571 2494 1714 2561 praestere
1728 2489 1866 2562 dignetur

99 2586 198 2641 tote
210 2582 315 2650 simul,
331 2585 360 2638 at
374 2581 481 2637 malins
495 2597 548 2652 por
571 2597 707 2653 praesens
723 2584 848 2636 notatur.
866 2581 905 2635 b't
925 2580 973 2636 di·
1034 2581 1084 2652 qui
1100 2584 1146 2635 est
1161 2580 1190 2634 in
1205 2580 1316 2635 sarcula
1329 2578 1513 2634 benedictus.
1529 2579 1634 2634 Amen.

969 2875 1037 2986 ll·

331 3106 671 3188 nnmrn‘mo
700 3107 782 3186 nn
812 3103 1250 3186 secernamus
1276 3107 1332 3185 Β.
1362 3106 1420 3184 ν.
1450 3103 1680 3185 nenne

799 3284 929 3355 Scilicet,
944 3285 1012 3340 Are
1026 3283 1135 3340 Maria.

176 3572 201 3629 t.
217 3573 297 3641 Are,
308 3572 419 3641 Mario,
430 3573 529 3644 pratia
540 3571 637 3644 piena,
649 3570 792 3627 Dominus
803 3576 908 3636 tecum,
920 3573 977 3625 etc.
993 3551 1019 3614 0
1035 3573 1063 3624 at
1078 3584 1183 3625 omnes
1196 3568 1232 3624 ed
1249 3569 1409 3642 imaginem
1433 3573 1513 3627 tuam
1528 3569 1651 3627 iecisti?
1675 3570 1790 3639 Nonne,
1806 3572 1867 3628 Do-

141 3657 218 3733 Tibl,
227 3660 660 3732 Dominelieuemens,gratias
669 3659 978 3730 qaaspossumreiero
1034 3658 1241 3725 mine,seereta
1253 3660 1566 3730 consueveruntpandi
1577 3659 1768 3741 amieistGur
1778 3677 1866 3730 nunc,

142 3765 179 3807 ex
193 3749 309 3806 intimis
322 3750 499 3820 precordiis
514 3751 599 3817 meis,
611 3748 663 3820 qui
676 3764 730 3819 pro
745 3749 832 3804 nobis
848 3749 978 3820 indignis
1034 3747 1168 3816 Domine,
1185 3747 1324 3810 inimicis,
1341 3748 1651 3820 etmaximamibi,qui
1666 3765 1682 3803 e
1698 3750 1808 3804 vertice
1820 3765 1866 3804 ca·

146 3839 285 3911 dignatus
300 3853 334 3894 es
347 3844 481 3893 nostram
502 3843 636 3892 naturam
657 3852 824 3902 assumere,
841 3838 979 3910 virginali
1033 3836 1104 3908 pitis
1115 3850 1210 3906 usqua
1229 3835 1264 3889 ud
1280 3836 1500 3906 plantempodis
1512 3836 1639 3891 iniectus
1650 3853 1728 3906 sum,
1745 3843 1773 3892 et
1788 3840 1867 3895 totus

144 3933 225 3984 utero
238 3926 381 3999 bajulari,
408 3930 436 3980 rt
450 3942 487 3982 er
501 3942 535 3982 ea
560 3927 676 3981 scilicet
700 3925 822 3999 Virgine
838 3943 977 3991 nascens,
1033 3924 1166 3980 tendoad
1178 3939 1288 3995 ceques
1301 3929 1370 3978 sunt
1383 3927 1440 3979 tuoe
1458 3926 1602 3980 conuerte
1618 3926 1758 3981 voluntati
1770 3928 1784 3981 ἱ)
1798 3925 1866 3994 Cur,

144 4016 215 4074 lacte
227 4016 299 4090 ejus
313 4016 430 4085 nutriri,
440 4015 507 4087 ejus
523 4017 620 4099 lovari
634 4017 760 4088 gremio,
778 4019 806 4071 et
820 4016 889 4087 ejus
905 4017 978 4071 sub·
1034 4014 1166 4081 Domine,
1174 4016 1231 4066 tarn
1244 4012 1343 4067 nobile
1354 4013 1739 4077 donum‚tamexcallentem
1749 4015 1867 4071 thesen-

143 4105 189 4178 iiai
207 4106 337 4178 irnperio
357 4106 408 4178 qui
423 4105 520 4161 omnia
536 4120 711 4175 conserves,
726 4109 755 4161 et
776 4106 869 4178 regis,
886 4105 979 4177 etqui
1033 4117 1097 4156 rum
1112 4105 1163 4155 tuo
1179 4100 1386 4156 infidelissimo
1400 4116 1488 4156 servo
1504 4105 1532 4156 et
1542 4102 1728 4172 nequissime
1738 4100 1868 4157 dedisti?

92 4215 96 4221 ·
142 4210 186 4252 na
199 4193 413 4251 ietidissimam
428 4193 552 4261 saniem,
574 4198 603 4250 et
622 4193 832 4264 turpitudinem
848 4194 979 4251 detesta-
1032 4188 1149 4258 Nonne,
1167 4188 1302 4256 Domine,
1325 4188 1376 4243 tibi
1391 4189 1509 4245 violetur
1527 4190 1607 4261 quod
1630 4206 1689 4244 non
1712 4189 1865 4260 honorem,

144 4284 244 4354 bilem,
259 4284 480 4340 abominatione
493 4283 614 4354 plenum
633 4287 662 4338 at
678 4283 757 4337 omni
772 4283 859 4337 venia
874 4288 903 4338 et
917 4283 978 4337 ele·
1033 4278 1087 4334 sed
1107 4277 1257 4333 derideem
1283 4276 1405 4331 lintrem
1420 4279 1524 4333 tuam?
1544 4277 1696 4345 Quomodo
1718 4278 1867 4348 superbus

142 4373 248 4429 mentia
274 4372 429 4444 indignum
444 4373 585 4445 dignatus
600 4386 634 4427 es
650 4375 760 4427 tontum
777 4371 929 4426 illustrare
948 4374 981 4425 ut
1034 4366 1185 4436 humilem,
1202 4367 1261 4421 imo
1282 4365 1509 4420 immitissimam
1530 4366 1778 4436 superbissimus,
1799 4381 1867 4421 caa-

142 4461 236 4517 sciam
252 4460 378 4519 Matrem
394 4461 522 4526 babere;
539 4459 596 4515 hoc
611 4460 979 4531 mibiindignissimoeon·
1033 4455 1178 4510 tissimum
1193 4455 1460 4524 immundissimus,
1479 4455 1728 4521 scelestissimam,
1746 4455 1805 4510 imo
1820 4454 1867 4511 di·

142 4550 265 4606 cessisti
281 4555 313 4605 ut
327 4549 423 4621 ipsam
438 4550 552 4618 possim
575 4553 603 4603 et
618 4548 740 4604 audeam
761 4548 901 4603 salutare.
912 4548 979 4603 Non
1032 4544 1217 4598 vinissimem
1233 4542 1416 4597 vanissimus
1436 4547 1464 4596 et
1485 4543 1720 4614 terrenissimus,
1737 4542 1867 4598 sericiis·

140 4639 231 4707 aim,
248 4636 384 4707 Domine,
407 4637 504 4693 iecisti
525 4637 624 4692 taliter
643 4637 722 4691 omni
737 4636 860 4705 nationi,
878 4639 907 4692 et
923 4637 979 4691 hoc
1033 4630 1867 4702 simomimpiisimus,blotremlioiiiliusdinbelisnlutare

142 4740 291 4780 summum
313 4724 492 4779 banetlcinm
516 4740 574 4778 non
597 4723 794 4778 meniieatasti
818 4724 863 4777 eis
884 4722 977 4790 (Psal.
1034 4721 1219 4792 praesumat?
1235 4719 1292 4775 Ubi
1301 4723 1357 4789 est,
1371 4719 1492 4775 Domine
1508 4720 1580 4775 lecu
1597 4719 1685 4788 bone,
1702 4719 1867 4775 reverentia

139 4815 262 4883 aare).
271 4812 329 4868 Ubi
340 4812 579 4880 estliemine,ille
591 4816 660 4866 tuus
670 4811 831 4882 peculiaria
840 4811 977 4881 populus,
1033 4810 1136 4864 bletris
1152 4810 1234 4864 tuest
1253 4807 1313 4863 Cur
1324 4808 1412 4864 telem
1429 4810 1558 4864 salutare
1578 4808 1746 4880 permittis?
1765 4808 1834 4876 Sed,
1849 4822 1866 4862 o

138 4901 276 4974 quentin
297 4916 386 4956 manu
400 4901 510 4972 potenti
525 4905 555 4956 ct
568 4900 690 4955 brachio
707 4902 824 4954 extento
845 4900 881 4954 de
902 4903 978 4954 terre
1034 4898 1169 4968 piissime
1184 4897 1268 4963 lesu,
1281 4900 1403 4968 propter
1416 4901 1495 4952 tuam
1510 4911 1582 4969 erga
1596 4913 1652 4952 nos
1668 4897 1786 4951 nimiam
1799 4897 1867 4952 cha·

139 4988 265 5062 AEgppti
282 5005 337 5060 por
350 4988 501 5043 desertum
518 4988 672 5044 interram
695 4987 907 5059 promissionis
923 4988 978 5042 du·
1035 4986 1149 5041 ritatem
1165 5001 1263 5041 nonne
1279 4986 1391 5042 suiiieit
1408 4989 1436 5039 te
1452 4986 1530 5041 omni
1546 4984 1658 5041 demant
1674 4988 1704 5041 at
1718 4986 1796 5042 omni
1815 5001 1867 5041 os-

139 5077 214 5134 xisti
233 5080 273 5134 tot
297 5077 395 5150 signia
418 5080 448 5132 et
468 5076 617 5149 prodigiis
647 5076 874 5149 magniltcentiae
898 5077 979 5132 tuae?
993 5087 1020 5150 D
1035 5075 1158 5129 tentetui
1174 5077 1297 5145 propter
1311 5089 1367 5129 nos
1387 5073 1565 5144 subjacere;
1581 5074 1636 5128 sed
1651 5074 1773 5129 blatrem
1789 5077 1868 5130 tuam

138 5164 237 5237 (esai.
249 5164 376 5237 cxxxv.)
390 5165 506 5236 Nonne,
518 5166 771 5233 Domine,isteest
782 5167 908 5235 populus
918 5166 977 5234 ille,
1034 5163 1095 5235 jani
1110 5164 1147 5218 nd
1163 5169 1241 5218 tunm
1267 5162 1417 5217 sedentem
1434 5162 1595 5230 dexteram,
1612 5163 1757 5232 permittis
1774 5163 1868 5234 pollu-

139 5254 190 5310 eul
204 5252 265 5309 hoe
277 5252 456 5309 beneficium
470 5253 660 5325 promisisti?
674 5253 734 5308 Cur
750 5267 823 5325 ergo
845 5269 903 5309 non
920 5254 979 5308 illis
1035 5253 1074 5308 tis
1090 5252 1323 5319 labiistraetare,
1336 5255 1366 5305 nt
1376 5249 1477 5321 pessis
1489 5249 1689 5306 cordenostra
1699 5253 1750 5308 tuo
1760 5257 1788 5307 et
1800 5251 1867 5325 eius

139 5343 203 5399 tuls
218 5343 394 5411 cultoribus,
411 5343 465 5398 sed
480 5344 568 5398 nobis
588 5342 752 5397 idololatris
768 5346 796 5396 et
810 5342 978 5397 infidelibus
1034 5341 1215 5396 inltnmmnro
1231 5339 1353 5394 artiore?
1369 5338 1490 5393 Nonest
1506 5339 1626 5394 dubium
1642 5340 1720 5395 enim
1736 5341 1814 5412 quod
1825 5341 1869 5395 in·

139 5431 199 5487 boe
223 5434 305 5487 tunm
331 5445 479 5487 summum
498 5431 677 5486 beneileium
695 5433 862 5485 reserasti?
883 5432 979 5496 tiuare
1034 5430 1203 5503 dignissimi
1213 5444 1329 5497 sumus,
1346 5432 1374 5484 et
1385 5428 1473 5483 eredo
1484 5428 1608 5484 tirmiter
1623 5429 1702 5500 qnod
1717 5429 1817 5485 nullus
1828 5429 1867 5484 sit

138 5518 231 5576 nobis
245 5519 533 5591 paneis,oemmulti
547 5520 677 5592 etquasi
693 5519 908 5591 intinitipopnli
923 5519 979 5576 hoe
1034 5519 1168 5574 caelestis
1194 5517 1320 5591 angelus
1344 5517 1394 5589 qui
1419 5532 1494 5589 eam,
1519 5521 1551 5573 nt
1581 5517 1670 5591 digne
1694 5520 1750 5588 est,
1772 5516 1868 5573 valeat

136 5609 308 5683 ignorem?
319 5608 426 5667 Nonne
441 5608 575 5681 Βοωιιιο,
586 5609 797 5665 universorum
807 5622 841 5665 es
852 5611 979 5680 creator,
1034 5609 1163 5665 sainture
1177 5608 1302 5680 :quanto
1318 5605 1481 5680 magisego
1493 5605 1703 5685 indignissima
1713 5605 1868 5663 creature?
