3900 6112
1833 288 1901 350 teat

662 287 901 350 commune]
923 272 1185 347 aeohmrlso.
1208 284 1416 348 aversam

180 291 259 353 1431

180 489 294 545 Domini
310 493 338 543 et
362 487 553 559 Sanguinem,
571 487 676 539 iterum
692 485 720 536 ia
744 498 849 553 panem
866 484 894 535 et
911 481 1012 534 vinnm
1028 470 1056 528 A
1071 481 1221 536 tummode
1236 497 1272 535 an
1291 482 1458 537 Dcushanc
1473 485 1659 538 mutationem
1678 486 1760 555 velit,
1777 487 1902 556 requira-

178 579 297 634 reverti.
314 577 445 642 Quorum
460 576 590 629 omnium
606 574 770 640 erroribus,
786 570 1012 644 sicutDominus
1071 587 1146 624 mue.
1178 571 1245 639 Sed,
1263 572 1351 639 absit,
1371 560 1514 643 inquiunt,
1532 578 1561 627 ut
1585 589 1718 644 unquam
1742 576 1801 629 hoo
1831 576 1902 632 Deus

179 668 302 735 dederit,
317 667 439 720 obviare
456 665 643 718 tentabimus.

215 757 301 811 Nune
311 756 437 826 primum
450 751 818 823 Derangarinnisutrisque
830 747 1014 817 respondea-

180 862 257 900 mus¹
276 846 324 898 lsti
336 844 452 910 etenim,
470 842 623 896 licetinter
639 857 672 895 se
691 837 801 893 diversi
817 838 886 902 sint,
914 840 1014 890 contra

180 949 236 988 nos
253 937 348 987 tamen
365 948 451 985 unam
468 931 577 984 habent
591 944 665 998 peno
681 928 868 993 sententiam,
881 927 908 980 et
920 941 1013 996 argu·

180 1022 287 1075 montis
299 1023 432 1074 nituntur
447 1019 570 1073 eisdem.
590 1017 714 1086 Utrique
724 1017 801 1070 enim
811 1014 882 1068 nihil
894 1014 930 1067 de
942 1028 1016 1082 pane

181 1113 208 1164 et
223 1110 292 1163 rino
308 1108 413 1162 mutari
430 1105 629 1160 essentialiter
644 1109 794 1158 asserunt.
825 1104 911 1156 Nunc
925 1119 1016 1173 argu·

181 1202 277 1252 manta
288 1213 391 1251 eorum
407 1196 571 1261 rideamus,
582 1210 616 1247 ae
630 1195 757 1264 primum
769 1193 838 1264 quid
854 1193 889 1246 dc
913 1196 1016 1245 natura

180 1289 317 1341 asserant
332 1284 537 1338 discutiamus.
551 1283 624 1336 Nam
636 1298 702 1336 cum
719 1282 829 1350 dieunt,
847 1297 903 1334 non
920 1282 1017 1349 potest

181 1376 257 1429 hanc
268 1375 456 1429 mutationem
470 1377 571 1426 natura
580 1373 648 1441 pati,
658 1375 707 1425 aut
717 1370 853 1425 absolute
865 1373 892 1424 et
902 1370 1016 1440 absque

181 1462 239 1517 ulla
255 1462 427 1531 exceptione
444 1460 543 1514 dicere
568 1460 625 1512 boc
649 1459 757 1512 bahent
785 1462 816 1511 ut
841 1456 1016 1510 nullatemus

181 1552 308 1618 scilicet,
320 1566 374 1604 nec
386 1550 501 1603 volente
510 1549 581 1614 Deo,
591 1549 646 1600 hoe
658 1548 763 1616 possit,
777 1550 826 1600 aut
839 1562 905 1600 cum
920 1545 1016 1614 aliqua

181 1641 365 1710 exceptione.
378 1638 449 1692 Atei
466 1637 601 1691 absolute
612 1639 639 1690 et
648 1636 762 1705 absque
777 1636 836 1689 nlla
845 1633 1016 1704 exceptione

182 1730 293 1797 dieunt,
311 1730 437 1798 primum
456 1727 573 1796 quidem
590 1724 748 1778 voluntatis
773 1724 827 1778 Dei
842 1722 1017 1777 manifestos

1068 658 1154 713 veliti
1173 659 1240 715 Non
1255 662 1331 714 enim
1347 660 1391 715 ias
1408 667 1455 715 est
1472 661 1623 717 Christum
1645 664 1791 718 dentibus
1816 667 1904 720 atteri.

1068 747 1131 818 Ego
1148 763 1219 802 vero
1236 749 1263 802 in
1280 750 1384 817 primis
1400 766 1501 819 quaero
1516 752 1586 820 quid
1612 751 1715 805 dicant
1735 753 1903 824 significare

1068 836 1204 890 alteri&
1217 839 1294 890 enim
1307 838 1476 910 intelligunt
1486 841 1906 914 atteri,velutpressiustangi

1068 929 1116 978 aut
1127 925 1233 980 lortius
1246 928 1557 999 premi,quaeroquare
1569 945 1627 982 non
1642 931 1683 984 sit
1695 929 1742 984 ias
1761 930 1904 986 Christum

1068 1015 1207 1069 dontibus
1225 1017 1324 1070 atteri?
1335 1016 1408 1069 Nam
1426 1017 1453 1070 si
1468 1017 1580 1071 idcireo
1597 1017 1656 1072 hoo
1673 1019 1776 1088 ipsum
1799 1023 1906 1074 nonest

1069 1102 1125 1173 ias,
1142 1104 1210 1174 quia
1226 1120 1283 1158 non
1293 1104 1390 1174 possit
1405 1106 1480 1175 fieri,
1496 1106 1598 1161 eadem
1614 1107 1692 1161 ratio
1708 1112 1758 1162 est
1774 1111 1904 1178 quamde

1068 1195 1171 1247 natura
1188 1194 1298 1261 dicunt,
1316 1194 1430 1248 seilicet
1444 1196 1513 1264 quia
1528 1198 1632 1250 natura
1649 1210 1712 1251 non
1723 1199 1826 1267 potest
1843 1200 1901 1268 pati.

1069 1281 1104 1334 Fr
1120 1282 1242 1334 nimium
1258 1284 1433 1337 veneratio.
1451 1283 1538 1338 Nulla
1553 1284 1665 1355 quippe
1681 1300 1786 1338 rerum
1802 1286 1904 1356 impos-

1069 1370 1196 1424 sibilitas
1213 1373 1310 1440 potest
1334 1371 1476 1442 impedire
1505 1373 1689 1427 voluntalem
1707 1374 1775 1427 Dei.
1804 1374 1904 1428 Deinde

1069 1474 1162 1529 quere
1193 1475 1249 1513 non
1280 1461 1377 1529 possit
1405 1460 1543 1515 dentibus
1558 1461 1665 1532 premi,
1697 1463 1750 1532 qui
1777 1463 1903 1518 manibus

1069 1547 1190 1602 Thomao
1205 1553 1233 1602 et
1243 1552 1311 1618 post
1321 1551 1572 1603 resurrectionem
1587 1552 1686 1621 potuit
1701 1554 1868 1606 attrectari?
1876 1552 1904 1605 Et

1069 1639 1180 1691 sanctae
1198 1637 1464 1708 mutieres,quibus
1481 1640 1609 1694 occurrit
1625 1642 1696 1710 post
1708 1642 1904 1696 resurrectio·

1071 1726 1295 1796 nem,soriptum
1307 1732 1352 1781 est
1366 1727 1433 1797 qnia
1451 1729 1608 1783 tenuerunt
1618 1728 1715 1799 pedes
1728 1729 1810 1801 ejus.
1828 1730 1905 1783 Nulla

109 1859 112 1862 >
181 1819 371 1873 adversarios
388 1812 1057 1884 seossedeclarant,dmnaialiquidimpos-13
1072 1830 1197 1885 namque
1214 1817 1287 1870 ratio
1303 1819 1348 1870 cst
1364 1820 1394 1869 ut
1417 1832 1474 1871 non
1490 1818 1586 1886 possit
1600 1821 1728 1890 tangere
1746 1820 1823 1873 dens
1837 1819 1906 1889 quod

182 1908 270 1962 sibile
287 1922 355 1961 esse
375 1906 558 1960 confirmant.
581 1904 640 1972 lpsi
661 1902 786 1972 deniqne
811 1902 929 1970 seipsos
950 1892 1017 1954 des·
1071 1906 1164 1976 tangit
1180 1921 1295 1969 manum
1315 1921 1381 1959 nam
1394 1905 1647 1974 sicutadmanus,
1660 1908 1699 1961 ita
1723 1911 1754 1962 et
1776 1909 1811 1962 ad
1825 1912 1905 1962 totum

181 1990 1015 2065 truuntquotiesillum,quemdixisti,psalmiversiculum
1070 2009 1178 2061 corpus
1190 1994 1314 2062 pertinet
1326 1993 1790 2067 tactusQuarequidquidtungit
1800 2012 1904 2063 manus,

183 2088 306 2138 canunt:
319 2083 420 2136 Ornnia
433 2097 608 2152 quecunque
619 2081 761 2134 Dominus
770 2077 938 2133 rotaitsccit
949 2078 1014 2147 (Ps.
1067 2085 1165 2151 potest
1176 2086 1203 2135 et
1221 2085 1281 2137 toto
1298 2098 1421 2151 corpore
1434 2083 1514 2154 tangi
1526 2099 1532 2138 :
1543 2087 1643 2153 potest
1659 2085 1757 2156 igitur
1768 2089 1797 2139 et
1820 2085 1906 2140 denti·

183 2174 313 2242 cxxxiv).
327 2171 400 2225 Nam
414 2170 651 2224 siversumhnnc
665 2184 723 2221 non
731 2167 888 2236 recipiunt,
905 2165 1015 2219 frustra
1067 2169 1125 2223 bns
1143 2171 1329 2242 tangiPorro
1341 2171 1418 2242 quod
1435 2175 1531 2241 potest
1545 2172 1592 2227 vel
1609 2174 1723 2227 leviter
1735 2175 1830 2245 tangi,
1848 2190 1906 2228 cum

182 2278 249 2317 eum
263 2265 370 2315 canunt
384 2277 390 2328 3
405 2276 459 2313 nec
471 2260 533 2330 jam
545 2258 699 2312 Dominum
715 2257 943 2326 omnipotentem
953 2271 1015 2309 ore·
1068 2259 1195 2313 solidum
1212 2262 1376 2330 corpussit,
1394 2277 1446 2315 cur
1456 2277 1512 2314 non
1529 2263 1626 2330 possit
1638 2263 1906 2331 etiamjiortinscula

181 2351 263 2420 dunt,
280 2351 327 2404 cui
344 2349 453 2403 volenti
475 2354 607 2401 naturam
624 2348 750 2417 aliquam
765 2345 908 2399 resistere
923 2360 1015 2414 posse
1067 2349 1158 2418 tangi,
1175 2348 1252 2419 quod
1269 2353 1315 2403 est
1329 2350 1435 2404 atteri‘.>
1450 2350 1481 2404 Si
1497 2366 1568 2421 ergo
1580 2366 1694 2422 corpus
1715 2352 1836 2406 Domini
1849 2357 1906 2422 post

183 2440 372 2494 contendunt.
388 2439 418 2492 Si
434 2441 530 2492 autem
559 2437 785 2505 omnipotentem
800 2450 858 2488 non
881 2433 1013 2502 credunt,
1068 2438 1318 2492 resurrectionem
1336 2439 1471 2492 manibus
1482 2438 1603 2492 Thomas
1614 2439 1793 2508 apostolici
1804 2446 1905 2495 sancta·

182 2545 237 2583 nec
253 2530 346 2582 Deum
368 2527 500 2581 credunt.
527 2526 686 2579 Nenenim
703 2540 771 2577 vere
789 2525 868 2576 Deus
897 2521 1015 2592 estqui
1068 2543 1131 2580 rum
1151 2527 1305 2580 mulierum
1322 2527 1515 2599 potuittangi‚
1533 2528 1906 2584 curhodieaeredentinm

183 2616 335 2688 quodvult
350 2633 407 2670 non
422 2620 528 2686 potest.
545 2614 601 2669 Sed
619 2613 710 2667 Deum
722 2613 790 2681 ipsi,
806 2614 837 2665 ut
851 2614 931 2682 puto,
949 2627 1014 2665 cre·
1069 2616 1275 2670 dentihnsnon
1291 2616 1442 2686 possitvel
1454 2617 1549 2671 levius
1565 2617 1770 2688 velpressins
1786 2621 1873 2691 tangi,
1884 2619 1905 2671 id

183 2706 252 2760 dere
269 2721 302 2759 se
319 2721 376 2759 non
393 2707 510 2775 negant.
531 2703 687 2772 llecipiant
711 2701 811 2772 igitur,
829 2700 897 2770 quia
920 2701 1015 2753 omm'a
1069 2707 1115 2759 est
1142 2704 1237 2773 atteri,
1250 2705 1328 2758 nulla
1342 2705 1461 2759 obstare
1477 2705 1550 2759 ratio
1566 2706 1695 2760 ridetur.
1712 2707 1810 2764 Porro
1822 2714 1903 2761 autem

183 2810 359 2869 quecunque
378 2793 468 2848 voluit
476 2792 618 2846 Dominus
634 2789 715 2843 fecit.
731 2788 823 2842 Simul
833 2804 903 2859 ergo
915 2803 1016 2841 noces·
1068 2794 1093 2848 si
1110 2794 1222 2847 idcirco
1238 2793 1338 2848 dieunt
1354 2809 1412 2848 non
1428 2809 1497 2848 esse
1524 2793 1569 2848 tas
1585 2793 1746 2850 Christum
1780 2797 1904 2852 dentibus

183 2885 263 2939 sario
282 2881 572 2953 recipientquoniam
586 2880 660 2932 hane
678 2879 864 2931 mutationem
874 2881 904 2930 ut
919 2876 1016 2945 possit
1068 2883 1161 2952 atteri,
1179 2898 1238 2937 non
1254 2883 1322 2952 quia
1338 2883 1523 2952 impossibile
1539 2886 1595 2950 est,
1614 2884 1669 2937 sed
1688 2899 1727 2939 eo
1744 2886 1825 2956 quod
1840 2886 1902 2938 jndi-

184 2978 288 3028 natura
304 2972 373 3042 pati,
391 2971 417 3025 si
432 2970 534 3037 voluit,
553 2967 695 3023 Dominus
709 2966 786 3020 iacit.
803 2965 835 3018 Si
849 2966 926 3019 enim
949 2965 1015 3034 ipsa
1068 2970 1904 3045 gnumvideatur;qureroiterumquareindignumdebeat

183 3062 313 3118 omnium
334 3076 431 3114 rerum
460 3062 645 3113 naturacum
674 3056 792 3109 omnino
821 3053 892 3108 nihil
922 3057 1013 3123 esset,
1068 3059 1444 3129 viderithnquianimium
1456 3059 1904 3116 Christushumiliarivideatur?

181 3152 298 3206 volente
325 3151 385 3203 Deo
401 3149 510 3202 sactum
526 3151 571 3200 est
588 3150 618 3200 ut
648 3147 738 3211 esset,
757 3144 828 3197 etin
851 3141 891 3196 to't
916 3158 1014 3196 rerum
1068 3148 1124 3203 Sed
1142 3149 1193 3218 qui
1221 3149 1398 3219 dedignatus
1421 3152 1541 3203 nonest
1558 3149 1594 3203 ob
1619 3149 1901 3215 salutemlidelium,

182 3241 282 3294 varias
304 3239 421 3309 species
438 3237 623 3302 formaretur,
641 3233 787 3304 quomodo
807 3233 891 3301 panis
907 3235 935 3284 et
953 3232 1014 3285 vini
1068 3237 1164 3308 virgis
1179 3237 1351 3306 infidelium,
1362 3252 1471 3292 corona
1486 3238 1599 3306 spinea,
1614 3253 1720 3309 cruce,
1738 3241 1841 3308 claris,
1856 3241 1904 3293 len·

182 3333 285 3382 natura
298 3326 359 3397 jam
375 3326 507 3380 existens
529 3322 634 3376 volenti
652 3321 712 3375 Deo
729 3321 858 3385 resistet,
876 3323 906 3372 ut
922 3319 968 3372 vel
986 3319 1015 3373 in
1069 3341 1132 3391 cea,
1149 3326 1237 3379 nimis
1254 3326 1509 3397 irreligiosissime
1524 3329 1667 3396 quantum
1690 3329 1724 3381 in
1740 3329 1817 3399 ipsis
1840 3334 1900 3394 erat,

183 3433 273 3472 unum
288 3416 367 3468 aliud
383 3430 440 3467 non
457 3411 675 3465 transferatur‘.l
688 3408 858 3463 l'erridiculi
868 3408 1013 3476 homines,
1067 3415 1161 3481 atteri,
1175 3414 1401 3484 sieutscriptum
1414 3419 1469 3481 est,
1482 3415 1672 3470 Attritusest
1681 3423 1812 3488 propter
1822 3416 1901 3471 scolc-

182 3508 233 3576 qui
249 3504 318 3558 dum
334 3519 367 3555 se
397 3501 576 3555 defensitare
601 3502 733 3552 naturum
760 3497 938 3564 existimant,
956 3498 1014 3549 vim
1069 3520 1102 3557 ra
1117 3509 1218 3557 nostra
1229 3503 1378 3571 lisama),
1390 3505 1415 3556 is
1426 3519 1479 3574 pro
1490 3503 1584 3558 salute
1594 3506 1777 3560 eorumdem
1787 3506 1902 3559 fidelium

182 3597 296 3647 naturae
309 3607 341 3644 se
351 3590 447 3658 potius
460 3591 597 3660 ignorare
609 3585 825 3641 demonstranti
841 3586 926 3654 Nam,
939 3586 1016 3639 sicut
1068 3592 1206 3647 dentibus
1215 3594 1346 3662 ipsorum
1358 3591 1824 3664 dedignaturreligiosissime,in
1833 3610 1899 3665 quan

181 3685 212 3735 tu
229 3681 293 3749 ipse
306 3680 436 3746 testaris,
455 3680 504 3748 qui
520 3694 574 3746 per
593 3681 683 3731 artem
699 3676 853 3731 medicinae
882 3676 1015 3728 ciborum
1067 3682 1242 3736 tumvatent
1266 3680 1422 3735 atterit&
1438 3681 1516 3735 enim
1531 3681 1560 3735 id
1581 3682 1660 3752 quod
1680 3689 1748 3737 erat
1764 3684 1902 3754 indignius

182 3773 303 3824 naturas
328 3773 355 3822 ct
371 3768 520 3821 hominum
547 3768 633 3833 nosti,
652 3765 781 3836 quotidie
804 3767 908 3818 natura
929 3763 1015 3832 panis
1068 3787 1120 3841 ppo
1136 3770 1223 3825 nobis
1236 3770 1364 3840 partulit,
1382 3770 1528 3841 quamodo
1543 3770 1622 3840 quod
1639 3771 1746 3826 minus
1763 3773 1903 3845 indignum

182 3874 270 3930 ‘1⁰⁰m
285 3857 479 3924 ⁰0fflssdiffltlsss
497 3859 525 3910 θῑ
540 3857 597 3909 Vini
606 3855 683 3926 t1¹1⁰d
693 3855 832 3921 bibimus,
846 3852 1016 3906 naturaliter
1068 3863 1114 3914 est
1128 3859 1339 3931 dedignabitur
1352 3859 1411 3928 pati
1422 3858 1569 3912 ‘illexime
1587 3873 1656 3912 cnm
1689 3861 1774 3914 sicut
1790 3860 1903 3931 oportuit

181 3946 212 4001 in
228 3949 359 4001 nostram
371 3962 489 3999 curnem
504 3943 857 4014 etnostrumsanguinem
869 3945 1016 3995 transmu·
1070 3949 1224 4003 Dominum
1240 3949 1343 4003 „lesum
1367 3946 1529 4012 Christum,
1548 3947 1576 3999 in
1592 3947 1677 4018 ligno
1696 3951 1854 4020 suspendi,
1878 3951 1903 4002 ut

181 4035 267 4090 tatur.
284 4035 368 4100 Quod
384 4036 410 4089 si
427 4037 538 4088 tantum
559 4036 656 4103 potest
681 4035 785 4085 venter
809 4031 937 4084 hominis
962 4044 1016 4085 sou
1069 4053 1150 4092 mors
1166 4053 1232 4106 quae
1247 4051 1302 4107 per
1316 4034 1430 4107 lignum
1445 4036 1576 4103 venerat,
1593 4052 1648 4106 per
1665 4036 1786 4109 lignum
1818 4038 1902 4091 cruris

182 4126 268 4179 etiam
285 4124 490 4195 ‹mjuseunque
510 4123 656 4190 animalis,
674 4125 704 4175 ut
726 4135 830 4190 panem
847 4124 874 4174 et
903 4121 1014 4188 vinum,
1068 4125 1291 4195 vinceretur,ita
1304 4125 1551 4194 oporteatrevera
1562 4124 1721 4180 Christum
1732 4126 1902 4188 manducant,

180 4214 227 4269 vel
251 4228 446 4284 quoscunque
469 4214 552 4265 cibos
569 4217 643 4265 intra
668 4225 701 4263 se
717 4210 846 4278 clausos,
863 4210 892 4262 in
919 4209 1016 4262 vivum
1070 4219 1101 4268 ut
1114 4215 1182 4285 quia
1197 4217 1316 4268 veteres
1336 4211 1472 4266 homines
1488 4228 1546 4266 non
1560 4213 1701 4267 umbram
1719 4215 1848 4282 fructae,
1859 4214 1900 4268 set

181 4320 300 4357 carnem
316 4305 344 4357 ct
359 4302 459 4355 vivum
475 4301 651 4371 sanguinem
662 4299 791 4369 quotidie
807 4299 906 4367 mutet,
918 4312 1015 4351 nonne
1070 4304 1167 4373 ipsum
1183 4302 1310 4356 fructum
1326 4301 1398 4372 ligni
1415 4300 1495 4356 vetiti
1506 4302 1776 4359 verecomedendo
1792 4309 1901 4358 mortem

180 4391 370 4458 tantumdem,
388 4396 414 4444 si
430 4390 502 4457 vult,
515 4389 793 4459 poteritpraasentiae
805 4403 868 4442 sues
880 4385 1015 4455 meJesta·
1070 4393 1275 4461 susceperunt,
1289 4391 1359 4444 novi
1370 4390 1505 4445 homines
1521 4405 1580 4444 non
1596 4390 1810 4463 umbram,sed
1820 4394 1901 4463 ipsum

181 4482 229 4549 tia,
246 4480 390 4537 etvirtnte
406 4479 489 4533 verbi
501 4480 547 4531 sui
559 4478 650 4545 Deus,
667 4477 840 4531 utridalicet
850 4477 878 4529 in
895 4489 1012 4529 carnem
1072 4481 1121 4550 qui
1138 4480 1167 4533 in
1177 4479 1256 4550 ligna
1267 4478 1405 4549 pependit
1415 4477 1634 4547 obedientiae,id
1648 4484 1700 4534 est
1714 4483 1831 4548 crucis,
1844 4493 1901 4535 sere

181 4573 209 4624 ot
223 4568 399 4639 sanguinem
416 4583 502 4621 suum
520 4582 624 4636 panem
639 4565 795 4634 vinumque
812 4562 1010 4618 transformet.
1028 4566 1054 4626 D
1070 4567 1249 4623 comedendo
1265 4566 1524 4640 mortemevadant
1538 4568 1566 4621 et
1581 4567 1673 4621 vitam
1694 4566 1900 4634 sumantouod

179 4657 262 4723 Quod
278 4658 304 4711 si
315 4657 362 4710 vel
377 4659 488 4710 tantum
498 4655 597 4709 volunt
607 4655 766 4709 Christiani
778 4653 942 4707 concedere
952 4652 1011 4705 Deo

180 4751 319 4818 quantum
328 4746 610 4816 concessitpagano·
623 4760 668 4796 um
681 4759 806 4814 magnus
817 4741 1011 4811 philosophus

179 4836 271 4903 Plato,
288 4835 337 4905 qui
354 4850 452 4887 rerum
469 4840 602 4887 naturam
628 4833 700 4886 dixit
716 4847 785 4885 asse
802 4831 830 4884 id
846 4830 925 4901 quod
950 4828 1013 4882 vult

180 4924 271 4992 Deus,
298 4924 368 4994 quid
385 4939 512 4993 unquam
529 4923 583 4976 crit
611 4920 771 4974 absurdius
790 4934 877 4990 quum
893 4917 1011 4988 idquod

178 5012 240 5066 vult
256 5013 335 5066 Deus
353 5013 413 5065 Deo
430 5011 539 5065 volenti
567 5010 736 5063 contraire?
751 5008 934 5077 Quapropter
950 5006 1010 5074 isti,

179 5101 238 5154 nisi
253 5102 370 5155 omnino
388 5103 505 5154 careant
529 5099 626 5166 eorde,
644 5111 794 5166 nunquam
810 5098 848 5150 ita
877 5095 1012 5149 absolute

180 5189 277 5242 dicent
304 5194 436 5243 naturam
453 5190 640 5242 mutationem
670 5191 728 5255 pah
750 5187 808 5239 nisi
824 5186 903 5239 Deus
924 5186 1011 5251 velit,

179 5276 291 5331 frustra
306 5292 377 5347 ergo
395 5278 450 5331 hoe
461 5278 547 5349 qnasi
564 5291 704 5347 magnum
719 5275 829 5345 aliquid
841 5278 943 5329 eontra
954 5289 1010 5326 nos

179 5368 327 5418 asserunt.
350 5365 429 5418 Nihil
451 5368 528 5420 onim
550 5381 676 5435 prorsus
693 5381 746 5433 per
761 5364 931 5420 haccontra
955 5381 1011 5422 nos

159 5471 160 5474 ¹
177 5455 279 5524 agunt.
301 5452 394 5507 Nemo
409 5454 487 5506 enim
502 5454 738 5508 Christianorum
749 5454 843 5509 crodit
859 5455 934 5509 hanc
948 5457 1012 5511 lieri

178 5540 368 5598 mutationem
384 5540 442 5595 nisi
458 5556 510 5609 per
525 5543 577 5598 Dei
589 5543 778 5597 voluntatem.
797 5543 938 5599 Desinant
954 5545 1012 5617 igi-

177 5635 226 5690 tur
240 5629 365 5687 inaniter
379 5631 479 5686 dicere
497 5646 502 5684 :
521 5631 634 5689 Nature
650 5648 709 5689 non
725 5632 849 5704 petitum
867 5637 895 5689 et
906 5634 934 5690 id
949 5637 1012 5692 tan·

1069 4656 1241 4728 mpsterium
1250 4656 1343 4710 lsaias
1355 4655 1550 4726 prophetasse
1562 4655 1696 4726 videtur,
1711 4659 1763 4713 ubi
1782 4661 1841 4713 ait:
1857 4655 1900 4710 Fa·

1069 4746 1128 4800 ciet
1145 4746 1286 4799 Dorninus
1301 4742 1631 4798 exercituumomnibus
1639 4746 1766 4816 populis
1780 4749 1812 4802 in
1820 4757 1900 4801 monte

1068 4836 1121 4888 boe
1136 4833 1474 4904 conririnmpinguinm,
1484 4833 1655 4887 conririurn
1671 4835 1834 4891 vindemiar
1844 4834 1898 4907 pia·

1066 4925 1165 4995 guium
1176 4922 1411 4989 medullatorum,
1428 4922 1583 4975 vindemie
1590 4921 1897 4997 debeone-etprae-

1064 5012 1173 5084 pitnbit
1189 5012 1220 5064 in
1232 5019 1329 5064 rnarrte
1340 5009 1513 5064 istofaciem
1540 5010 1652 5064 vinculi
1669 5012 1811 5085 colligati
1826 5025 1899 5082 snper

1067 5101 1303 5171 omnespopulos,
1315 5105 1344 5154 ct
1352 5097 1695 5170 praecipitabit-mortem
1708 5101 1741 5155 in
1752 5102 1898 5173 sempiter-

1067 5207 1133 5244 num
1144 5189 1213 5259 (isa.
1226 5188 1455 5259 xxv).l’r·opheta
1465 5188 1493 5240 in
1504 5187 1677 5242 Jerusalem
1686 5195 1763 5244 erat.
1777 5189 1850 5256 Quid
1859 5190 1896 5242 est

1067 5278 1291 5350 ergodieoredn
1301 5277 1529 5346 ntenteboc,nisi
1541 5275 1591 5330 uhi
1601 5277 1897 5335 crucifixusestsshri·

1067 5369 1147 5422 stus‘?
1159 5365 1269 5437 litquid
1283 5369 1396 5432 est,con
1403 5367 1430 5418 ri
1437 5365 1511 5419 rium
1527 5363 1773 5423 iacictomnibus
1787 5364 1895 5440 populis.

1067 5456 1125 5510 nisi
1134 5457 1202 5527 quia
1219 5455 1289 5508 illud
1309 5454 1388 5524 quod
1401 5453 1537 5525 pependit
1547 5453 1599 5524 ihi,
1611 5456 1799 5512 manducant
1811 5466 1895 5511 omncs

1067 5546 1189 5616 populi?
1203 5542 1277 5609 Quid
1292 5544 1323 5597 in
1336 5543 1497 5614 pinguibus
1507 5541 1575 5596 istis
1587 5543 1837 5617 medullatis,nisi
1847 5556 1894 5597 ear·

1067 5648 1135 5692 uem
1141 5632 1365 5711 gretiaSpiritus
1372 5629 1756 5706 sanctipinguissimamdn
1763 5649 1817 5710 qna
1828 5629 1894 5690 liti·
