3900 6112
768 323 912 388 GESTA.
1628 325 1706 392 1238

81 524 167 581 melis
178 525 301 579 obsides
312 524 428 581 luerent
438 525 551 596 accepti
561 526 597 580 de
610 525 805 581 successione
822 507 852 568 Α
866 529 969 595 patruo
985 541 1052 593 suo,
1067 527 1154 596 atque
1179 526 1306 580 vinculis
1325 525 1561 596 ergastularibus
1591 527 1701 582 manci·

81 612 205 669 ‚Etcum
215 614 333 684 quidem
343 614 584 683 prudentissime,
595 616 625 667 ut
635 614 808 684 ipsiusopes
866 617 942 683 pato,
954 613 1126 681 provinciae,
1139 629 1225 683 quam
1235 614 1311 666 drino
1326 617 1446 682 paterno
1456 615 1577 685 accepit,
1595 631 1701 687 magna

81 703 179 756 mulas
189 703 279 756 totius
291 702 425 773 Anglicae
436 703 535 774 gentis
547 703 718 756 dissensum
731 719 812 758 coer·
866 717 931 755 cuni
956 702 1131 755 truculentia
1157 701 1299 756 dominari
1316 703 1412 770 coepit.
1436 703 1569 758 Paternaa
1593 705 1700 760 dehinc

81 831 87 859 ,
104 790 129 844 si
146 805 208 844 rem
235 806 345 845 novare
361 792 479 845 mallent
503 791 614 860 perlida
639 792 809 862 mobilitate,
865 788 1037 843 rebellionis
1049 792 1216 853 renovator,
1229 789 1452 843 Northmanniae
1464 791 1560 845 hostis
1575 808 1633 847 non
1645 794 1697 846 mi-

94 893 164 934 seee
188 883 289 950 agunt.
314 879 462 933 Heraldus
478 880 546 933 dnm
563 880 599 933 ob
615 879 643 932 id
659 880 809 949 negotium
865 877 908 931 les
923 893 992 932 esse
1008 877 1109 931 voluit.
1127 878 1270 931 Dominus
1285 882 1381 932 autern
1399 878 1465 948 ejus
1484 880 1603 949 antiquo
1616 880 1695 951 jure,

102 968 303 1033 contenderet,
320 968 434 1021 itineris
451 967 555 1021 marini
570 967 701 1037 periculo
718 984 808 1023 evaso
862 967 950 1019 sicuti
966 965 1238 1020 Northmannorum
1255 967 1435 1036 Willelmns,
1453 968 1606 1023 castellum
1618 971 1697 1039 quod

81 1055 194 1127 irripuit
207 1055 333 1123 Pontivi,
348 1057 397 1110 ubi
411 1057 439 1108 in
455 1072 559 1109 manus
574 1057 690 1110 comitis
703 1056 809 1112 Gnido-
860 1053 959 1108 Sancti
975 1054 1079 1109 lucebi
1102 1054 1278 1123 appellatum
1298 1058 1344 1107 est
1373 1056 1486 1108 interim
1504 1059 1642 1125 opposuit
1667 1058 1697 1113 in

81 1143 143 1199 idit.
165 1142 247 1213 Capti
271 1145 299 1197 iu
324 1144 491 1198 custodiam
515 1145 668 1199 traduntur
692 1146 756 1214 ipse
779 1149 807 1200 et
860 1143 997 1212 continio,
1014 1159 1050 1196 ne
1065 1143 1189 1197 famelici
1204 1144 1360 1212 praedones
1372 1144 1509 1198 ecclesiis
1531 1146 1695 1201 inermibus

81 1234 128 1287 tus
144 1231 212 1303 ejus
228 1233 306 1302 quod
323 1232 517 1287 intortunium
528 1233 574 1286 vir
589 1233 661 1288 adeo
679 1249 805 1305 magnus
857 1236 906 1286 aut
922 1231 1023 1286 ultimo
1038 1234 1126 1285 terrae
1142 1248 1205 1285 sum
1220 1231 1310 1302 uulgo
1328 1233 1558 1287 excursionibus
1575 1235 1675 1288 lotroci
1689 1265 1694 1276 ·

81 1320 126 1392 gie
142 1322 276 1374 mutaret.
291 1321 396 1375 llocuit
411 1322 488 1374 enim
513 1322 645 1376 avaritiae
660 1323 803 1377 calliditas
856 1320 995 1374 nantibus
1020 1326 1170 1374 nocerent.
1193 1319 1270 1373 Emit
1285 1336 1410 1390 namque
1429 1337 1483 1374 rex
1511 1321 1694 1377 Francorum

81 1408 803 1479 umquasdamnationesexsecrandamconsuctu-
857 1407 980 1463 Carolus
996 1425 1098 1478 pacem
1119 1412 1207 1480 atque
1232 1410 1420 1462 amicitiamn
1445 1408 1569 1464 llollone
1593 1410 1690 1480 prime

82 1537 90 1567 ,
109 1497 263 1551 barbaram
278 1498 495 1569 etilongissime
514 1498 551 1551 ab
567 1499 646 1552 omni
666 1500 802 1570 aequitate
854 1496 928 1550 duce
949 1497 1227 1565 Nortlnnnnnorum,
1247 1515 1279 1551 ne
1289 1499 1484 1568 posteriorum
1500 1501 1619 1568 parente
1636 1515 1691 1553 na·

81 1600 135 1639 ana
152 1585 286 1639 alienam.
306 1586 466 1656 litaqueant
484 1588 634 1656 potentes,
650 1590 698 1641 aut
717 1588 801 1643 locu·
853 1589 910 1639 tam
926 1603 1009 1641 suam
1024 1586 1136 1640 Gislam
1147 1587 1175 1640 in
1191 1587 1405 1641 matrimonium
1421 1590 1449 1640 et
1465 1587 1645 1641 Britanniam
1658 1587 1690 1641 in

80 1674 802 1744 trusosinergastnlaafiiciuntcontumeliistor·
853 1675 1009 1729 servitium
1028 1679 1200 1744 perpetuum
1225 1675 1251 1728 ei
1269 1674 1397 1728 tradens.
1429 1674 1630 1728 lixorarcrant
1658 1675 1688 1729 id

81 1803 84 1814 .
103 1760 153 1816 Sic
172 1763 252 1815 varia
277 1763 396 1816 miseria
415 1779 506 1833 propo
527 1763 563 1816 ad
584 1779 686 1818 necem
705 1779 799 1835 usque
852 1764 949 1817 loedus
959 1764 1064 1817 Franci
1078 1779 1137 1817 non
1145 1764 1276 1817 valentes
1286 1763 1411 1833 amplius
1423 1764 1565 1816 resistere
1576 1763 1687 1818 Gallico

81 1849 799 1924 osejiciuntsaepissimejvcnditosmagnellirecti
851 1867 924 1905 cnse
941 1853 1059 1906 llanicee
1076 1853 1186 1906 securi.
1203 1852 1360 1912 Annalium
1370 1853 1487 1921 paginae
1502 1853 1685 1906 attestantur.

81 1938 127 1993 tux
140 1939 309 1994 Willelmus
325 1945 431 1995 eventu
447 1941 575 2012 cognito,
592 1956 716 2011 propere
727 1941 796 1995 mis·
851 1941 965 1995 Exinde
978 1939 1294 1995 romitcsllritannicie
1303 1939 1377 2010 jugo
1388 1939 1687 1993 Northmanniccedo·

81 2027 141 2095 itis,
152 2032 271 2097 precatu
286 2029 375 2081 simul
386 2029 514 2083 neminis
526 2033 671 2085 extortum
689 2032 794 2086 obvios
809 2050 836 2115 B
850 2028 1018 2084 minationis
1033 2029 1178 2084 cervicem
1190 2029 1307 2082 omuino
1323 2028 1441 2082 solvere
1463 2043 1612 2098 nunquam
1629 2041 1683 2082 ve·

81 2116 130 2170 lce
145 2117 277 2186 suscepit
293 2134 369 2171 cum.
392 2118 517 2172 Guidoni
533 2120 607 2173 hone
627 2121 730 2174 merito
746 2121 795 2191 qui
850 2119 976 2186 luerunt,
989 2119 1052 2172 etsi
1064 2117 1233 2171 multotiens
1245 2117 1378 2170 idconati
1391 2120 1448 2170 tota
1457 2117 1484 2168 vi
1494 2114 1680 2171 obluctando

81 2205 139 2274 rtie,
156 2221 210 2259 nec
230 2205 375 2259 uiolentia
400 2206 581 2276 compulsus
598 2209 694 2261 virum
709 2225 795 2280 quem
849 2207 962 2261 Alanus
978 2210 1007 2261 et
1020 2206 1168 2271 ConanuS,
1185 2208 1293 2274 quanto
1311 2204 1532 2257 Northmanniae
1548 2206 1680 2258 rectores

81 2308 115 2364 ,·e,
132 2309 249 2362 necare,
266 2294 393 2348 vendere
410 2296 554 2364 potuisset
569 2312 621 2365 pro
638 2297 720 2351 libitu
732 2299 796 2366 ipse
850 2295 1103 2366 consanguinitate
1119 2293 1240 2363 propius
1257 2292 1446 2363 attingebant,
1462 2289 1680 2362 tantogloriun·

81 2396 116 2436 ne
131 2381 208 2450 apud
224 2383 360 2436 Auccosc
377 2386 506 2437 castrum
522 2384 580 2438 sibi
595 2387 793 2454 praesentavit,

81 2469 178 2523 retulit
192 2470 367 2541 condignas
384 2475 480 2525 terras
491 2473 608 2526 tradidit
623 2475 745 2542 amplas,
761 2490 795 2529 ac

81 2558 218 2628 ropimas,
231 2559 470 2630 addiditinsupcr
485 2562 513 2613 in
526 2562 659 2629 pecuniis
671 2563 794 2616 maxima

83 2646 216 2701 eraldum
231 2647 560 2703 verosuilicientissime
569 2651 755 2704 curnhunorc
766 2652 794 2704 in

84 2734 131 2788 sul
143 2734 325 2803 principatus
335 2741 421 2805 caput
436 2735 652 2808 ltclhomagum
661 2738 794 2792 introdu-

94 2822 245 2892 multiplcx
256 2823 463 2891 hospitalitatis
480 2824 653 2879 oil'iciosilas
676 2826 732 2880 viae
750 2827 794 2880 la-

81 2925 237 2981 perpessos
250 2911 469 2982 jucundissime
481 2919 638 2968 recrearet.
650 2915 794 2971 Nimirum

81 2999 166 3054 batur
179 3003 259 3054 tanto
276 3016 366 3070 super
381 3002 496 3071 hospite
513 3003 570 3056 sibi
582 3004 711 3057 omnium
722 3004 793 3058 cba-

84 3089 241 3159 propinqui
256 3091 284 3142 ct
296 3089 380 3142 amici
395 3090 503 3160 legato,
520 3106 607 3160 quem
626 3092 702 3145 inter
717 3108 749 3146 se
765 3096 793 3147 et

91 3177 200 3247 quibus
223 3193 239 3230 a
256 3193 327 3248 rege
342 3179 493 3232 secundus
510 3183 581 3247 erat,
603 3181 791 3236 mediatorem

81 3254 99 3319 it
127 3264 315 3319 fidissimum.
334 3266 502 3321 Coadunato
531 3269 565 3322 ad
584 3269 792 3325 Bonamvillam

81 3373 96 3421 ι,
120 3353 180 3407 illic
209 3354 357 3408 Heraldus
372 3357 398 3408 ci
427 3357 594 3412 fidelitatem
610 3362 712 3414 sancto
735 3361 792 3415 ritu

847 2384 928 2439 tibus
939 2381 1045 2437 animis
1056 2384 1157 2435 contra
1168 2379 1228 2450 cos,
1236 2379 1373 2434 elatiores
1383 2379 1556 2433 existebant.
1567 2377 1679 2432 Conani

847 2474 877 2525 in
894 2473 1002 2526 tautum
1015 2469 1077 2541 jam
1089 2470 1240 2524 temeritas
1255 2469 1356 2536 crevit,
1369 2473 1399 2522 ut
1410 2466 1523 2537 quodie
1533 2466 1677 2520 terminos

848 2560 1069 2615 Northmanniaa
1080 2558 1303 2630 aggrederetur,
1321 2556 1492 2610 denuntiare
1506 2569 1565 2609 nen
1578 2553 1679 2608 lormi-

848 2650 938 2703 daret.
953 2648 1070 2704 Homini
1082 2647 1335 2714 acriorisnatorae,
1349 2644 1470 2698 lervidae
1486 2643 1581 2697 mtatis
1594 2642 1678 2696 mini-

848 2738 953 2792 stravit
962 2736 1119 2808 plurimum
1130 2735 1235 2789 liducia
1247 2735 1329 2806 regio
1344 2729 1677 2804 longclatequeditl'usa,

847 2827 937 2880 milito
954 2826 1049 2897 magis
1074 2841 1160 2895 quam
1177 2823 1317 2877 credibile
1336 2823 1374 2875 sit
1398 2822 1514 2875 relecta.
1539 2819 1678 2873 Partibus

847 2916 984 2985 equidem
998 2913 1099 2968 inillis
1117 2914 1201 2966 miles
1218 2928 1294 2965 unus
1310 2909 1522 2981 quinquaginta
1538 2910 1676 2979 generat,

846 3004 973 3058 sortitus
988 3019 1069 3057 more
1084 3003 1211 3057 barbaro
1227 3002 1318 3054 denas
1329 3001 1378 3052 ant
1393 2998 1519 3067 amplius
1542 3010 1651 3050 uxores
1668 3010 1676 3066 3

845 3093 924 3163 quod
937 3092 973 3146 de
987 3091 1098 3145 Mauris
1117 3089 1268 3143 veteribus
1284 3086 1419 3154 refertur,
1432 3085 1508 3155 legis
1520 3085 1627 3139 divina
1638 3085 1677 3137 at-

845 3197 901 3252 que
916 3182 1014 3252 pudici
1030 3183 1103 3235 ritus
1115 3178 1237 3251 ignaris.
1250 3177 1294 3229 hd
1305 3177 1359 3230 hoc
1369 3174 1552 3245 populositas
1562 3172 1675 3242 ipsaar

845 3271 901 3324 mis
913 3275 941 3325 et
955 3271 1041 3342 cquis
1053 3269 1188 3337 niaximc,
1207 3282 1346 3321 arvorum
1362 3264 1484 3318 culturae
1498 3264 1547 3316 aut
1562 3275 1677 3315 morum

845 3360 964 3413 minime
983 3359 1112 3413 student.
1131 3356 1286 3411 ttbarrimo
1302 3354 1387 3422 lacte,
1404 3350 1581 3421 parcissimo
1601 3363 1676 3420 pane

81 3456 195 3496 morum
207 3441 328 3512 juravit.
345 3443 380 3497 Et
392 3444 468 3499 sicut
479 3447 674 3515 veracissimi,
685 3449 790 3504 multa·
845 3463 914 3503 sese
930 3448 1107 3518 transigunt.
1125 3445 1249 3515 Pinguia
1261 3442 1367 3512 pabula
1379 3441 1504 3512 gignunt
1517 3436 1675 3508 pecoribus

81 3533 193 3584 aestate
213 3531 437 3600 praeclarissimi
457 3533 591 3589 homines
616 3537 788 3607 recitavere,
844 3538 909 3592 loca
919 3540 1002 3592 vasta
1018 3539 1046 3591 et
1062 3538 1153 3591 ferme
1163 3533 1263 3588 nescia
1279 3533 1424 3603 segetum.

81 3619 225 3673 cadsncre
236 3622 338 3688 testeS,
355 3622 384 3673 in
396 3622 475 3675 sarie
487 3638 601 3678 summa
613 3628 788 3682 sacramenti
804 3611 830 3674 0
880 3626 952 3681 Cum
969 3627 1073 3681 vacant
1088 3624 1200 3690 abello,
1215 3621 1336 3690 rapinis,
1353 3617 1524 3682 latrociniis,
1542 3613 1676 3671 caedibus

83 3722 136 3778 pse
147 3708 211 3762 haec
227 3709 360 3763 distinxit
367 3728 374 3775 ;
388 3726 420 3763 se
432 3712 461 3763 in
473 3712 669 3769 curiadomini
678 3716 725 3769 sui
736 3715 790 3769 Ed·
845 3715 1017 3769 domesticis
1033 3713 1159 3780 aluntur,
1180 3711 1243 3765 sive
1260 3712 1446 3763 exercentur.
1476 3704 1584 3759 l'raelia
1609 3717 1677 3757 cum

81 3800 164 3869 egis,
190 3798 316 3867 quandiu
336 3800 624 3867 superesset,ducis
646 3802 788 3858 Willclmi
844 3802 957 3856 ardenti
981 3801 1130 3855 alacritate
1154 3798 1362 3853 ineunt:dum
1392 3795 1573 3865 praeliantur,
1604 3792 1675 3847 iuri·

81 3901 102 3939 n
122 3886 200 3955 lore,
225 3887 376 3940 enisurum
391 3892 498 3958 quanto
522 3890 645 3944 consilio
666 3891 787 3962 valeret,
842 3892 933 3946 bandi
949 3890 1085 3945 saeviunt.
1106 3890 1222 3942 Pellere
1237 3885 1326 3951 soliti,
1344 3884 1463 3938 diiileile
1489 3881 1605 3936 cedunt.
1621 3879 1675 3934 Vi·

81 3990 139 4044 ius,
158 3980 187 4028 ut
199 3977 322 4046 anglica
335 3978 503 4031 monarchia
519 3978 789 4047 postEdwardide-
844 3981 934 4034 ctoria
959 3981 987 4033 ct
1001 3978 1087 4032 laude
1111 3974 1269 4047 pugnando
1285 3975 1366 4041 perta
1395 3971 1516 4024 nimium
1539 3970 1675 4023 laetantur

106 4063 136 4117 in
162 4063 229 4134 ejus
245 4081 331 4118 rnanu
350 4066 575 4119 confirmaretur
587 4085 593 4130 ;
617 4068 790 4122 traditorum
843 4074 929 4140 atque
946 4065 1141 4132 extolluntur,
1159 4063 1400 4130 interemptorum
1429 4058 1523 4128 spolia
1546 4057 1674 4126 diripere

85 4151 618 4222 ipsiusmilitumcastodiaecastrum
634 4157 788 4227 Doveram,
843 4161 874 4212 ut
898 4173 973 4226 opus
1002 4154 1142 4207 decorum
1167 4151 1433 4219 voluptuosumque
1458 4147 1563 4199 amant.
1593 4142 1673 4197 Nihil

81 4244 162 4310 atque
185 4247 303 4312 sumptu
320 4258 375 4296 suo
398 4245 622 4313 communitum3
648 4247 715 4300 item
738 4261 791 4316 per
842 4241 1198 4318 pendensterribilitatem
1214 4234 1673 4303 hancduxtt'illelmusinquem

103 4329 166 4383 loca
184 4331 262 4384 illius
277 4334 364 4385 terrm
388 4332 443 4384 alia
464 4336 570 4401 castra,
587 4335 637 4389 ubi
653 4336 789 4389 voluntas
843 4336 920 4390 diem
936 4333 1094 4387 adventum
1112 4327 1223 4382 Conani
1240 4325 1380 4394 meminit,
1401 4323 1613 4393 denuntiatum,
1638 4336 1672 4378 eo

81 4419 220 4472 atirmnri
233 4421 361 4490 juberet,
379 4422 494 4474 abunde
511 4422 790 4492 quoquealimonios
843 4417 1325 4494 ipseintraiinesejusoccnrrit.
1354 4413 1518 4486 ltle,quasi
1539 4411 1672 4468 fulminis
1749 4412 1760 4445 ⁷

81 4523 93 4561 n
110 4508 790 4582 custodibus.Duxeijanrsalallitisuoaccepto
844 4515 932 4567 ictum
951 4510 1083 4580 proxime
1099 4507 1297 4560 imminentem
1313 4506 1469 4573 extimenS,
1481 4503 1511 4557 in
1525 4503 1589 4558 loce
1605 4515 1673 4572 pre·

81 4596 791 4671 rusantejasjurandamterrasejuscunctumque
844 4602 1008 4673 pugnatura
1025 4598 1198 4652 citissimam
1215 4595 1315 4666 lugam
1329 4593 1464 4659 instituit,
1484 4592 1572 4646 castri
1586 4593 1673 4645 terrae

81 4687 138 4738 lum
153 4685 232 4738 dedit
244 4687 362 4754 petenti.
376 4686 441 4740 Non
460 4688 535 4740 onim
548 4688 576 4741 in
589 4688 710 4759 longum
721 4704 791 4759 spc—
845 4706 908 4745 suae
924 4688 988 4743 Deli
998 4685 1215 4758 oppugnatione
1226 4686 1346 4739 omissa.
1361 4684 1393 4737 ld
1407 4683 1495 4750 enim,
1508 4680 1609 4737 rebelli
1619 4680 1673 4733 ad-

92 4772 259 4828 Edwardus
275 4775 446 4845 aegrotantis
456 4776 523 4829 vita.
844 4794 974 4840 vorsum.
991 4775 1082 4848 justae
1103 4790 1201 4828 causac
1221 4774 1310 4828 fidum
1329 4774 1434 4828 stabat.
1453 4770 1565 4826 Sistere
1582 4770 1674 4824 tentat

81 4861 188 4933 lequia
209 4864 383 4916 ferocemct
411 4864 623 4918 novinominis
653 4865 791 4935 cupidum
843 4868 994 4922 Cosanum
1009 4866 1098 4918 castri
1115 4879 1230 4932 praeses
1250 4863 1384 4930 linoltus,
1401 4864 1520 4915 revocat
1534 4856 1672 4927 illudens,

81 4967 150 5005 »sum
168 4953 259 5023 etqui
276 4954 416 5006 venerant
433 4970 499 5007 eum
513 4954 588 5022 ipso,
605 4955 697 5007 armis
714 4956 791 5008 mili·
845 4956 952 5010 morari
967 4953 1088 5008 biduum
1105 4956 1249 5021 precatur,
1263 4951 1417 5006 sufficiens
1432 4949 1500 5003 huic
1515 4962 1607 5002 morae
1622 4944 1674 5001 sti-

87 5044 115 5093 et
130 5042 216 5110 equis
235 5041 445 5094 delectissimis
466 5042 626 5096 instructos
643 5058 745 5096 secum
760 5045 789 5097 in
845 5044 982 5114 pendium
1002 5041 1038 5095 ab
1055 5042 1120 5110 ipso
1137 5045 1332 5109 sumpturum.
1352 5039 1445 5093 Home
1462 5036 1675 5091 misereexter·

81 5128 275 5183 Britannicum
293 5130 383 5199 duxit,
402 5130 547 5199 hospitem
562 5135 648 5202 atquc
660 5132 828 5220 legatumD
844 5134 929 5197 rituS,
948 5146 1085 5201 pavorem
1101 5129 1197 5198 potius
1208 5129 1348 5197 audiens,
1361 5142 1451 5188 cursu
1461 5125 1593 5179 instituto
1607 5125 1673 5179 lon-

81 5219 299 5273 ontubornalem
310 5220 433 5288 hubenc,
451 5224 481 5273 ut
496 5236 530 5274 eo
545 5237 661 5291 quoque
677 5220 788 5277 honore
845 5223 913 5293 gius
936 5219 1077 5290 profugit.
1095 5220 1204 5272 Ductor
1217 5216 1358 5271 terribilis
1371 5215 1422 5286 qui
1433 5215 1543 5285 depulit
1552 5214 1676 5269 instaret

81 5307 156 5360 rsiti
187 5309 282 5379 magis
312 5309 400 5361 lidum
429 5312 457 5361 et
486 5310 644 5363 obnoxium
669 5309 788 5365 luceret.
846 5309 991 5381 fugitanti,
1005 5308 1034 5361 ni
1049 5307 1236 5361 manifestum
1251 5304 1414 5374 periculum
1429 5302 1677 5358 animadverteret

81 5396 245 5467 ianamque
262 5397 788 5467 praefidenter-adversusNorthman-
845 5413 935 5470 agere
963 5397 1084 5451 militem
1103 5394 1366 5464 numer·osum{per·
1394 5392 1533 5463 regiones
1561 5393 1674 5463 vastas,

81 5485 110 5539 rit
129 5486 359 5540 omnisarmata.
383 5486 480 5557 Hujus
497 5487 627 5540 andaciae
651 5487 789 5557 princeps
844 5486 1006 5554 famelicas,
1035 5485 1170 5556 ignotas.
1191 5481 1221 5536 Si
1242 5482 1312 5552 quid
1335 5481 1487 5536 residuum
1516 5481 1577 5535 arat
1593 5480 1677 5552 inopi

81 5575 790 5630 ranusAlanniillius.lsinvirumle1·ocissimum
844 5582 930 5632 terrie
942 5591 978 5630 ex
992 5573 1040 5627 his
1056 5589 1122 5644 quae
1138 5575 1204 5626 nata
1217 5570 1333 5626 lucrant
1347 5585 1424 5624 anne
1449 5568 1615 5641 superiore,
1646 5568 1679 5625 ie

81 5705 85 5728 ,
104 5679 120 5717 a
144 5662 234 5718 tutela
252 5663 301 5718 diu
317 5666 437 5720 tolerata
457 5664 545 5734 libor,
563 5667 646 5735 capto
669 5663 791 5721 Eudone
844 5667 874 5721 io
889 5666 960 5724 tutis
972 5658 1593 5734 locisincelaecumpecoribusabdiderant.
1609 5655 1685 5714 Sta-
