3900 6112
644 325 832 388 DIALOGI.
849 358 889 374 ·-
903 326 984 394 LIB.
1000 326 1052 391 111.
1634 336 1714 402 1006

87 561 91 574 .
106 519 221 577 Interea
236 521 377 591 loannes,
394 521 442 576 cui
455 521 619 593 Gregorius
635 538 742 578 nomen
752 523 828 577 indi·
849 520 853 534 '
880 525 970 597 digne
985 531 1089 599 posset
1099 529 1134 583 ad
1144 529 1216 584 tanti
1228 530 1518 589 bonoremsultioere
1534 538 1713 594 sacerdotii:

87 614 119 679 st,
136 624 203 664 cum
215 609 332 665 duobus
341 611 427 665 annis
438 614 469 665 et
481 616 547 666 octo
562 612 715 666 mansibus
727 627 827 667 sacer·
881 630 1007 686 eumque
1016 616 1045 670 in
1054 617 1215 686 apostolica
1224 619 1295 673 sede
1308 620 1344 673 ad
1355 621 1519 693 regendum
1529 623 1715 684 Dominicum

87 713 99 751 ι
127 697 375 768 administrasset,
406 699 554 754 Henricus
584 715 646 767 rex,
677 702 725 771 qui
756 704 825 755 tunc
871 704 1713 783 *gregemiutbronizautesconstituunt.Quononamplius

87 784 162 855 rniaa,
178 786 350 856 Pannoniae,
363 785 822 858 Saxoniaeaoltaliaciruperabat,
881 805 988 843 novem
995 791 1148 845 mensibus
1158 793 1324 848 sacerdotio
1334 795 1712 865 iuncto,exbacvitadece·

88 874 255 945 cipiendam
270 875 306 930 de
323 891 411 931 manu
428 876 552 930 Romani
569 877 717 946 pontilicis
733 878 824 947 impe·
881 877 976 946 dente,
994 878 1139 932 Damasus
1155 895 1191 933 ox
1211 879 1363 935 Germania
1380 884 1534 952 oriundus
1555 886 1646 942 fultus
1662 905 1712 944 au·

87 976 248 1032 eoronam,
259 966 405 1034 quatenus
413 963 554 1035 deinceps
565 966 719 1036 Augustus
727 968 825 1035 appal-
881 966 1711 1040 ctoritatercgia(59),aidamsuccedens,sacerdotiumest

87 1053 186 1121 osset,
216 1052 329 1107 Italiam
357 1053 528 1124 ingressus,
561 1054 723 1109 Romanam
753 1055 824 1109 odiit
880 1054 1014 1124 adeptuS,
1030 1055 1138 1125 quique
1154 1071 1213 1110 non
1225 1058 1448 1129 ampliusquam
1461 1061 1711 1132 vigintiettrihus

87 1138 303 1211 ‚uma-1047).
329 1139 389 1195 Sed
414 1145 569 1212 antequam
593 1142 705 1197 Urbem
720 1143 822 1214 ingre·
879 1142 984 1198 diebus
1015 1142 1711 1207 sacerdotioadministratodiemclausitextra-

87 1227 821 1301 r,plurimorumepiscoporum,necnonabbatum,
878 1246 966 1285 mum.
991 1231 1067 1287 Huic
1092 1234 1240 1288 successit
1256 1233 1311 1302 (aa)
1327 1235 1397 1303 Leo,
1416 1237 1451 1290 de
1472 1252 1529 1307 quo
1553 1238 1640 1294 nobis
1664 1243 1711 1295 est

87 1331 162 1370 rrum
177 1330 295 1386 quoque
311 1332 345 1370 ac
363 1317 575 1389 religiosorum
596 1319 819 1388 monachorum,
878 1335 977 1374 sermo
992 1335 1053 1389 prae
1070 1320 1217 1389 manibus,
1230 1322 1275 1374 vir
1286 1324 1445 1391 peremnia
1456 1326 1710 1397 apostolicus,re-

87 1403 232 1458 incurba
248 1405 374 1459 concilio
391 1410 582 1477 congregato,
601 1407 754 1477 loannem,
770 1409 821 1478 qui
877 1408 936 1478 gali
960 1422 1073 1479 genere
1097 1413 1191 1477 crtus,
1217 1411 1360 1480 sapientia
1385 1413 1538 1483 praeditus,
1564 1415 1709 1488 religione

87 1491 150 1547 rins
160 1490 258 1546 dictus
268 1496 323 1561 est,
334 1494 437 1547 missis
449 1494 485 1547 ad
497 1510 562 1548 eum
575 1495 736 1564 episcopis,
745 1498 777 1549 ut
785 1496 820 1550 da
877 1497 1068 1566 conspicuuS,
1079 1498 1217 1568 omnique
1226 1498 1429 1554 ecclesiastiea
1438 1502 1709 1575 doctrinaapprime

87 1579 200 1634 iusticie
213 1581 352 1652 negotiis,
365 1583 550 1653 maximeque
561 1583 596 1637 de
609 1584 740 1637 Romana
750 1586 820 1639 tunc
876 1583 1021 1653 eruditus,
1031 1599 1065 1638 ac
1073 1585 1123 1654 qui
1135 1586 1393 1655 (quemadmodum
1402 1590 1544 1661 scriptum
1555 1593 1612 1661 cst)
1620 1594 1709 1663 coepit

87 1667 644 1741 ria,quaetrassimulhabercpontiirces
654 1672 819 1740 videbatur,
874 1671 1129 1727 invocarenomen
1144 1673 1271 1739 Domini,
1283 1691 1430 1747 quemque
1445 1678 1531 1732 otiam
1546 1680 1606 1734 vidi
1622 1680 1707 1751 ejus-

87 1757 264 1824 rraesidenta,
285 1761 470 1827 tractaretur,
486 1760 587 1814 venire
609 1761 734 1832 rogavit.
761 1761 818 1816 Sed
875 1775 931 1830 que
940 1760 1164 1815 familiaritatem
1176 1762 1287 1817 habere
1303 1765 1413 1819 merui:
1428 1781 1508 1836 saepe
1524 1767 1611 1821 etiam
1626 1784 1661 1823 eo
1677 1770 1708 1824 in

87 1843 514 1918 eiudustriaagebuntur,jam
527 1848 819 1921 enimdudumregio
835 1875 858 1934 B
875 1849 1001 1903 ecclesia
1025 1849 1135 1904 missas
1156 1850 1334 1919 celebrante,
1360 1869 1428 1908 cum
1450 1854 1552 1909 illaad
1575 1855 1707 1911 divinum

89 1933 241 1988 insederat
251 1939 281 1989 ut
290 1935 435 1999 tresillos,
447 1937 497 2006 qui
507 1937 617 2007 injuste
626 1937 818 2006 apostoticam
874 1937 964 1991 altare
979 1938 1076 1991 sacris
1102 1937 1222 1991 indutus
1242 1939 1378 1994 vestibus
1403 1941 1481 2010 steti,
1498 1943 1584 2012 eique
1610 1942 1706 1999 Evan-

96 2021 277 2091 invaserant,
290 2039 355 2078 cnm
365 2025 490 2079 concilio
503 2030 531 2080 et
544 2026 716 2080 auctoritate
728 2026 818 2080 totius
874 2025 984 2097 getium
999 2025 1069 2096 legi.
1082 2026 1107 2078 A
1118 2040 1175 2094 quo
1186 2027 1282 2080 omnia
1291 2028 1494 2084 ecclesiastica
1509 2029 1606 2084 studia
1620 2046 1706 2087 reno·

87 2108 196 2180 lijuste
207 2111 380 2181 depelleret,
392 2116 420 2167 et
432 2129 508 2168 unus
518 2114 569 2184 qui
583 2113 746 2168 secundum
757 2116 819 2168 sta·
874 2117 940 2167 vata
954 2129 989 2168 ac
1012 2117 1188 2184 restaurata,
1210 2129 1346 2185 novaque
1370 2116 1421 2170 lux
1442 2117 1551 2173 mundo
1571 2117 1637 2173 risa
1660 2122 1707 2175 est

87 2196 111 2253 3.
126 2198 246 2254 Petrum
262 2200 414 2256 Dominieo
426 2203 511 2273 gregi
522 2202 650 2257 sollicite
662 2203 817 2274 praeesset,
874 2203 994 2257 exoriri.

89 2289 118 2341 at
140 2287 248 2357 populo
271 2288 408 2360 eligente,
433 2289 631 2345 ordinaretur.
655 2290 819 2345 Praedictus
909 2289 964 2342 liic
980 2303 1060 2358 saepe
1072 2289 1254 2343 sacerdotale
1269 2291 1427 2345 consilium
1439 2292 1598 2362 advocans,
1609 2307 1707 2349 sacer-

96 2374 230 2445 pontifex
247 2381 386 2431 exoratus
403 2396 418 2431 a
434 2394 516 2449 rega,
532 2378 709 2449 caeterisque
725 2378 821 2449 ponti·
873 2378 968 2447 dotes,
985 2377 1127 2432 diaconas
1142 2379 1170 2430 et
1180 2377 1312 2448 reliquos
1324 2378 1448 2433 clericos
1459 2395 1518 2434 non
1528 2380 1705 2452 regulariter

87 2478 105 2532 a,
116 2462 259 2534 Sutrium,
272 2465 322 2519 ubi
338 2467 470 2536 synodus
480 2471 660 2538 congregata
671 2471 743 2534 erat,
755 2464 822 2520 alle·
875 2467 1025 2523 ordinatos
1049 2466 1184 2535 removit,
1206 2469 1234 2519 et
1256 2466 1287 2520 in
1309 2481 1411 2521 eorum
1434 2467 1509 2522 loeis
1533 2468 1654 2523 advari
1675 2474 1705 2524 et

87 2567 116 2622 pe
124 2552 214 2623 quod,
226 2553 293 2607 aliis
306 2554 422 2609 duobus
434 2556 587 2625 depositis,
598 2555 720 2609 sibisoli
729 2554 821 2624 ponti·
876 2557 983 2609 summi
1009 2552 1062 2607 Dei
1079 2553 1188 2608 cultum
1210 2554 1259 2624 qui
1283 2555 1372 2626 digne
1391 2556 1560 2611 ministrare
1580 2560 1705 2627 possent

87 2656 91 2692 ι
105 2640 339 2711 confirmaretur,
354 2648 505 2714 gratanter
516 2643 654 2713 perrexit.
667 2642 724 2697 Sed
739 2646 820 2712 post·
875 2641 1035 2697 constituit.
1051 2640 1186 2706 Quotidie
1197 2658 1377 2714 quoqueper
1387 2660 1420 2699 sa
1430 2645 1704 2717 suosquediscipu-

91 2744 128 2785 eo
141 2733 262 2785 rentum
277 2735 332 2798 ast,
350 2735 378 2786 et
393 2747 442 2785 res
453 2733 560 2803 agitari
574 2748 607 2786 nc
623 2732 730 2786 discuti
745 2731 822 2802 asp·
873 2730 919 2785 los
935 2729 1043 2801 ubique
1055 2730 1174 2799 missos,
1185 2730 1303 2800 populis
1320 2732 1396 2786 viam
1412 2733 1537 2802 Domini,
1554 2735 1660 2789 litteris
1676 2736 1705 2790 et

87 2821 168 2887 :capta
181 2823 236 2887 est,
249 2835 418 2891 agnoscens
429 2836 462 2875 sa
472 2819 717 2891 nonpossejuste
729 2819 820 2875 hono·
874 2819 975 2872 verbis
991 2818 1156 2887 praedicans
1170 2819 1354 2874 ostendebat.
1375 2821 1429 2885 Qui
1443 2837 1497 2892 per
1512 2822 1704 2892 apostolicam

89 2907 148 2960 anti
172 2908 328 2962 sacerdotii
352 2908 566 2977 administrare,
597 2895 634 2962 eii
660 2908 820 2977 pontificali
873 2907 950 2959 viam
967 2921 1086 2974 sempe-r
1109 2905 1258 2976 gradiens
1278 2908 1459 2976 apostolicos
1474 2910 1657 2964 etiamviros
1672 2912 1704 2964 in

87 2994 821 3066 miliens,acsemetipsumpontificaliaindumenta
874 2993 1024 3049 miraculis
1040 2995 1086 3047 est
1100 2993 1239 3047 imitatus
1253 2994 1294 3048 De
1305 3010 1363 3065 quc
1375 2996 1492 3065 quidem
1503 2997 1588 3066 plura
1601 2997 1703 3052 audire

87 3098 112 3151 s,
125 3084 271 3154 postulata
287 3084 383 3152 venia,
400 3085 507 3139 summi
522 3084 679 3138 sacerdotii
692 3085 820 3156 dignita·
874 3098 919 3137 me
936 3081 1068 3152 contigit,
1084 3080 1137 3134 sed
1148 3079 1248 3134 multis
1264 3085 1424 3151 occupatus
1434 3085 1572 3155 negotiis,
1585 3084 1703 3156 singula

87 3173 197 3241 aposuit
211 3171 277 3243 4¹57).
874 3185 999 3243 quaeque
1021 3169 1192 3223 discurrere
1213 3185 1272 3223 uon
1288 3171 1401 3240 valens,
1417 3187 1511 3241 pauca
1531 3173 1644 3228 reterre
1665 3173 1702 3229 de

87 3259 174 3315 tbaac
190 3275 243 3314 rex
259 3260 369 3316 Urbem
392 3261 563 3333 ingressus,
586 3263 766 3334 congregato
791 3261 820 3313 in
873 3259 1008 3330 pluribus
1025 3260 1167 3328 satagam,
1185 3260 1214 3312 ut
1225 3272 1277 3327 per
1288 3257 1519 3330 haecquantivir
1533 3261 1590 3316 iste
1605 3261 1703 3316 meriti

87 3348 113 3403 ia
124 3348 157 3403 B.
174 3349 252 3404 Patri
268 3349 394 3420 apostoli
410 3351 542 3405 Romano
558 3351 637 3405 clero
656 3352 684 3404 et
698 3348 819 3419 populo,
874 3347 971 3415 tuerit,
987 3345 1155 3417 quicunque
1165 3345 1195 3398 in
1210 3349 1361 3415 posterum
1375 3347 1481 3419 legerit
1494 3352 1647 3420 agnoscat.

87 3451 126 3491 rm
141 3437 290 3507 episcopis
306 3440 356 3509 qui
372 3439 401 3493 in
425 3439 596 3508 praedictam
620 3440 820 3492 convenerant
909 3434 965 3504 (dt)
979 3433 1114 3505 Gregorii
1130 3434 1228 3504 itaque
1244 3434 1401 3504 pontilicis,
1418 3436 1469 3506 qui
1483 3435 1520 3490 ab
1538 3452 1572 3491 ac
1593 3437 1703 3493 educa-

87 3540 143 3594 um,
159 3527 306 3581 communi
323 3528 448 3583 consilio
468 3528 525 3598 (58)
540 3526 720 3582 Clementem
734 3526 819 3580 Barn-
872 3526 970 3578 tusae
986 3521 1188 3578 subdiaconus
1203 3521 1366 3593 ordinatus,
1387 3540 1466 3579 nunc
1480 3526 1577 3581 autem
1591 3525 1621 3580 in
1641 3526 1703 3580 Ro-

87 3629 164 3669 isam
178 3614 351 3686 episcopum
366 3616 530 3688 elegerunt,
558 3616 626 3687 quia
641 3615 671 3669 in
686 3616 819 3673 Romana
873 3627 958 3666 marra
980 3610 1061 3666 Urba
1088 3609 1202 3666 culmen
1226 3612 1420 3681 apostolicum
1447 3615 1561 3680 tenens,
1592 3613 1704 3669 Christi

87 3701 121 3756 ria
136 3717 195 3756 non
210 3707 272 3758 erat
293 3706 361 3758 tunc
377 3704 444 3759 talis
465 3709 581 3774 reperto
602 3719 731 3774 persona
752 3717 818 3775 quae
873 3698 1037 3755 Ecclesiam
1053 3698 1154 3754 verbis
1169 3699 1295 3754 simulet
1305 3701 1449 3771 exemplis
1460 3702 1596 3771 illustrat,
1613 3702 1702 3757 didici

103 3806 214 3862 Videns
237 3808 400 3880 Gregorius
424 3825 497 3880 papa
522 3809 731 3863 sanctissimus
756 3808 818 3862 iore
872 3821 946 3862 voce
957 3805 1135 3860 cantantium
1151 3821 1158 3858 ι
1176 3804 1239 3877 Ego
1255 3806 1353 3877 cogito
1369 3807 1563 3879 cogitationes
1578 3809 1661 3880 pacis
1676 3812 1705 3866 et

87 3878 173 3932 ndum
198 3878 294 3933 dirum
320 3880 461 3946 schisma,
487 3880 545 3934 nisi
569 3878 818 3960 pontificatui‘rc-
872 3893 930 3932 non
950 3875 1130 3958 afflictionis.
1186 3945 1191 3956 .
1308 3947 1313 3957 ι
1510 3951 1515 3961 .

91 3951 165 4018 sset,
198 3951 327 4004 imitatus
360 3951 424 4020 ipse
452 3948 615 4022 Gregorrus
643 3950 819 4020 Gregorium
908 3944 1702 4016 (itt)IsiurtGregorrusseptrmusautaallrldehrandus

87 4035 214 4087 menum,
231 4022 280 4091 qui
296 4022 333 4076 ob
356 4036 459 4090 pacem
484 4020 695 4075 conciliandam
718 4019 820 4074 Eccle-
874 4017 989 4071 natione
1011 4015 1137 4077 Tuscus,
1155 4018 1272 4070 creatus
1292 4032 1367 4071 anno
1391 4018 1504 4073 Domini
1521 4018 1608 4075 1073:
1631 4021 1705 4077 obiit

87 4093 185 4160 sponte
209 4107 242 4144 se
263 4091 418 4160 abdicavit,
446 4094 474 4146 ct
496 4093 561 4161 ipse
582 4092 685 4145 eodem
710 4090 817 4158 animo,
873 4102 945 4141 vero
963 4101 1030 4139 ann.
1052 4084 1131 4153 10853
1149 4085 1237 4155 ouius
1253 4088 1393 4141 sanctitas
1408 4095 1566 4144 veneratur
1579 4090 1609 4143 in
1624 4091 1705 4146 Mar-

87 4162 441 4287 ¹t¹¹⁰dm⁰¹⁰l⁰t¹ti⁰⁰³t
456 4161 818 4286 ⁸⁰d⁹a⁸i⁰itt⁰⁰⁸⁸⁵²³⁸i⁰
873 4155 1166 4283 {leitilane
1179 4155 1237 4279 {lb
1251 4156 1704 4284 tntilllattrilar

87 4246 635 4359 ι(ἶῗοιιθιὲιιξὶεοῖιξἕίιιιιῗίιιῗὲιιὲιειιΓιῧιεὲιιιείιάἰδ
648 4273 718 4357 erus
734 4301 819 4354 Bam·
872 4296 1041 4352 minsialdio
1057 4292 1197 4349 Goldasto
1214 4242 1456 4353 inpsuispccnstit.
1472 4298 1614 4367 imperial.
1632 4299 1702 4356 edit.

87 4373 608 4444 osisapiscopuscreaturpapnanno
644 4370 818 4427 ominitOt't.
872 4367 941 4423 1607
962 4367 1107 4422 adversus
1130 4364 1305 4438 Gregorium
1329 4367 1539 4422 delatrantibus
1564 4367 1704 4427 Simoniaa

87 4458 110 4497 ro
124 4444 287 4514 propinato,
303 4449 334 4498 ut
349 4445 466 4516 quidam
489 4444 632 4510 scribunt,
655 4443 819 4511 coniectus,
873 4439 1061 4494 insimutatus
1083 4435 1195 4492 inerit:
1222 4436 1257 4490 ad
1281 4453 1369 4508 quam
1394 4439 1499 4493 deinde
1528 4440 1705 4496 calumniam

87 4512 191 4569 tontes
202 4516 286 4570 avita
296 4517 457 4586 improviso
469 4516 583 4586 migrat,
596 4529 674 4569 nono
685 4512 821 4568 dieOcto·
872 4509 1075 4579 depellendam
1085 4509 1250 4579 Gregorius
1265 4509 1453 4579 perceptione
1467 4509 1575 4565 divinae
1589 4510 1705 4567 Eucha-

87 4584 156 4639 laria
172 4589 265 4640 sexta,
829 4571 856 4633 Ι)
872 4581 965 4635 ristiae
977 4595 1062 4634 suam
1076 4579 1212 4647 probavit
1225 4579 1432 4649 innocentiam,
1449 4581 1584 4636 hortatus
1598 4581 1706 4637 Henri·

95 4654 244 4711 ilenricus
260 4656 363 4711 tertius
389 4656 555 4725 imperator.
573 4655 741 4725 Popponem
757 4653 815 4723 epi·
873 4666 940 4706 cum
954 4665 1067 4721 regem,
1079 4650 1108 4702 iu
1125 4648 1213 4718 cujus
1229 4650 1353 4721 gratiam
1365 4652 1508 4705 calumme
1521 4652 1570 4706 illa
1581 4653 1705 4707 contlata

87 4740 114 4779 m
129 4726 336 4782 Brixinensem
352 4728 451 4798 magni
461 4726 599 4794 nominis,
613 4727 736 4781 Romam
749 4739 822 4795 pon·
874 4721 979 4791 iuerat,
996 4724 1027 4774 ut
1039 4721 1104 4790 ipse
1119 4720 1255 4773 similiter
1270 4721 1299 4774 in
1314 4723 1514 4777 testimonium
1529 4720 1705 4777 innocentiae

87 4812 98 4849 ι
112 4799 346 4852 consecrandum
363 4799 447 4851 mittit
462 4814 529 4852 ann.
547 4797 626 4859 tol&
638 4799 667 4851 et
678 4796 823 4849 Darnasus
874 4791 954 4863 quod
970 4789 1452 4862 criminadequibusarguebatur,
1464 4792 1703 4861 communicaret,

87 4866 143 4922 dus
165 4869 336 4939 appellatur,
354 4867 419 4922 Fuit
435 4870 460 4922 is
483 4869 558 4935 dies,
575 4872 606 4921 ut
628 4865 745 4937 quidam
762 4869 822 4918 tro·
874 4864 1010 4916 invocato
1036 4861 1065 4913 iu
1094 4863 1199 4914 testem
1226 4860 1355 4930 Christo,
1406 4863 1436 4916 ui
1462 4863 1492 4915 in
1518 4860 1706 4916 nechar-istic

87 4936 823 5010 tuliimensisdecimusseptimus,Dominicus:et
876 4932 1046 5002 percipitur,
1075 4930 1153 5001 quod
1181 4945 1235 4984 rex
1263 4931 1336 4985 maie
1365 4932 1391 4984 si
1414 4932 1424 4984 i
1451 4931 1590 4986 conscius
1612 4931 1707 4986 noluit

87 5012 146 5064 aste
160 5009 207 5064 die
229 5026 306 5064 nona
321 5012 448 5082 Augusti
469 5011 541 5064 laria
557 5009 639 5063 tertia
655 5023 671 5061 a
687 5007 745 5059 vila
769 5020 823 5059 ex·
877 5004 985 5057 iacere.
1003 5002 1155 5056 Postrema
1170 5001 1322 5055 morientis
1337 5001 1473 5073 Gregorii
1492 5000 1583 5056 verba
1597 5001 1680 5057 tuere
1696 5018 1703 5056 ε

87 5094 94 5142 ;
119 5079 210 5135 funus
234 5081 263 5134 in
280 5081 390 5135 Urbem
415 5083 538 5135 relatum
561 5083 589 5134 at
607 5079 644 5134 ad
666 5075 823 5131 aeclesiam
881 5096 891 5120 a
910 5071 1173 5142 Dilexijustitiam,
1190 5074 1218 5125 at
1241 5071 1319 5126 odivi
1334 5072 1525 5141 iniquitatem,
1550 5074 1707 5143 propterea

87 5152 90 5203 i
104 5150 255 5205 Laurentii
266 5156 349 5206 extra
362 5167 464 5206 muros
480 5151 628 5205 conditum
640 5150 695 5216 est,
706 5160 821 5200 veneno
878 5144 988 5197 morior
1003 5143 1033 5196 in
1048 5141 1163 5196 exsilio.
1179 5161 1190 5190 ι
1204 5141 1260 5196 Ριο
1270 5143 1502 5264 Gregpuguant
1512 5141 1620 5198 Baron.
1636 5156 1705 5197 ann.

87 5237 140 5277 nm
155 5237 245 5292 opera
260 5221 409 5276 Benedicti
425 5224 494 5278 noni
509 5221 591 5276 sedis
616 5217 774 5287 invasoris,
792 5218 824 5270 ut
879 5212 1062 5281 10853Ni001.
1074 5212 1196 5266 Sander.
1210 5212 1249 5266 lle
1262 5213 1348 5266 vrsrb.
1387 5214 1440 5267 ccl.
1453 5227 1532 5267 mon.
1542 5212 1705 5268 Genebrar.

87 5307 110 5346 m
124 5292 266 5347 referunt,
877 5285 906 5338 in
920 5282 1080 5339 Gbronich.
1096 5282 1197 5353 Sigon.
1213 5281 1250 5336 de
1266 5297 1358 5353 regno
1380 5283 1488 5337 ltaliae:
1506 5286 1649 5353 praeterea
1670 5283 1708 5337 ad

106 5363 167 5418 Leo
190 5379 286 5418 nonus
310 5364 339 5418 in
364 5379 510 5419 summum
536 5363 682 5432 potificem
705 5358 824 5431 eligitur
877 5355 1197 5426 quinquagintatestcs
1221 5353 1395 5407 innocentiae
1416 5352 1551 5423 Gregorii
1593 5352 1709 5408 reducit

87 5430 823 5490 Jomini1049.antcuvacatusBrunoTullcnsium
876 5427 1035 5481 Gretserus
1059 5426 1089 5478 in
1111 5424 1236 5505 Apolpg.
1264 5424 1535 5504 proseuctissimo
1589 5439 1620 5478 re
1644 5424 1707 5479 orio

87 5504 822 5576 aus,Hugonistiliuscomesdetlagsburg,etc.,
878 5494 1148 5566 septimo;consule
1165 5497 1250 5548 atram
1262 5494 1423 5548 Marianum
1436 5493 1565 5563 Scotum,
1582 5496 1612 5549 et
1652 5511 1708 5550 nm·

87 5520 825 5650 siluarussansiscongregationis‹etuniacansiaex
877 5564 1710 5647 bertumSchaiuaburg.,quiillisipststemporibuscla-

91 5645 683 5718 Francorumprosapiaoriundusldibus
695 5642 826 5697 Februa·
878 5639 1011 5706 ruerunt,
1028 5641 1056 5692 et
1070 5638 1132 5715 acta
1147 5652 1263 5706 puraae
1275 5650 1416 5707 germana
1430 5635 1568 5714 Gregorii
1582 5650 1636 5709 per
1647 5637 1712 5693 siu-

87 5724 93 5775 t
110 5720 215 5777 Rome
229 5723 433 5793 consecratus,
448 5718 547 5775 audita
558 5714 827 5788 prinsengelorum
876 5712 965 5785 gulos
980 5723 1075 5764 annos
1090 5705 1296 5779 digesserunt.
