3900 6112
434 226 636 293 fflsrolua
657 225 822 292 SICULA.
839 260 875 275 -
891 224 970 288 LlB.
993 224 1048 287 111.
1530 227 1609 292 1154

89 432 194 487 marat
210 445 216 484 :
238 444 273 485 eo
298 428 376 501 quod
399 428 447 482 bic
472 425 716 498 consanguineus
733 413 763 475 A
777 439 884 496 quens,
900 424 977 480 ultra
989 423 1114 480 insidias
1129 424 1329 496 progreditur.
1340 425 1392 482 llis
1406 429 1503 482 autem
1517 428 1554 484 ab
1568 429 1610 484 in·

89 520 209 590 uterque
229 519 325 573 autem
341 517 468 572 consilio
491 520 520 571 at
535 516 626 570 armis
647 530 719 585 pro·
777 514 864 568 sidirs
875 514 1147 585 prorumpentibus,
1160 530 1226 568 cum
1237 513 1340 570 hostes
1353 533 1368 569 a
1379 519 1463 590 tergo
1474 517 1611 574 horribili

89 608 171 663 imni.
187 606 306 661 Arabici
323 610 420 659 autem
435 606 484 676 qui
496 604 572 674 apud
589 609 720 658 castrum
777 618 926 657 armorum
937 602 1055 657 turbine
1066 602 1334 672 deprehenduntur,
1345 603 1427 660 Serio
1438 605 1610 663 decertandi

88 694 220 764 abautur,
237 696 411 749 strenuitate
428 693 572 760 Serlonis,
591 693 660 763 quia
676 693 720 746 eis
777 691 882 761 copiiS,
900 690 954 744 sed
965 692 994 744 et
1007 689 1088 762 iugae
1104 691 1244 761 praesidio
1260 691 1409 764 diiildens,
1424 711 1491 748 cum
1504 696 1608 764 paucis

88 784 170 839 estus
189 784 260 850 erat,
290 781 450 852 plurimum
480 781 719 846 inimicabantur,
776 780 827 851 qui
842 794 946 834 secum
961 780 1053 848 erant,
1069 781 1192 849 potrum,
1208 796 1274 851 quaa
1289 781 1326 835 ab
1337 781 1402 851 ipso
1419 782 1465 837 dic
1476 783 1608 839 Serlonis

88 871 182 926 ntiono
198 871 264 925 dolo
280 871 327 924 vol
343 872 435 925 armis
453 870 568 925 ruinam
581 868 650 940 ejus
666 883 724 922 me·
778 867 856 923 dictu
871 870 927 936 est,
945 881 1036 922 cursu
1051 867 1170 938 expetit.
1187 866 1249 933 Qua
1262 883 1399 940 ascensa,
1414 885 1431 924 a
1452 869 1542 927 dorso
1556 887 1609 942 pro

88 960 157 1014 rtur.
171 958 339 1013 Saracenos
349 962 446 1014 autem
455 959 492 1012 do
503 957 721 1029 potentioribus
776 970 862 1011 muro
879 954 945 1027 ojus
961 970 1046 1024 usus,
1058 955 1109 1009 diu
1122 954 1236 1011 sortiter
1245 955 1299 1011 sed
1310 957 1389 1011 nullo
1402 957 1520 1014 aliunde
1528 959 1610 1013 auxi-

88 1047 240 1102 snomine
257 1047 375 1102 Brahon
389 1045 462 1118 (181)
492 1063 558 1101 oum
586 1045 720 1116 Scrlono,
775 1044 815 1098 lio
831 1044 1017 1113 adventante,
1038 1043 1192 1099 incassum
1212 1044 1378 1112 dimicatum
1403 1062 1470 1102 nam
1493 1048 1611 1103 tandem

89 1150 126 1190 us
140 1134 298 1205 deciperet,
315 1135 413 1190 ioedus
423 1136 539 1204 inierat,
552 1151 713 1207 eorumque
776 1132 937 1187 confossus
948 1132 1096 1203 occubuit,
1108 1132 1313 1204 nullusquesx
1329 1134 1466 1209 omnibus
1481 1136 1532 1207 qui
1543 1152 1611 1192 cum

88 1237 144 1279 rem
158 1223 327 1293 adoptivum
343 1224 475 1295 fratrem,
496 1224 570 1278 alter
593 1224 720 1280 alterum
776 1221 841 1292 ipso
857 1223 949 1287 erant,
963 1221 1094 1291 exceptis
1106 1222 1222 1278 duobus
1232 1223 1284 1294 qui
1294 1223 1369 1278 inter
1380 1224 1525 1279 cadavera
1532 1241 1611 1281 mor·

88 1311 143 1367 sim
156 1315 338 1381 susceperat.
348 1312 403 1367 llio
413 1328 479 1367 cum
490 1312 644 1367 traditione
657 1329 723 1368 cum
776 1314 895 1366 tuorum
924 1309 1121 1380 latitaverant,
1151 1311 1254 1366 evasit.
1282 1310 1405 1367 Sorloue
1431 1314 1609 1382 exenterato,

88 1399 133 1454 rita
156 1399 271 1454 Serloni
297 1401 439 1456 salutaria
455 1402 633 1457 munuscula
657 1418 723 1458 curn
777 1399 933 1454 Sarraceni
953 1413 1006 1454 cor
1029 1398 1196 1453 extrahunt.
1220 1400 1258 1454 Ut
1273 1400 1425 1455 audaciam
1444 1399 1522 1472 ejus,
1543 1417 1610 1472 quae

101 1489 202 1543 verbis
218 1489 345 1556 mandat,
363 1489 441 1544 inter
457 1506 523 1561 quan
537 1491 625 1545 etiam
642 1492 722 1548 inlu·
776 1489 867 1543 multa
881 1488 986 1556 iuerat,
1001 1487 1199 1557 conciperent,
1213 1488 1381 1543 comedisse
1395 1488 1541 1544 dicuntur.
1556 1488 1611 1544 Ga-

88 1578 104 1630 it
113 1575 283 1630 fraternitas
298 1577 429 1646 adoptivi
445 1578 502 1632 mei
516 1578 596 1649 quod
612 1579 660 1634 tali
674 1582 723 1635 vel
777 1577 836 1647 pita
849 1593 919 1632 vero
935 1575 1104 1630 occisorum
1125 1574 1156 1629 in
1171 1576 1302 1631 Africam
1325 1578 1391 1648 regi
1405 1577 1442 1632 ad
1467 1578 1609 1634 honoram

88 1679 110 1719 n
120 1666 321 1720 tautummodo
333 1665 453 1721 Arabici
462 1667 720 1726 exdoliberationa
778 1666 905 1734 mittunt,
921 1668 950 1719 ct
964 1666 1050 1734 caput
1063 1662 1207 1734 Serlouis,
1224 1664 1315 1735 stipiti
1330 1665 1501 1735 impositum
1515 1668 1543 1721 et
1557 1683 1611 1738 per

88 1768 148 1808 ram
156 1757 236 1807 tuam
244 1755 351 1808 debent
359 1755 521 1825 praedatum
532 1757 625 1811 adire.
636 1757 721 1823 Quod
738 1765 765 1825 Β
778 1755 890 1825 plateas
901 1753 985 1808 urbis
993 1752 1131 1822 delatum,
1143 1768 1159 1806 a
1170 1751 1312 1808 clamante
1323 1756 1370 1808 est
1383 1755 1610 1824 praeconizatum

88 1856 107 1895 s
120 1842 243 1896 ridiculo
255 1843 365 1897 habore
376 1845 473 1914 coepit,
490 1845 647 1917 minusque
662 1847 723 1902 sibi
779 1844 848 1914 ejus
862 1858 931 1897 esse
946 1858 963 1896 a
978 1857 1035 1913 quo
1050 1857 1112 1912 prae
1126 1841 1243 1896 caeteris
1257 1841 1357 1896 Sicilia
1371 1841 1609 1914 impugnabatur,

105 1944 142 1984 ex
167 1931 273 1984 vicinis
297 1931 407 1984 castris
438 1934 584 1987 neminem
610 1935 668 1988 sibi
691 1936 720 1990 in
777 1931 881 1986 hostes
891 1930 1024 1985 devictos
1035 1930 1115 1984 nullo
1126 1929 1394 2001 similisuperstite;
1406 1929 1535 1986 Siciliam
1546 1948 1610 1988 suae

90 2018 205 2085 sasivit,
222 2020 275 2073 sed
290 2020 443 2074 terminato
461 2021 508 2075 die
528 2022 722 2078 inconsultus
778 2021 852 2075 sorti
866 2019 970 2074 amodo
986 2018 1171 2088 iacere(188)
1187 2033 1352 2074 cessuram.
1368 2016 1442 2073 Cum
1456 2019 1513 2075 ista
1533 2021 1611 2091 apud

88 2106 173 2159 assit.
188 2106 265 2160 Poro
281 2107 402 2161 Arabici
418 2109 468 2178 qui
480 2110 580 2164 dolum
600 2127 722 2182 compo·
778 2109 954 2164 Panormum
963 2107 1147 2178 principibus
1154 2108 1452 2177 nostrisuuntiautur,
1460 2109 1610 2164 exercitus

87 2194 300 2266 caeptingentis
316 2195 458 2251 militibus
475 2202 502 2252 et
517 2198 636 2254 duobus
655 2202 722 2254 mil·
776 2200 855 2252 totus
863 2197 1008 2251 turbatur.
1018 2196 1124 2250 Comes
1134 2196 1295 2251 amissione
1305 2196 1422 2266 nepotis
1432 2196 1609 2251 intolerabili

88 2296 116 2334 m
140 2281 175 2335 de
197 2282 301 2337 Castro
323 2286 446 2338 loannis
473 2286 618 2358 digressi,
644 2289 722 2343 haud
776 2283 1610 2356 doloreangebatur,duxveroalamentisiratremsuum

87 2384 157 2424 amo
172 2369 202 2424 in
218 2370 324 2425 abditis
339 2373 414 2428 locis
429 2374 555 2428 iusidias
571 2374 717 2444 ordinant,
777 2389 915 2429 coercere
930 2372 1045 2442 volens,
1063 2371 1195 2426 dolorem
1209 2387 1297 2425 suum
1312 2371 1390 2425 virili
1410 2386 1491 2425 more
1507 2372 1609 2427 occul·

87 2458 221 2528 rmmodo,
237 2463 267 2512 ut
282 2460 398 2516 Brahen
415 2459 488 2529 (182)
502 2461 620 2517 Sertori
638 2479 721 2518 man·
776 2464 837 2516 tare
852 2462 1009 2516 nitebatur.
1028 2460 1169 2528 Feminis,
1184 2459 1289 2532 inquit,
1303 2459 1429 2515 lamenta
1443 2459 1609 2530 permittan-

87 2545 143 2600 ites
170 2549 352 2616 mandantes,
379 2551 428 2619 qui
453 2550 587 2619 Ceramo,
619 2553 720 2623 praeda
775 2551 832 2619 tur,
858 2566 913 2605 nos
938 2553 1034 2605 autom
1058 2550 1088 2604 in
1110 2549 1268 2603 vindictam
1292 2548 1382 2604 armis
1407 2549 1606 2621 accingamur.

87 2646 147 2688 rem
163 2635 329 2690 extrahunt.
343 2637 473 2707 Insurgit
483 2639 604 2708 clamor,
622 2640 658 2693 ab
674 2641 719 2695 in·
776 2639 869 2710 lgitur
883 2639 951 2710 quia
966 2638 1125 2710 seiunctim
1151 2638 1187 2692 ad
1213 2637 1338 2693 invicem
1362 2637 1477 2709 utrique
1502 2639 1609 2693 iratres

87 2722 336 2794 :iaetumultuatur,
348 2742 365 2779 a
375 2725 506 2796 Serlouo‚
520 2727 569 2782 ubi
578 2730 718 2784 venatum
775 2729 903 2799 quisque
919 2729 984 2783 suis
994 2727 1170 2783 utilitatibus
1184 2727 1294 2782 lucrari
1306 2727 1472 2796 studebant,
1485 2729 1608 2795 excepto

87 2813 194 2864 nantes
210 2813 292 2865 cives
302 2813 469 2882 audiuntur,
487 2815 540 2869 sed
555 2816 623 2887 quia
639 2817 717 2871 inor·
775 2813 1608 2887 quodcumnecessitatibusincumberent,alterabaltero

87 2902 156 2968 arat,
173 2900 307 2954 nuntium
323 2901 399 2970 opud
413 2900 569 2957 Garamum
584 2905 620 2958 ad
636 2904 718 2959 daie·
775 2904 914 2959 invitatus
930 2905 1064 2959 vicissim
1087 2906 1147 2960 sibi
1161 2905 1199 2959 ad
1222 2904 1349 2958 invicem
1373 2904 1608 2959 succurrendum

87 3002 145 3040 rma
161 3003 292 3059 suosque
315 2991 481 3045 invitandos
496 2993 627 3061 mittens,
642 2994 716 3063 ipse,
775 2993 918 3062 venirent,
926 2993 1184 3063 huiolibro‚alium
1193 2992 1359 3062 incoepturi,
1368 2992 1454 3046 linem
1463 3006 1608 3061 ponamus

87 3073 208 3129 uiastius
217 3078 351 3148 urgebat,
360 3078 567 3135 sciscitaturus
577 3082 717 3152 quidnam
736 3112 762 3173 C
774 3081 843 3135 utin
854 3083 991 3152 sequenti
1001 3082 1037 3137 de
1046 3096 1223 3153 unoquoque
1234 3096 1312 3135 nunc
1323 3079 1480 3150 sejunctim
1488 3080 1607 3134 iterum·

87 3161 179 3217 vditur.
202 3164 459 3237 Aldumuseptcm
469 3167 611 3223 militibus
619 3169 719 3239 praeda
775 3184 832 3240 qus
848 3170 1038 3242 conjunctim,
1051 3174 1139 3242 prout
1153 3170 1218 3242 ipsa
1232 3184 1283 3224 res
1294 3168 1535 3238 expostulaverit,
1549 3171 1607 3241 sty-

87 3265 118 3317 rr,
131 3266 213 3304 arma
224 3253 281 3308 sibi
297 3253 391 3309 delata
402 3257 578 3326 corripiens,
589 3257 719 3329 adoptivi
774 3259 835 3314 lum
850 3259 1041 3315 alternemus.

87 3343 260 3396 necessario
276 3344 416 3399 credulus
432 3344 595 3416 improvide
611 3347 721 3402 subse-

546 3734 680 3807 Explicit
694 3735 774 3791 liber
788 3738 945 3793 secundus.

482 4020 673 4100 LIBER
714 4019 1008 4100 ruu'rlus.

86 4333 192 4402 [uidem
202 4333 310 4387 arduas
322 4349 372 4388 res
383 4334 539 4404 clarosque
552 4331 716 4402 triumphos
730 4311 757 4373 D
773 4346 824 4389 cos
839 4332 973 4404 liquores
986 4346 1083 4403 usquo
1098 4333 1382 4406 degustaturiUnde
1391 4336 1606 4411 etleotorquis·

86 4422 345 4489 eerum3Guisoardi
354 4420 718 4490 videlicetducis,Sicilieo·
772 4423 839 4493 quis
854 4423 988 4478 historiae
1002 4422 1112 4478 seriem
1121 4425 1304 4494 perscrutari
1315 4427 1415 4497 tentat,
1427 4442 1486 4482 non
1500 4427 1603 4485 fallen·

86 4510 209 4580 degerii,
221 4511 477 4581 nuucsejunctim,
488 4525 719 4582 nuncverogre·
772 4511 810 4564 tia
825 4509 983 4566 verborum
999 4514 1173 4583 commenta,
1190 4514 1244 4569 sed
1265 4514 1419 4586 pompales
1439 4514 1604 4587 triumphos

102 4596 198 4652 lacero
214 4614 268 4652 nos
292 4599 457 4668 scripturas
481 4599 719 4670 repromisimus,
770 4600 1029 4655 memorandorum
1042 4601 1174 4659 virorum
1188 4606 1325 4660 attendat.
1342 4602 1413 4669 Quae
1429 4606 1506 4660 euim
1520 4603 1605 4661 inse·

86 4672 165 4747 atria,
183 4687 210 4739 si
232 4689 312 4740 esset
329 4687 405 4740 uude
422 4687 606 4742 aestuandum
632 4688 717 4758 foret,
771 4693 878 4745 ruutur
891 4705 950 4745 non
965 4705 1039 4747 meae
1053 4693 1101 4747 vel
1115 4696 1174 4749 ture
1188 4692 1277 4762 laudi,
1295 4695 1348 4750 sed
1359 4693 1476 4749 illorum
1491 4694 1542 4765 qui
1557 4692 1603 4748 ia·

86 4774 165 4842 ripso
179 4775 269 4827 nobili
280 4776 421 4829 memoria
431 4775 552 4845 clarent,
564 4776 718 4830 nobilioris
771 4778 875 4834 ciendo
891 4796 1036 4851 meruere,
1053 4781 1271 4838 subtitulantur.
1297 4782 1440 4849 Quoniam
1454 4797 1492 4838 ex
1506 4780 1602 4839 edicto

86 4861 719 4933 eunachirographizaret,nelimpidissimus
770 4869 1602 4945 principistempussoribendilimminetquodnogligendo

87 4949 720 5023 dhaurienduml0¹¹lissstu¹bfssi⁰l⁰infflsstiO·
771 4958 1603 5032 hactenusminuspotatumest,adfontemquobauriam

91 5053 118 5089 ¹¹¹
129 5037 165 5091 ab
175 5037 249 5108 ipsis
261 5039 431 5094 Sitissssfibus
441 5040 648 5094 ssbhOllssfliui·
661 5039 720 5094 Sed
771 5054 848 5108 uude
858 5052 1009 5123 limpidius
1017 5054 1176 5121 eructetur,
1187 5066 1342 5107 recurrere
1352 5049 1448 5122 ipsius
1459 5047 1603 5119 principis

85 5125 206 5180 taureis
223 5126 330 5181 tistulis
342 5131 514 5198 paupertate
524 5127 719 5198 prohibemur
770 5159 884 5217 urgens
900 5141 1068 5199 festinantia
1082 5139 1228 5212 probibet.

91 5213 220 5283 ,utimur
231 5215 376 5271 interdum
387 5217 525 5287 plumdsa
535 5217 644 5288 fistula,
656 5217 719 5273 dul-

85 5530 87 5538 .
104 5486 253 5543 BracIem.

87 5555 155 5612 lem.
786 5559 859 5633 (183)
875 5559 906 5614 C.
924 5560 957 5613 P.
973 5555 1071 5613 facile.
