3900 6112
48 338 125 403 asor
263 398 266 402 ,
634 328 842 394 nrrsront
860 328 918 392 ae
940 328 1168 392 narrarunt
1688 327 1768 394 laos
1799 310 1804 319 '

52 533 101 572 ma
115 519 218 572 nostra
240 514 328 569 vitam
348 517 488 569 aeternam
512 513 714 583 consequitur,
734 528 800 583 quae
817 526 887 566 vere
899 512 924 568 Α
937 527 993 581 pus
1009 515 1037 565 θῖ
1056 510 1232 582 sanguinem
1251 510 1431 565 concedatur
1452 509 1482 562 in
1496 509 1622 581 perenni
1644 509 1767 565 saeculo.

51 606 141 661 nobis
157 621 172 659 a
189 605 312 659 Domino
328 607 430 657 nostro
447 603 518 657 tesu
534 601 652 656 Christo
669 617 721 671 per
730 601 803 672 ejus
820 616 888 655 eor·
939 601 1043 654 Amen.

980 790 984 795 .
991 788 1370 796 ——m

343 921 961 1028 GUITMUNDI
1003 921 1509 1025 EPISTULA

728 1176 794 1252 te
823 1174 1100 1253 uerterunt.

477 1367 649 1437 (Genusum,
673 1366 809 1421 Veterum
825 1365 950 1422 Petrum
965 1366 1163 1435 Bibliotheca,
1181 1366 1257 1432 xlv,
1275 1367 1348 1435 eto).

722 1618 1114 1698 MONITUM.

94 1826 168 1882 Cum
183 1826 279 1880 adhue
296 1825 453 1895 presbyter
469 1826 551 1878 assat
572 1823 778 1890 GuitmunduS,
803 1824 1004 1896 iuterrogatus
1028 1824 1080 1878 fuit
1096 1841 1111 1878 a
1133 1824 1225 1878 fratre
1240 1823 1367 1894 quodam
1383 1822 1501 1878 Errasto
1518 1824 1554 1877 de
1569 1825 1735 1879 substantia
1750 1829 1779 1880 θῖ

57 1899 169 1952 unitate
192 1897 243 1951 SS.
264 1896 425 1957 Trinitatis.
443 1895 478 1948 da
496 1896 637 1965 mysterio
654 1895 799 1949 Domiuiei
824 1896 970 1964 eorporis,
986 1896 1054 1949 item
1072 1895 1107 1950 de
1134 1894 1378 1948 similitudinibus
1394 1895 1503 1964 quibus
1523 1895 1564 1948 uti
1581 1895 1687 1965 solent,
1709 1901 1779 1966 puta

59 1968 188 2038 sphaerae
203 1968 239 2021 ed
251 1966 499 2036 comprobandam
513 1966 665 2020 Trinitatis
676 1967 826 2021 unitatem.
840 1965 1057 2048 Hispostulatis
1070 1966 1231 2035 respondet
1242 1969 1272 2019 ut
1282 1966 1780 2040 cautumsobriumquetheologum

59 2039 155 2095 decet.
172 2039 271 2093 Mutila
287 2039 322 2092 ad
338 2053 393 2093 nos
408 2037 541 2108 pervenit
552 2037 687 2107 epistola,
704 2053 792 2108 quam
807 2053 844 2091 ax
860 2037 1020 2108 Spreilegio
1036 2036 1221 2091 Dachariano
1237 2036 1435 2090 recudendam
1450 2052 1555 2091 sumus
1573 2038 1708 2093 mutuati.

97 2227 388 2282 Adamantissimum
402 2226 522 2282 fratrem
533 2225 691 2281 Enrasruu
703 2226 894 2282 iratorGurr-
914 2207 1032 2280 Boalor
1052 2228 1148 2279 autem
1171 2224 1297 2280 calidum
1319 2226 1388 2281 feeit
1408 2229 1547 2298 operandi
1565 2229 1681 2298 virtute,
1707 2228 1782 2284 loeis

60 2333 189 2385 uranus,
215 2317 356 2387 indignus
372 2316 539 2386 presbyter,
565 2314 630 2369 sine
650 2314 708 2370 tine
731 2316 852 2386 gloriari
867 2315 897 2368 in
950 2315 1037 2370 etium
1057 2317 1084 2369 et
1104 2314 1288 2383 temporibus
1305 2315 1510 2388 subjectisque
1531 2318 1703 2388 plerumque
1718 2318 1782 2372 dis-

61 2405 183 2461 Christo
198 2405 272 2459 lesu
288 2404 412 2458 Domino
428 2406 540 2458 nostro.
951 2408 1040 2460 aretae
1055 2406 1132 2458 suut.
1154 2402 1239 2473 Saepe
1261 2404 1338 2457 enim
1360 2405 1423 2459 sole
1439 2406 1560 2476 oriente,
1584 2406 1660 2461 solis
1685 2405 1784 2477 fulgor

98 2495 120 2548 1.
150 2494 284 2547 Perleeta
308 2491 502 2547 fraternitatis
526 2497 584 2546 tuae
606 2491 750 2561 epistola,
772 2508 808 2547 ex
833 2492 898 2562 ipsa
951 2495 1090 2556 rernitur,
1116 2491 1167 2546 ubi
1182 2491 1249 2562 ejus
1273 2493 1391 2548 omnino
1413 2494 1514 2548 nullus
1530 2495 1610 2549 calor
1634 2495 1783 2549 sentitur:

62 2582 288 2653 inquisitionum
303 2584 419 2635 tuarum
439 2582 552 2636 ratione
567 2581 707 2650 perpendi
731 2585 898 2650 correptum
952 2586 980 2639 et
994 2581 1154 2637 meridiano
1169 2586 1301 2650 tempore
1323 2582 1405 2636 calor
1420 2582 1488 2654 ejus
1503 2583 1593 2638 multa
1608 2583 1703 2638 solida
1720 2598 1786 2637 eor·

63 2672 128 2738 Dei,
145 2671 260 2737 timore,
276 2671 312 2724 ad
331 2670 503 2739 sapientiam
530 2670 725 2738 spiritualium
750 2685 849 2723 rerum
865 2684 899 2722 ae
952 2689 1023 2743 pora
1037 2672 1180 2741 penetrat,
1198 2670 1226 2723 in
1241 2685 1307 2740 quaa
1322 2670 1394 2725 nihil
1411 2688 1537 2741 prorsus
1553 2672 1673 2727 luminis
1688 2674 1786 2727 intrat.

63 2760 266 2825 seientiamto,
280 2757 509 2830 undagratulor,
528 2772 585 2811 nen
604 2758 744 2811 inutiliter
754 2757 898 2811 exerceri.
953 2761 1015 2816 Neo
1031 2760 1142 2814 eisdem
1158 2774 1276 2829 quoque
1294 2760 1436 2815 sensibus
1452 2777 1467 2814 a
1486 2761 1573 2815 nobis
1589 2760 1787 2831 excipiuntur.

63 2847 147 2913 Quod
168 2848 246 2902 enim
268 2848 303 2902 de
329 2848 493 2902 substantia
527 2851 614 2917 atque
642 2847 751 2901 unitata
781 2850 900 2900 aeternae
953 2850 1027 2904 Nam
1043 2847 1184 2917 splendor
1202 2847 1280 2915 risu,
1306 2850 1383 2902 teetu
1400 2849 1481 2902 oator
1504 2849 1676 2919 admittitur,
1692 2851 1730 2904 ita
1757 2852 1790 2905 ut

64 2937 217 2992 Trinitatis
238 2936 384 3006 quaesisti,
409 2936 561 3007 sapientire
576 2938 631 2989 est.
652 2934 734 3000 Quod
753 2937 849 2989 autem
865 2933 900 2988 de
953 2938 1040 2994 etiam
1068 2952 1122 3006 per
1145 2937 1335 3005 eontrarium,
1362 2939 1391 2991 et
1403 2938 1563 3009 pergrandi
1585 2939 1652 3009 quis
1677 2937 1791 3011 frigore

66 3026 208 3096 mysterio
223 3025 368 3079 Dominiei
383 3025 520 3094 eorporis
535 3024 683 3094 adjecisti,
700 3023 735 3076 ad
747 3023 900 3078 seientiam
953 3030 1084 3096 torpens,
1102 3040 1240 3097 magnum
1258 3040 1274 3078 a
1294 3025 1381 3098 longe
1404 3025 1503 3081 lumen
1530 3026 1605 3081 solis
1619 3027 1717 3081 rideat
1734 3042 1740 3082 :
1758 3030 1787 3082 et

71 3117 196 3185 spectet.
212 3114 282 3168 Item
299 3113 370 3167 illud
391 3114 468 3183 quod
485 3113 521 3167 ad
538 3112 785 3183 comprobandam
802 3111 897 3165 Trini-
953 3115 1092 3170 tenebras
1109 3128 1208 3168 caecus
1221 3114 1347 3184 patiens,
1365 3114 1463 3169 calore
1478 3114 1546 3186 ejus
1566 3115 1714 3170 interdum
1736 3130 1790 3170 va-

64 3203 137 3258 tatis
160 3203 309 3272 unitatem,
336 3201 557 3255 similitudinem
584 3202 625 3255 rai
648 3200 840 3270 temporalis,
866 3199 902 3253 de
953 3203 1013 3258 lido
1030 3202 1219 3257 contabescat
1233 3201 1279 3256 vel
1297 3201 1467 3257 hilareseat.

66 3292 187 3362 sphaera
202 3291 338 3345 videlieet
354 3290 428 3344 solis
448 3291 630 3358 memorasti,
648 3289 781 3344 seientire
797 3288 903 3342 nibilo-
992 3292 1039 3346 lll.
1058 3292 1159 3362 Longa
1180 3291 1270 3361 igitur
1294 3293 1321 3345 et
1338 3290 1394 3345 ista
1417 3291 1475 3346 duo
1499 3291 1626 3347 iuvieem
1642 3291 1792 3350 differunt.

67 3381 168 3435 minus
189 3382 245 3434 est.
269 3379 428 3434 Commoda
456 3379 542 3449 plane
571 3378 844 3448 pulcherrimaque,
874 3380 904 3432 et
955 3381 1022 3437 Non
1038 3382 1134 3434 autem
1151 3379 1211 3433 Deo
1227 3394 1293 3433 eum
1308 3379 1452 3448 sapientia
1477 3396 1542 3449 sua,
1562 3383 1705 3436 atemere
1724 3396 1791 3452 sue,

62 3467 286 3540 jucundissima
310 3467 507 3537 philosophia,
524 3467 551 3520 si
571 3467 596 3520 ei
617 3480 806 3536 perseveras.
831 3465 903 3520 Haee
918 3445 1015 3525 Gtam
1037 3468 1137 3539 parva,
1160 3468 1208 3522 rel
1228 3470 1286 3520 tam
1307 3467 1492 3537 discrepans,
1517 3471 1547 3523 ut
1568 3469 1607 3523 ita
1622 3469 1728 3540 dicam,
1747 3473 1795 3525 est

65 3572 196 3627 namque
213 3572 271 3610 non
280 3556 390 3611 terreni
401 3571 455 3610 neo
474 3555 610 3624 humana,
623 3555 677 3609 sed
690 3570 759 3609 vere
772 3555 904 3609 caelestis
957 3559 1055 3614 unitas
1068 3574 1073 3611 :
1086 3572 1141 3611 nee
1153 3555 1296 3625 sapientia
1306 3561 1333 3610 et
1343 3571 1425 3610 amor
1433 3556 1486 3611 Dei
1498 3557 1593 3628 ipsius
1604 3558 1712 3613 divinae
1723 3558 1795 3614 sub·

66 3650 116 3702 est
132 3648 161 3700 θῖ
170 3646 268 3699 diviua
279 3661 285 3699 :
298 3645 363 3699 heae
375 3645 520 3699 laboranti
531 3645 634 3698 suavis
643 3643 827 3709 refestioest‚
837 3645 906 3714 post
958 3647 1073 3702 stantiae
1084 3644 1240 3715 qualitates
1252 3648 1330 3699 sunt.
1346 3644 1449 3716 Neque
1458 3645 1527 3700 item
1544 3647 1600 3701 iste
1611 3646 1669 3703 duo
1687 3648 1795 3703 tantis·

64 3734 202 3790 laborem
227 3732 357 3803 perlaeta
380 3733 530 3787 beatitudo
552 3734 607 3800 est,
629 3733 806 3802 quambene
831 3731 905 3786 facis
957 3750 1012 3805 per
1026 3733 1062 3787 ab
1078 3733 1204 3786 invicem
1221 3730 1367 3786 differunt.
1384 3732 1435 3786 Illa
1451 3734 1558 3804 quippe
1571 3751 1649 3790 unus
1664 3737 1709 3791 sol
1726 3751 1797 3808 quo·

68 3823 206 3878 studiose
216 3822 387 3892 quaerendo,
398 3837 464 3892 quae
478 3824 505 3876 et
516 3821 665 3890 aperietur
673 3821 824 3875 indefesse
839 3820 906 3891 pul·
958 3820 1113 3877 dummodo
1129 3820 1277 3887 dicuntur,
1294 3820 1363 3890 quia
1377 3820 1407 3874 in
1423 3822 1486 3875 sole
1503 3839 1561 3877 uno
1578 3839 1678 3878 coaeva
1695 3824 1747 3895 illi,
1764 3829 1794 3881 et

68 3911 178 3967 sendo.
194 3910 333 3965 Gaudens
355 3911 447 3982 igitur
468 3926 541 3982 ergo
557 3911 697 3965 exercitio
719 3916 748 3964 et
764 3910 907 3981 proleetui
959 3908 1169 3978 inseparabilia
1185 3910 1253 3961 sunt
1270 3924 1276 3961 :
1294 3923 1352 3961 non
1368 3912 1465 3963 autem
1479 3909 1608 3980 idipsum
1630 3913 1709 3983 quod
1725 3917 1795 3969 suut

68 4003 135 4067 tuo,
147 4014 212 4069 quae
227 3998 385 4068 aliquando
401 3997 429 4053 si
447 3998 574 4052 voluerit
589 3998 731 4052 Dominus
746 4000 776 4052 in
790 3998 907 4070 longia·
959 4015 1011 4068 per
1026 4013 1060 4053 se
1076 3996 1205 4066 singula,
1226 3995 1262 4050 ad
1278 3996 1404 4050 invicem
1424 4013 1514 4052 unum
1533 4001 1621 4068 sunt3
1642 4002 1794 4072 quoniam,

67 4103 138 4143 rem
154 4087 380 4157 disputationem
396 4087 431 4140 de
447 4086 494 4140 his
510 4085 646 4140 conferre
663 4087 772 4158 eogito,
784 4102 820 4142 ne
831 4102 909 4157 quae.
960 4073 1240 4155 utpraedietumest,
1254 4084 1489 4140 substantialiter
1504 4086 1679 4142 abinvicem
1699 4090 1798 4144 omnia

69 4177 189 4232 stiones
205 4181 271 4229 tuas
286 4173 430 4243 differam,
448 4179 556 4245 quanta
580 4176 663 4230 valeo
678 4175 821 4230 brevitate
841 4191 907 4230 sue·
961 4173 1107 4229 differunt.
1124 4175 1161 4227 at
1183 4174 1277 4236 Pater,
1304 4175 1332 4227 ot
1350 4173 1491 4241 Verbum,
1516 4177 1546 4229 et
1566 4174 1705 4246 SpirituS,
1731 4178 1798 4234 sive

69 4266 171 4321 einete
186 4264 366 4334 respondeo.
962 4264 1051 4318 Pater
1066 4266 1095 4317 θῖ
1108 4262 1255 4332 Sapientia
1271 4264 1300 4316 et
1310 4260 1410 4329 Amor,
1429 4262 1469 4317 ita
1484 4263 1513 4317 in
1529 4279 1587 4318 uno
1608 4265 1679 4332 Deo,
1696 4266 1743 4322 vel
1758 4267 1799 4322 ita

110 4353 148 4408 ll.
164 4352 196 4407 In
217 4353 266 4406 illa
290 4353 386 4423 itaque
409 4352 536 4422 sphaerae
552 4352 661 4407 solaris
687 4353 850 4419 collatione,
873 4354 909 4408 da
961 4369 1040 4407 unus
1065 4352 1144 4406 Deus
1164 4355 1250 4418 sunt,
1276 4353 1308 4406 ut
1331 4367 1422 4406 unum
1441 4351 1479 4407 ad
1504 4352 1629 4409 inrioem
1650 4354 1716 4410 sine
1739 4357 1800 4411 ulla

69 4458 133 4515 qua
157 4442 211 4496 tibi
234 4441 360 4511 primum
381 4441 557 4512 responderi
577 4442 726 4512 flagitasti,
754 4442 910 4514 diligenter
963 4440 1100 4496 distantia
1117 4440 1166 4508 sit,
1182 4440 1323 4510 quidquid
1339 4455 1393 4510 per
1408 4456 1441 4496 se
1465 4440 1582 4513 singula
1597 4443 1801 4499 essentialiter

70 4531 205 4588 observa
219 4531 255 4585 ad
270 4530 910 4601 hoeillamvalore,uisioutsphaera,spten-
964 4533 1043 4585 sunt.
1070 4529 1111 4583 Da
1132 4529 1219 4583 Patra
1244 4530 1272 4583 θῖ
1297 4529 1369 4583 Filio
1393 4530 1437 4583 sio
1459 4531 1552 4586 habes
1578 4531 1608 4587 in
1637 4532 1800 4605 Evangelio

71 4621 141 4689 dor,
158 4623 186 4675 et
201 4619 292 4688 color,
307 4634 366 4673 non
380 4622 453 4688 tres,
467 4619 622 4674 sedunum
637 4619 792 4689 proferunt
803 4620 908 4689 solem,
966 4618 1122 4673 Dominum
1136 4620 1271 4671 nostrum
1282 4618 1428 4673 dicentem
1440 4635 1447 4672 ι
1458 4619 1597 4689 Eposunr
1609 4622 1640 4675 in
1651 4621 1755 4690 Patre,
1770 4625 1802 4677 et

69 4708 117 4764 ita
134 4709 162 4763 in
177 4709 273 4778 Patra,
294 4712 322 4762 et
339 4707 496 4778 Sapientia,
513 4712 541 4762 et
556 4707 666 4762 Amore
683 4709 836 4780 utriusque
852 4701 951 4763 nonD
968 4708 1061 4762 Peter
1073 4707 1104 4760 in
1120 4722 1175 4760 me.
1186 4705 1238 4760 Et:
1253 4705 1309 4771 Qui
1323 4707 1403 4762 ridet
1413 4723 1469 4777 me,
1483 4709 1799 4765 videtetPatrem.Et:

71 4804 140 4856 tres
151 4799 239 4867 Deos,
258 4797 313 4852 sed
321 4797 437 4851 unicam
446 4797 713 4852 sentiasdeitatem.
730 4797 764 4851 Et
775 4798 909 4854 sioutsol
967 4797 1032 4868 qu
1047 4800 1076 4850 el
1091 4794 1186 4849 Pater
1202 4812 1287 4848 unum
1302 4811 1411 4850 surius.
1434 4796 1499 4850 Non
1513 4798 1592 4852 anim
1611 4799 1699 4853 Pater
1714 4799 1803 4854 habet

71 4902 166 4960 quem
190 4887 276 4941 mittit
297 4885 485 4956 splendorem
512 4886 570 4940 sibi
599 4885 688 4939 habet
715 4887 833 4941 omnino
865 4902 914 4942 eo·
968 4900 1005 4939 ex
1019 4884 1076 4938 alio
1090 4882 1196 4938 Filium
1220 4899 1308 4954 quam
1324 4899 1361 4939 ex
1377 4900 1421 4938 sa.
1442 4885 1546 4957 Neque
1562 4887 1639 4941 enim
1655 4890 1721 4942 ante
1737 4903 1803 4942 om-

73 4991 188 5045 oevum,
196 4976 235 5029 ita
244 4976 323 5030 Deus
332 4974 419 5030 Pater
429 4975 485 5030 sibi
497 4989 623 5045 prorsus
633 4973 817 5045 habetquam
829 4975 864 5029 de
880 4990 913 5029 se
968 4988 1035 5028 nem
1050 4975 1216 5027 ereaturam
1232 4972 1309 5026 aliud
1326 4974 1482 5043 quidquam
1500 4979 1572 5030 erat.
1586 4974 1690 5030 Omnia
1705 4979 1804 5031 autom

73 5067 202 5139 generat
210 5063 315 5118 Filium
327 5066 516 5119 coaeternum.
531 5063 605 5117 Illud
616 5078 687 5117 sano
699 5063 766 5118 volo
787 5062 914 5117 sollicita
969 5077 1035 5132 quas
1044 5060 1120 5115 saeta
1129 5064 1208 5128 sunt,
1218 5061 1296 5115 sieut
1307 5061 1449 5130 seriptum
1460 5065 1515 5130 est,
1526 5079 1579 5134 per
1589 5064 1688 5134 ipsum
1696 5063 1804 5119 Filium

74 5153 225 5222 attendas,
240 5153 416 5224 longissime
432 5153 515 5206 aliter
530 5151 684 5222 utriusque
701 5155 788 5222 atque
805 5151 914 5206 insola
969 5150 1044 5204 saeta
1061 5152 1148 5219 sunt;
1174 5150 1201 5204 si
1215 5150 1305 5222 igitur
1322 5152 1418 5205 omnia
1436 5146 1521 5221 saeta,
1542 5168 1595 5222 per
1613 5152 1712 5223 ipsum
1727 5153 1805 5210 taeta

74 5246 138 5312 est,
155 5242 233 5296 illam
247 5242 343 5312 ipsam
360 5257 484 5296 summae
498 5240 659 5295 divinitatis
671 5240 835 5295 consistere
851 5240 914 5294 uni·
969 5242 1038 5294 sunt
1053 5254 1148 5309 neque
1161 5237 1225 5307 ipse
1249 5239 1344 5293 laetus
1367 5243 1422 5310 est,
1439 5256 1534 5310 neque
1550 5241 1657 5295 exalia
1676 5258 1719 5312 re,
1737 5258 1805 5298 curn

73 5335 179 5389 tatem.
197 5329 229 5384 ln
244 5329 308 5384 sole
323 5329 432 5400 quippe
447 5331 475 5383 et
495 5328 594 5399 fulgor
607 5332 635 5382 at
651 5327 743 5395 calor,
761 5328 916 5398 qualitates
968 5327 1041 5382 nihil
1052 5327 1130 5381 aliud
1142 5331 1237 5391 esset;
1252 5327 1304 5381 sed
1316 5328 1351 5382 de
1368 5344 1401 5382 se
1412 5329 1574 5384 Paterente
1585 5331 1682 5385 omnia
1701 5330 1805 5403 genuit

76 5423 161 5483 aunt,
191 5419 236 5473 sol
263 5432 333 5472 vero
349 5418 414 5487 ipse
431 5416 597 5471 substantia
614 5419 669 5485 est,
693 5420 781 5487 atquo
805 5416 917 5471 ideireo
968 5417 1076 5485 ipsum.
1096 5415 1127 5469 si
1143 5418 1238 5469 autam
1260 5431 1295 5471 ax
1308 5417 1475 5472 substantia
1490 5417 1587 5472 Patris
1604 5421 1747 5474 natusest
1762 5416 1808 5472 Fi-

77 5524 141 5566 non
150 5507 277 5577 idipsum
289 5509 335 5561 ost
346 5506 402 5573 sol,
412 5506 489 5576 quad
501 5505 550 5559 illa
563 5505 621 5559 duo
633 5505 745 5575 reliqua
758 5507 836 5558 suut.
859 5504 917 5559 Sed
968 5504 1038 5572 liuS,
1051 5505 1188 5574 quoniam
1206 5504 1413 5559 insubstantia
1427 5506 1475 5560 illa
1486 5507 1566 5561 nulla
1581 5523 1651 5578 pars
1669 5510 1716 5562 ast
1727 5509 1806 5575 (nam

77 5591 918 5666 etipsaequalitatessubstantialiterabinrieemdillerunt·
969 5594 1095 5664 primum
1105 5591 1283 5662 principium
1293 5592 1522 5664 incompositum
1534 5598 1589 5661 est,
1606 5593 1808 5666 neeeomponi
1914 5576 1917 5581 ¹

77 5685 198 5767 quinat
213 5684 332 5741 diversa
347 5683 502 5741 taeisntes.
519 5682 594 5741 Nam
617 5680 749 5739 luridum
763 5681 915 5756 splendor,
970 5681 1089 5739 omnino
1099 5679 1191 5755 novit,
1208 5680 1277 5759 quia
1287 5681 1384 5741 omnia
1394 5681 1460 5759 ipse
1475 5682 1662 5758 oomposuit),
1671 5682 1740 5741 itam
1752 5696 1808 5745 nte
