<?xml version="1.0" encoding="UTF-8"?>
<!DOCTYPE html PUBLIC "-//W3C//DTD XHTML 1.0 Transitional//EN"
    "http://www.w3.org/TR/xhtml1/DTD/xhtml1-transitional.dtd">
<html xmlns="http://www.w3.org/1999/xhtml" xml:lang="en" lang="en">
 <head>
  <title>
</title>
<meta http-equiv="Content-Type" content="text/html;charset=utf-8" />
  <meta name='ocr-system' content='tesseract 3.04.00' />
  <meta name='ocr-capabilities' content='ocr_page ocr_carea ocr_par ocr_line ocrx_word'/>
</head>
<body>
  <div class='ocr_page' id='page_1' title='image "./patrologiaecurs66unkngoog_0175.png"; bbox 0 0 3900 6112; ppageno 0'>
   <div class='ocr_carea' id='block_1_1' title="bbox 114 300 174 386">
    <p class='ocr_par' dir='ltr' id='par_1_1' title="bbox 114 300 174 386">
     <span class='ocr_line' id='line_1_1' title="bbox 114 300 174 386; baseline -0.05 0"><span class='ocrx_word' id='word_1_1' title='bbox 114 300 174 386; x_wconf 86' lang='lat' dir='ltr'><strong>esa</strong></span> 
     </span>
    </p>
   </div>
   <div class='ocr_carea' id='block_1_2' title="bbox 731 290 1243 379">
    <p class='ocr_par' dir='ltr' id='par_1_2' title="bbox 731 290 1243 379">
     <span class='ocr_line' id='line_1_2' title="bbox 731 290 1243 379; baseline -0.002 -4"><span class='ocrx_word' id='word_1_2' title='bbox 731 312 946 379; x_wconf 76' lang='lat' dir='ltr'><strong>sanusne</strong></span> <span class='ocrx_word' id='word_1_3' title='bbox 967 290 1243 377; x_wconf 81' lang='lat' dir='ltr'><strong>unnecnmru</strong></span> 
     </span>
    </p>
   </div>
   <div class='ocr_carea' id='block_1_3' title="bbox 1775 317 1838 381">
    <p class='ocr_par' dir='ltr' id='par_1_3' title="bbox 1775 317 1838 381">
     <span class='ocr_line' id='line_1_3' title="bbox 1775 317 1838 381; baseline 0 0"><span class='ocrx_word' id='word_1_4' title='bbox 1775 317 1838 381; x_wconf 76' lang='lat'><strong>34⁰</strong></span> 
     </span>
    </p>
   </div>
   <div class='ocr_carea' id='block_1_4' title="bbox 115 495 1837 591">
    <p class='ocr_par' dir='ltr' id='par_1_4' title="bbox 115 495 1837 591">
     <span class='ocr_line' id='line_1_4' title="bbox 115 495 1837 591; baseline -0.004 -15"><span class='ocrx_word' id='word_1_5' title='bbox 115 523 145 576; x_wconf 90' lang='lat' dir='ltr'><strong>in</strong></span> <span class='ocrx_word' id='word_1_6' title='bbox 160 517 635 591; x_wconf 82' lang='lat' dir='ltr'><strong>captivitateistanonineoepimus</strong></span> <span class='ocrx_word' id='word_1_7' title='bbox 647 495 982 570; x_wconf 72' lang='lat' dir='ltr'><strong>observoreeireum-tl</strong></span> <span class='ocrx_word' id='word_1_8' title='bbox 1001 512 1031 567; x_wconf 91' lang='lat' dir='ltr'><strong>in</strong></span> <span class='ocrx_word' id='word_1_9' title='bbox 1047 528 1105 584; x_wconf 93' lang='lat' dir='ltr'><strong>qua</strong></span> <span class='ocrx_word' id='word_1_10' title='bbox 1119 528 1197 568; x_wconf 91' lang='lat' dir='ltr'><strong>nune</strong></span> <span class='ocrx_word' id='word_1_11' title='bbox 1211 528 1325 583; x_wconf 90' lang='lat' dir='ltr'><strong>sumus,</strong></span> <span class='ocrx_word' id='word_1_12' title='bbox 1342 516 1388 568; x_wconf 85' lang='lat' dir='ltr'><strong>est</strong></span> <span class='ocrx_word' id='word_1_13' title='bbox 1403 514 1491 586; x_wconf 91' lang='lat' dir='ltr'><strong>longa</strong></span> <span class='ocrx_word' id='word_1_14' title='bbox 1504 513 1565 585; x_wconf 85' lang='lat' dir='ltr'><strong>jaro</strong></span> <span class='ocrx_word' id='word_1_15' title='bbox 1590 515 1668 570; x_wconf 90' lang='lat' dir='ltr'><strong>mille</strong></span> <span class='ocrx_word' id='word_1_16' title='bbox 1688 531 1837 571; x_wconf 90' lang='lat' dir='ltr'><strong>annorum</strong></span> 
     </span>
    </p>
   </div>
   <div class='ocr_carea' id='block_1_5' title="bbox 103 604 946 1823">
    <p class='ocr_par' dir='ltr' id='par_1_5' title="bbox 103 604 946 1823">
     <span class='ocr_line' id='line_1_5' title="bbox 116 604 944 677; baseline -0.011 -12"><span class='ocrx_word' id='word_1_17' title='bbox 116 610 269 677; x_wconf 89' lang='lat' dir='ltr'><strong>cisionem,</strong></span> <span class='ocrx_word' id='word_1_18' title='bbox 286 613 314 663; x_wconf 93' lang='lat' dir='ltr'><strong>et</strong></span> <span class='ocrx_word' id='word_1_19' title='bbox 329 607 498 673; x_wconf 87' lang='lat' dir='ltr'><strong>Sabbatum,</strong></span> <span class='ocrx_word' id='word_1_20' title='bbox 516 609 544 660; x_wconf 92' lang='lat' dir='ltr'><strong>et</strong></span> <span class='ocrx_word' id='word_1_21' title='bbox 558 606 631 659; x_wconf 88' lang='lat' dir='ltr'><strong>alias</strong></span> <span class='ocrx_word' id='word_1_22' title='bbox 653 604 847 659; x_wconf 86' lang='lat' dir='ltr'><strong>caeremonias</strong></span> <span class='ocrx_word' id='word_1_23' title='bbox 869 619 944 673; x_wconf 86' lang='lat' dir='ltr'><strong>quas</strong></span> 
     </span>
     <span class='ocr_line' id='line_1_6' title="bbox 115 693 944 765; baseline -0.008 -13"><span class='ocrx_word' id='word_1_24' title='bbox 115 703 250 752; x_wconf 91' lang='lat' dir='ltr'><strong>tenemus</strong></span> <span class='ocrx_word' id='word_1_25' title='bbox 265 697 428 750; x_wconf 87' lang='lat' dir='ltr'><strong>seeundum</strong></span> <span class='ocrx_word' id='word_1_26' title='bbox 443 694 539 765; x_wconf 88' lang='lat' dir='ltr'><strong>legem</strong></span> <span class='ocrx_word' id='word_1_27' title='bbox 553 694 639 748; x_wconf 86' lang='lat' dir='ltr'><strong>blosi.</strong></span> <span class='ocrx_word' id='word_1_28' title='bbox 657 693 731 746; x_wconf 91' lang='lat' dir='ltr'><strong>Nam</strong></span> <span class='ocrx_word' id='word_1_29' title='bbox 747 708 802 746; x_wconf 91' lang='lat' dir='ltr'><strong>nos</strong></span> <span class='ocrx_word' id='word_1_30' title='bbox 818 707 944 762; x_wconf 83' lang='lat' dir='ltr'><strong>cognes-</strong></span> 
     </span>
     <span class='ocr_line' id='line_1_7' title="bbox 103 780 944 856; baseline -0.011 -15"><span class='ocrx_word' id='word_1_31' title='bbox 103 787 209 841; x_wconf 82' lang='lat' dir='ltr'><strong>-eimus</strong></span> <span class='ocrx_word' id='word_1_32' title='bbox 224 784 302 856; x_wconf 89' lang='lat' dir='ltr'><strong>quod</strong></span> <span class='ocrx_word' id='word_1_33' title='bbox 314 789 469 853; x_wconf 86' lang='lat' dir='ltr'><strong>atempore</strong></span> <span class='ocrx_word' id='word_1_34' title='bbox 478 798 536 852; x_wconf 90' lang='lat' dir='ltr'><strong>quo</strong></span> <span class='ocrx_word' id='word_1_35' title='bbox 545 782 628 836; x_wconf 85' lang='lat' dir='ltr'>Titus</span> <span class='ocrx_word' id='word_1_36' title='bbox 640 782 787 835; x_wconf 78' lang='lat' dir='ltr'>destruxit</span> <span class='ocrx_word' id='word_1_37' title='bbox 797 780 944 835; x_wconf 91' lang='lat' dir='ltr'><strong>civitatem</strong></span> 
     </span>
     <span class='ocr_line' id='line_1_8' title="bbox 115 868 945 940; baseline -0.01 -12"><span class='ocrx_word' id='word_1_38' title='bbox 115 877 256 938; x_wconf 85' lang='lat' dir='ltr'><strong>sanatam,</strong></span> <span class='ocrx_word' id='word_1_39' title='bbox 275 875 304 926; x_wconf 88' lang='lat' dir='ltr'><strong>at</strong></span> <span class='ocrx_word' id='word_1_40' title='bbox 317 872 457 940; x_wconf 89' lang='lat' dir='ltr'><strong>templum</strong></span> <span class='ocrx_word' id='word_1_41' title='bbox 473 870 637 925; x_wconf 89' lang='lat' dir='ltr'><strong>combussit</strong></span> <span class='ocrx_word' id='word_1_42' title='bbox 652 875 681 924; x_wconf 89' lang='lat' dir='ltr'><strong>et</strong></span> <span class='ocrx_word' id='word_1_43' title='bbox 696 868 903 936; x_wconf 78' lang='lat' dir='ltr'><strong>bibliothecas,</strong></span> <span class='ocrx_word' id='word_1_44' title='bbox 916 871 945 921; x_wconf 91' lang='lat' dir='ltr'><strong>et</strong></span> 
     </span>
     <span class='ocr_line' id='line_1_9' title="bbox 115 957 944 1030; baseline -0.008 -14"><span class='ocrx_word' id='word_1_45' title='bbox 115 976 171 1016; x_wconf 90' lang='lat' dir='ltr'><strong>nos</strong></span> <span class='ocrx_word' id='word_1_46' title='bbox 186 962 216 1014; x_wconf 92' lang='lat' dir='ltr'><strong>in</strong></span> <span class='ocrx_word' id='word_1_47' title='bbox 231 961 427 1030; x_wconf 88' lang='lat' dir='ltr'><strong>captivitatem</strong></span> <span class='ocrx_word' id='word_1_48' title='bbox 443 960 529 1013; x_wconf 92' lang='lat' dir='ltr'><strong>istam</strong></span> <span class='ocrx_word' id='word_1_49' title='bbox 539 958 690 1027; x_wconf 85' lang='lat' dir='ltr'><strong>dispersit,</strong></span> <span class='ocrx_word' id='word_1_50' title='bbox 700 960 728 1011; x_wconf 89' lang='lat' dir='ltr'><strong>et</strong></span> <span class='ocrx_word' id='word_1_51' title='bbox 744 971 780 1011; x_wconf 86' lang='lat' dir='ltr'><strong>ex</strong></span> <span class='ocrx_word' id='word_1_52' title='bbox 796 960 864 1010; x_wconf 90' lang='lat' dir='ltr'><strong>tune</strong></span> <span class='ocrx_word' id='word_1_53' title='bbox 876 957 944 1010; x_wconf 83' lang='lat' dir='ltr'><strong>‘ees-</strong></span> 
     </span>
     <span class='ocr_line' id='line_1_10' title="bbox 116 1044 945 1118; baseline -0.008 -14"><span class='ocrx_word' id='word_1_54' title='bbox 116 1049 194 1104; x_wconf 85' lang='lat' dir='ltr'><strong>ssvit</strong></span> <span class='ocrx_word' id='word_1_55' title='bbox 208 1049 348 1102; x_wconf 90' lang='lat' dir='ltr'><strong>internos</strong></span> <span class='ocrx_word' id='word_1_56' title='bbox 358 1047 461 1118; x_wconf 86' lang='lat' dir='ltr'><strong>vigere</strong></span> <span class='ocrx_word' id='word_1_57' title='bbox 472 1046 661 1110; x_wconf 84' lang='lat' dir='ltr'><strong>sacrificium,</strong></span> <span class='ocrx_word' id='word_1_58' title='bbox 676 1046 840 1099; x_wconf 88' lang='lat' dir='ltr'><strong>oblationes</strong></span> <span class='ocrx_word' id='word_1_59' title='bbox 849 1049 877 1099; x_wconf 92' lang='lat' dir='ltr'><strong>et</strong></span> <span class='ocrx_word' id='word_1_60' title='bbox 893 1044 945 1098; x_wconf 87' lang='lat' dir='ltr'><strong>bo·</strong></span> 
     </span>
     <span class='ocr_line' id='line_1_11' title="bbox 116 1134 945 1205; baseline -0.005 -15"><span class='ocrx_word' id='word_1_61' title='bbox 116 1137 258 1203; x_wconf 81' lang='lat' dir='ltr'><strong>lucensio,</strong></span> <span class='ocrx_word' id='word_1_62' title='bbox 276 1138 304 1190; x_wconf 90' lang='lat' dir='ltr'><strong>et</strong></span> <span class='ocrx_word' id='word_1_63' title='bbox 318 1137 397 1189; x_wconf 87' lang='lat' dir='ltr'><strong>Deus</strong></span> <span class='ocrx_word' id='word_1_64' title='bbox 413 1150 471 1189; x_wconf 90' lang='lat' dir='ltr'><strong>uon</strong></span> <span class='ocrx_word' id='word_1_65' title='bbox 494 1135 629 1205; x_wconf 77' lang='lat' dir='ltr'><strong>promisit</strong></span> <span class='ocrx_word' id='word_1_66' title='bbox 652 1134 739 1188; x_wconf 88' lang='lat' dir='ltr'><strong>nobis</strong></span> <span class='ocrx_word' id='word_1_67' title='bbox 763 1137 876 1203; x_wconf 89' lang='lat' dir='ltr'><strong>postea,</strong></span> <span class='ocrx_word' id='word_1_68' title='bbox 892 1148 945 1202; x_wconf 92' lang='lat' dir='ltr'><strong>per</strong></span> 
     </span>
     <span class='ocr_line' id='line_1_12' title="bbox 116 1222 943 1295; baseline -0.005 -16"><span class='ocrx_word' id='word_1_69' title='bbox 116 1225 308 1295; x_wconf 78' lang='lat' dir='ltr'><strong>prophetiam,</strong></span> <span class='ocrx_word' id='word_1_70' title='bbox 321 1241 374 1278; x_wconf 86' lang='lat' dir='ltr'><strong>nee</strong></span> <span class='ocrx_word' id='word_1_71' title='bbox 388 1237 442 1292; x_wconf 92' lang='lat' dir='ltr'><strong>per</strong></span> <span class='ocrx_word' id='word_1_72' title='bbox 457 1223 665 1277; x_wconf 76' lang='lat' dir='ltr'><strong>revelationem</strong></span> <span class='ocrx_word' id='word_1_73' title='bbox 680 1222 807 1293; x_wconf 91' lang='lat' dir='ltr'><strong>aliquam</strong></span> <span class='ocrx_word' id='word_1_74' title='bbox 824 1224 943 1290; x_wconf 87' lang='lat' dir='ltr'><strong>certam,</strong></span> 
     </span>
     <span class='ocr_line' id='line_1_13' title="bbox 117 1308 945 1385; baseline -0.007 -16"><span class='ocrx_word' id='word_1_75' title='bbox 117 1315 195 1385; x_wconf 91' lang='lat' dir='ltr'><strong>quod</strong></span> <span class='ocrx_word' id='word_1_76' title='bbox 209 1328 265 1367; x_wconf 89' lang='lat' dir='ltr'><strong>nos</strong></span> <span class='ocrx_word' id='word_1_77' title='bbox 273 1313 450 1366; x_wconf 90' lang='lat' dir='ltr'><strong>deberemus</strong></span> <span class='ocrx_word' id='word_1_78' title='bbox 461 1312 557 1365; x_wconf 92' lang='lat' dir='ltr'><strong>redire</strong></span> <span class='ocrx_word' id='word_1_79' title='bbox 569 1311 726 1381; x_wconf 88' lang='lat' dir='ltr'><strong>aliquando</strong></span> <span class='ocrx_word' id='word_1_80' title='bbox 738 1311 767 1363; x_wconf 92' lang='lat' dir='ltr'><strong>in</strong></span> <span class='ocrx_word' id='word_1_81' title='bbox 780 1308 945 1365; x_wconf 81' lang='lat' dir='ltr'><strong>Jerusalem</strong></span> 
     </span>
     <span class='ocr_line' id='line_1_14' title="bbox 116 1399 945 1471; baseline -0.002 -16"><span class='ocrx_word' id='word_1_82' title='bbox 116 1402 145 1456; x_wconf 96' lang='lat' dir='ltr'><strong>in</strong></span> <span class='ocrx_word' id='word_1_83' title='bbox 161 1404 238 1456; x_wconf 90' lang='lat' dir='ltr'><strong>statu</strong></span> <span class='ocrx_word' id='word_1_84' title='bbox 254 1402 388 1471; x_wconf 88' lang='lat' dir='ltr'><strong>pristino,</strong></span> <span class='ocrx_word' id='word_1_85' title='bbox 405 1414 460 1453; x_wconf 90' lang='lat' dir='ltr'><strong>nec</strong></span> <span class='ocrx_word' id='word_1_86' title='bbox 476 1399 624 1452; x_wconf 89' lang='lat' dir='ltr'><strong>mandavit</strong></span> <span class='ocrx_word' id='word_1_87' title='bbox 640 1401 726 1453; x_wconf 92' lang='lat' dir='ltr'><strong>nobis</strong></span> <span class='ocrx_word' id='word_1_88' title='bbox 748 1404 850 1468; x_wconf 85' lang='lat' dir='ltr'><strong>postea</strong></span> <span class='ocrx_word' id='word_1_89' title='bbox 866 1400 945 1470; x_wconf 89' lang='lat' dir='ltr'><strong>quod</strong></span> 
     </span>
     <span class='ocr_line' id='line_1_15' title="bbox 117 1487 945 1558; baseline -0.004 -13"><span class='ocrx_word' id='word_1_90' title='bbox 117 1487 945 1558; x_wconf 74' lang='lat' dir='ltr'><strong>observaremusobservantiaspraedictas.l⁷ideturergo</strong></span> 
     </span>
     <span class='ocr_line' id='line_1_16' title="bbox 117 1576 945 1649; baseline -0.002 -17"><span class='ocrx_word' id='word_1_91' title='bbox 117 1579 203 1649; x_wconf 86' lang='lat' dir='ltr'><strong>sequi</strong></span> <span class='ocrx_word' id='word_1_92' title='bbox 217 1578 295 1648; x_wconf 89' lang='lat' dir='ltr'><strong>quod</strong></span> <span class='ocrx_word' id='word_1_93' title='bbox 312 1592 367 1631; x_wconf 89' lang='lat' dir='ltr'><strong>nos</strong></span> <span class='ocrx_word' id='word_1_94' title='bbox 382 1592 440 1630; x_wconf 91' lang='lat' dir='ltr'><strong>non</strong></span> <span class='ocrx_word' id='word_1_95' title='bbox 457 1593 473 1630; x_wconf 92' lang='lat' dir='ltr'><strong>a</strong></span> <span class='ocrx_word' id='word_1_96' title='bbox 489 1577 559 1645; x_wconf 89' lang='lat' dir='ltr'><strong>lleo,</strong></span> <span class='ocrx_word' id='word_1_97' title='bbox 570 1576 623 1629; x_wconf 89' lang='lat' dir='ltr'><strong>sed</strong></span> <span class='ocrx_word' id='word_1_98' title='bbox 639 1577 674 1630; x_wconf 89' lang='lat' dir='ltr'><strong>ab</strong></span> <span class='ocrx_word' id='word_1_99' title='bbox 686 1577 752 1630; x_wconf 91' lang='lat' dir='ltr'><strong>aliis</strong></span> <span class='ocrx_word' id='word_1_100' title='bbox 764 1576 813 1646; x_wconf 90' lang='lat' dir='ltr'><strong>qui</strong></span> <span class='ocrx_word' id='word_1_101' title='bbox 825 1576 945 1630; x_wconf 89' lang='lat' dir='ltr'><strong>eruntin</strong></span> 
     </span>
     <span class='ocr_line' id='line_1_17' title="bbox 116 1664 945 1734; baseline -0.002 -15"><span class='ocrx_word' id='word_1_102' title='bbox 116 1667 161 1720; x_wconf 91' lang='lat' dir='ltr'><strong>ira</strong></span> <span class='ocrx_word' id='word_1_103' title='bbox 176 1666 442 1720; x_wconf 88' lang='lat' dir='ltr'><strong>Deiobservantias</strong></span> <span class='ocrx_word' id='word_1_104' title='bbox 459 1665 615 1734; x_wconf 61' lang='lat' dir='ltr'><strong>praedictus</strong></span> <span class='ocrx_word' id='word_1_105' title='bbox 633 1665 801 1733; x_wconf 85' lang='lat' dir='ltr'><strong>accepimus</strong></span> <span class='ocrx_word' id='word_1_106' title='bbox 816 1667 845 1718; x_wconf 90' lang='lat' dir='ltr'><strong>et</strong></span> <span class='ocrx_word' id='word_1_107' title='bbox 862 1664 945 1718; x_wconf 87' lang='lat' dir='ltr'><strong>tene·</strong></span> 
     </span>
     <span class='ocr_line' id='line_1_18' title="bbox 116 1752 946 1823; baseline -0.005 -15"><span class='ocrx_word' id='word_1_108' title='bbox 116 1770 194 1808; x_wconf 89' lang='lat' dir='ltr'><strong>mus.</strong></span> <span class='ocrx_word' id='word_1_109' title='bbox 212 1753 247 1807; x_wconf 82' lang='lat' dir='ltr'><strong>Et</strong></span> <span class='ocrx_word' id='word_1_110' title='bbox 261 1754 377 1807; x_wconf 88' lang='lat' dir='ltr'><strong>videtur</strong></span> <span class='ocrx_word' id='word_1_111' title='bbox 392 1752 470 1823; x_wconf 86' lang='lat' dir='ltr'><strong>quod</strong></span> <span class='ocrx_word' id='word_1_112' title='bbox 484 1752 564 1822; x_wconf 83' lang='lat' dir='ltr'><strong>juste</strong></span> <span class='ocrx_word' id='word_1_113' title='bbox 574 1752 671 1807; x_wconf 88' lang='lat' dir='ltr'><strong>dicent</strong></span> <span class='ocrx_word' id='word_1_114' title='bbox 683 1753 768 1807; x_wconf 86' lang='lat' dir='ltr'><strong>nobis</strong></span> <span class='ocrx_word' id='word_1_115' title='bbox 780 1753 946 1807; x_wconf 85' lang='lat' dir='ltr'><strong>obversarii</strong></span> 
     </span>
    </p>
   </div>
   <div class='ocr_carea' id='block_1_6' title="bbox 1002 602 1838 1824">
    <p class='ocr_par' dir='ltr' id='par_1_6' title="bbox 1002 602 1838 1824">
     <span class='ocr_line' id='line_1_19' title="bbox 1002 602 1833 675; baseline 0.006 -21"><span class='ocrx_word' id='word_1_116' title='bbox 1002 603 1030 655; x_wconf 92' lang='lat' dir='ltr'><strong>et</strong></span> <span class='ocrx_word' id='word_1_117' title='bbox 1045 602 1129 670; x_wconf 89' lang='lat' dir='ltr'><strong>ultro,</strong></span> <span class='ocrx_word' id='word_1_118' title='bbox 1147 608 1174 655; x_wconf 92' lang='lat' dir='ltr'><strong>et</strong></span> <span class='ocrx_word' id='word_1_119' title='bbox 1190 618 1247 656; x_wconf 92' lang='lat' dir='ltr'><strong>non</strong></span> <span class='ocrx_word' id='word_1_120' title='bbox 1263 603 1411 656; x_wconf 89' lang='lat' dir='ltr'><strong>invonitur</strong></span> <span class='ocrx_word' id='word_1_121' title='bbox 1425 603 1451 657; x_wconf 92' lang='lat' dir='ltr'><strong>ei</strong></span> <span class='ocrx_word' id='word_1_122' title='bbox 1467 605 1611 659; x_wconf 89' lang='lat' dir='ltr'><strong>terminus</strong></span> <span class='ocrx_word' id='word_1_123' title='bbox 1623 604 1833 675; x_wconf 84' lang='lat' dir='ltr'><strong>inProphetis,</strong></span> 
     </span>
     <span class='ocr_line' id='line_1_20' title="bbox 1003 690 1838 762; baseline 0.004 -18"><span class='ocrx_word' id='word_1_124' title='bbox 1003 691 1030 744; x_wconf 91' lang='lat' dir='ltr'><strong>et</strong></span> <span class='ocrx_word' id='word_1_125' title='bbox 1045 691 1143 758; x_wconf 91' lang='lat' dir='ltr'><strong>timeo,</strong></span> <span class='ocrx_word' id='word_1_126' title='bbox 1170 690 1292 745; x_wconf 83' lang='lat' dir='ltr'><strong>Deniine</strong></span> <span class='ocrx_word' id='word_1_127' title='bbox 1315 692 1364 760; x_wconf 91' lang='lat' dir='ltr'><strong>mi,</strong></span> <span class='ocrx_word' id='word_1_128' title='bbox 1381 691 1469 762; x_wconf 89' lang='lat' dir='ltr'><strong>quod,</strong></span> <span class='ocrx_word' id='word_1_129' title='bbox 1496 691 1572 746; x_wconf 88' lang='lat' dir='ltr'><strong>sieut</strong></span> <span class='ocrx_word' id='word_1_130' title='bbox 1597 693 1675 747; x_wconf 88' lang='lat' dir='ltr'><strong>Deus</strong></span> <span class='ocrx_word' id='word_1_131' title='bbox 1698 693 1782 746; x_wconf 89' lang='lat' dir='ltr'><strong>misit</strong></span> <span class='ocrx_word' id='word_1_132' title='bbox 1807 693 1838 747; x_wconf 85' lang='lat' dir='ltr'><strong>in</strong></span> 
     </span>
     <span class='ocr_line' id='line_1_21' title="bbox 1003 779 1837 853; baseline 0.005 -22"><span class='ocrx_word' id='word_1_133' title='bbox 1003 779 1198 849; x_wconf 90' lang='lat' dir='ltr'><strong>captivitatem</strong></span> <span class='ocrx_word' id='word_1_134' title='bbox 1213 779 1292 832; x_wconf 89' lang='lat' dir='ltr'><strong>illam</strong></span> <span class='ocrx_word' id='word_1_135' title='bbox 1307 780 1428 834; x_wconf 90' lang='lat' dir='ltr'><strong>brevem</strong></span> <span class='ocrx_word' id='word_1_136' title='bbox 1443 784 1543 849; x_wconf 88' lang='lat' dir='ltr'><strong>patres</strong></span> <span class='ocrx_word' id='word_1_137' title='bbox 1555 782 1673 835; x_wconf 88' lang='lat' dir='ltr'><strong>nostres</strong></span> <span class='ocrx_word' id='word_1_138' title='bbox 1685 781 1751 835; x_wconf 90' lang='lat' dir='ltr'><strong>sine</strong></span> <span class='ocrx_word' id='word_1_139' title='bbox 1767 781 1837 853; x_wconf 87' lang='lat' dir='ltr'><strong>lege</strong></span> 
     </span>
     <span class='ocr_line' id='line_1_22' title="bbox 1003 867 1837 940; baseline 0.005 -19"><span class='ocrx_word' id='word_1_140' title='bbox 1003 868 1031 921; x_wconf 88' lang='lat' dir='ltr'><strong>et</strong></span> <span class='ocrx_word' id='word_1_141' title='bbox 1053 867 1118 921; x_wconf 88' lang='lat' dir='ltr'><strong>sine</strong></span> <span class='ocrx_word' id='word_1_142' title='bbox 1143 867 1343 921; x_wconf 82' lang='lat' dir='ltr'><strong>observantiis</strong></span> <span class='ocrx_word' id='word_1_143' title='bbox 1365 884 1419 922; x_wconf 90' lang='lat' dir='ltr'><strong>nec</strong></span> <span class='ocrx_word' id='word_1_144' title='bbox 1443 869 1606 939; x_wconf 79' lang='lat' dir='ltr'><strong>acceptavit</strong></span> <span class='ocrx_word' id='word_1_145' title='bbox 1628 868 1754 940; x_wconf 80' lang='lat' dir='ltr'><strong>jejunia,</strong></span> <span class='ocrx_word' id='word_1_146' title='bbox 1781 884 1837 925; x_wconf 85' lang='lat' dir='ltr'><strong>neo</strong></span> 
     </span>
     <span class='ocr_line' id='line_1_23' title="bbox 1004 955 1836 1028; baseline 0.004 -20"><span class='ocrx_word' id='word_1_147' title='bbox 1004 955 1211 1009; x_wconf 86' lang='lat' dir='ltr'><strong>observantias</strong></span> <span class='ocrx_word' id='word_1_148' title='bbox 1221 955 1297 1026; x_wconf 85' lang='lat' dir='ltr'><strong>legis</strong></span> <span class='ocrx_word' id='word_1_149' title='bbox 1307 971 1583 1028; x_wconf 89' lang='lat' dir='ltr'><strong>eorum,quousque</strong></span> <span class='ocrx_word' id='word_1_150' title='bbox 1594 956 1836 1028; x_wconf 83' lang='lat' dir='ltr'><strong>luiteompletum</strong></span> 
     </span>
     <span class='ocr_line' id='line_1_24' title="bbox 1002 1044 1836 1118; baseline 0.006 -21"><span class='ocrx_word' id='word_1_151' title='bbox 1002 1046 1118 1114; x_wconf 88' lang='lat' dir='ltr'><strong>tempus</strong></span> <span class='ocrx_word' id='word_1_152' title='bbox 1135 1059 1230 1112; x_wconf 83' lang='lat' dir='ltr'><strong>poenae</strong></span> <span class='ocrx_word' id='word_1_153' title='bbox 1243 1044 1388 1113; x_wconf 88' lang='lat' dir='ltr'><strong>ipsorum,</strong></span> <span class='ocrx_word' id='word_1_154' title='bbox 1404 1045 1518 1100; x_wconf 86' lang='lat' dir='ltr'><strong>scilieet</strong></span> <span class='ocrx_word' id='word_1_155' title='bbox 1532 1047 1721 1118; x_wconf 83' lang='lat' dir='ltr'><strong>septuaginta</strong></span> <span class='ocrx_word' id='word_1_156' title='bbox 1740 1061 1836 1102; x_wconf 88' lang='lat' dir='ltr'><strong>anao-</strong></span> 
     </span>
     <span class='ocr_line' id='line_1_25' title="bbox 1002 1133 1836 1206; baseline 0.005 -20"><span class='ocrx_word' id='word_1_157' title='bbox 1002 1149 1082 1200; x_wconf 88' lang='lat' dir='ltr'><strong>rum,</strong></span> <span class='ocrx_word' id='word_1_158' title='bbox 1107 1133 1152 1186; x_wconf 88' lang='lat' dir='ltr'><strong>sic</strong></span> <span class='ocrx_word' id='word_1_159' title='bbox 1173 1133 1203 1186; x_wconf 90' lang='lat' dir='ltr'><strong>in</strong></span> <span class='ocrx_word' id='word_1_160' title='bbox 1227 1133 1286 1187; x_wconf 89' lang='lat' dir='ltr'><strong>ista</strong></span> <span class='ocrx_word' id='word_1_161' title='bbox 1307 1134 1473 1204; x_wconf 89' lang='lat' dir='ltr'><strong>captivitate</strong></span> <span class='ocrx_word' id='word_1_162' title='bbox 1501 1134 1603 1189; x_wconf 88' lang='lat' dir='ltr'><strong>ultima</strong></span> <span class='ocrx_word' id='word_1_163' title='bbox 1631 1150 1691 1190; x_wconf 89' lang='lat' dir='ltr'><strong>non</strong></span> <span class='ocrx_word' id='word_1_164' title='bbox 1720 1138 1836 1206; x_wconf 87' lang='lat' dir='ltr'><strong>aecptet</strong></span> 
     </span>
     <span class='ocr_line' id='line_1_26' title="bbox 1003 1220 1833 1296; baseline 0.006 -22"><span class='ocrx_word' id='word_1_165' title='bbox 1003 1235 1092 1290; x_wconf 90' lang='lat' dir='ltr'><strong>opera</strong></span> <span class='ocrx_word' id='word_1_166' title='bbox 1107 1236 1174 1291; x_wconf 88' lang='lat' dir='ltr'><strong>quae</strong></span> <span class='ocrx_word' id='word_1_167' title='bbox 1190 1220 1314 1275; x_wconf 88' lang='lat' dir='ltr'><strong>lecimus</strong></span> <span class='ocrx_word' id='word_1_168' title='bbox 1335 1223 1498 1277; x_wconf 88' lang='lat' dir='ltr'><strong>secundum</strong></span> <span class='ocrx_word' id='word_1_169' title='bbox 1521 1223 1728 1279; x_wconf 84' lang='lat' dir='ltr'><strong>observantias</strong></span> <span class='ocrx_word' id='word_1_170' title='bbox 1742 1223 1833 1296; x_wconf 83' lang='lat' dir='ltr'><strong>legis.</strong></span> 
     </span>
     <span class='ocr_line' id='line_1_27' title="bbox 1002 1306 1835 1382; baseline 0.007 -21"><span class='ocrx_word' id='word_1_171' title='bbox 1002 1306 1098 1372; x_wconf 81' lang='lat' dir='ltr'><strong>Quare</strong></span> <span class='ocrx_word' id='word_1_172' title='bbox 1114 1308 1414 1381; x_wconf 67' lang='lat' dir='ltr'><strong>constathuodoostri</strong></span> <span class='ocrx_word' id='word_1_173' title='bbox 1430 1327 1534 1366; x_wconf 89' lang='lat' dir='ltr'><strong>sumus</strong></span> <span class='ocrx_word' id='word_1_174' title='bbox 1546 1312 1575 1366; x_wconf 93' lang='lat' dir='ltr'><strong>in</strong></span> <span class='ocrx_word' id='word_1_175' title='bbox 1588 1310 1692 1382; x_wconf 79' lang='lat' dir='ltr'><strong>majori</strong></span> <span class='ocrx_word' id='word_1_176' title='bbox 1709 1316 1835 1381; x_wconf 82' lang='lat' dir='ltr'><strong>peceato</strong></span> 
     </span>
     <span class='ocr_line' id='line_1_28' title="bbox 1003 1399 1835 1471; baseline 0.005 -19"><span class='ocrx_word' id='word_1_177' title='bbox 1003 1413 1081 1452; x_wconf 90' lang='lat' dir='ltr'><strong>nunc</strong></span> <span class='ocrx_word' id='word_1_178' title='bbox 1092 1412 1179 1467; x_wconf 89' lang='lat' dir='ltr'><strong>quam</strong></span> <span class='ocrx_word' id='word_1_179' title='bbox 1188 1401 1286 1467; x_wconf 87' lang='lat' dir='ltr'><strong>patres</strong></span> <span class='ocrx_word' id='word_1_180' title='bbox 1297 1415 1353 1453; x_wconf 89' lang='lat' dir='ltr'><strong>nos</strong></span> <span class='ocrx_word' id='word_1_181' title='bbox 1361 1400 1397 1453; x_wconf 92' lang='lat' dir='ltr'><strong>tri</strong></span> <span class='ocrx_word' id='word_1_182' title='bbox 1407 1399 1515 1453; x_wconf 85' lang='lat' dir='ltr'><strong>fuerint</strong></span> <span class='ocrx_word' id='word_1_183' title='bbox 1523 1401 1553 1454; x_wconf 91' lang='lat' dir='ltr'><strong>in</strong></span> <span class='ocrx_word' id='word_1_184' title='bbox 1562 1400 1730 1471; x_wconf 77' lang='lat' dir='ltr'><strong>Babylonia.</strong></span> <span class='ocrx_word' id='word_1_185' title='bbox 1748 1401 1835 1456; x_wconf 89' lang='lat' dir='ltr'><strong>Unde</strong></span> 
     </span>
     <span class='ocr_line' id='line_1_29' title="bbox 1003 1486 1833 1559; baseline 0.006 -20"><span class='ocrx_word' id='word_1_186' title='bbox 1003 1501 1058 1539; x_wconf 90' lang='lat' dir='ltr'><strong>nos</strong></span> <span class='ocrx_word' id='word_1_187' title='bbox 1074 1501 1179 1543; x_wconf 89' lang='lat' dir='ltr'><strong>sumus</strong></span> <span class='ocrx_word' id='word_1_188' title='bbox 1194 1486 1224 1539; x_wconf 91' lang='lat' dir='ltr'><strong>in</strong></span> <span class='ocrx_word' id='word_1_189' title='bbox 1239 1487 1343 1558; x_wconf 84' lang='lat' dir='ltr'><strong>majori</strong></span> <span class='ocrx_word' id='word_1_190' title='bbox 1353 1489 1396 1542; x_wconf 88' lang='lat' dir='ltr'><strong>ira</strong></span> <span class='ocrx_word' id='word_1_191' title='bbox 1406 1488 1457 1542; x_wconf 87' lang='lat' dir='ltr'><strong>Dei</strong></span> <span class='ocrx_word' id='word_1_192' title='bbox 1469 1502 1556 1559; x_wconf 90' lang='lat' dir='ltr'><strong>quam</strong></span> <span class='ocrx_word' id='word_1_193' title='bbox 1566 1489 1606 1542; x_wconf 92' lang='lat' dir='ltr'><strong>illi</strong></span> <span class='ocrx_word' id='word_1_194' title='bbox 1618 1492 1730 1559; x_wconf 88' lang='lat' dir='ltr'><strong>essent,</strong></span> <span class='ocrx_word' id='word_1_195' title='bbox 1741 1494 1771 1543; x_wconf 89' lang='lat' dir='ltr'><strong>et</strong></span> <span class='ocrx_word' id='word_1_196' title='bbox 1781 1504 1833 1559; x_wconf 89' lang='lat' dir='ltr'><strong>per</strong></span> 
     </span>
     <span class='ocr_line' id='line_1_30' title="bbox 1004 1577 1837 1647; baseline 0.006 -20"><span class='ocrx_word' id='word_1_197' title='bbox 1004 1589 1192 1646; x_wconf 89' lang='lat' dir='ltr'><strong>consequens</strong></span> <span class='ocrx_word' id='word_1_198' title='bbox 1208 1591 1296 1646; x_wconf 90' lang='lat' dir='ltr'><strong>opera</strong></span> <span class='ocrx_word' id='word_1_199' title='bbox 1312 1582 1381 1631; x_wconf 87' lang='lat' dir='ltr'><strong>sunt</strong></span> <span class='ocrx_word' id='word_1_200' title='bbox 1396 1577 1423 1631; x_wconf 91' lang='lat' dir='ltr'><strong>ei</strong></span> <span class='ocrx_word' id='word_1_201' title='bbox 1438 1577 1537 1632; x_wconf 92' lang='lat' dir='ltr'><strong>minus</strong></span> <span class='ocrx_word' id='word_1_202' title='bbox 1548 1577 1663 1647; x_wconf 90' lang='lat' dir='ltr'><strong>placita,</strong></span> <span class='ocrx_word' id='word_1_203' title='bbox 1675 1580 1704 1632; x_wconf 90' lang='lat' dir='ltr'><strong>et</strong></span> <span class='ocrx_word' id='word_1_204' title='bbox 1716 1594 1774 1632; x_wconf 89' lang='lat' dir='ltr'><strong>uos</strong></span> <span class='ocrx_word' id='word_1_205' title='bbox 1786 1593 1837 1632; x_wconf 93' lang='lat' dir='ltr'><strong>su·</strong></span> 
     </span>
     <span class='ocr_line' id='line_1_31' title="bbox 1004 1662 1837 1736; baseline 0.007 -21"><span class='ocrx_word' id='word_1_206' title='bbox 1004 1677 1070 1716; x_wconf 90' lang='lat' dir='ltr'><strong>mus</strong></span> <span class='ocrx_word' id='word_1_207' title='bbox 1093 1662 1120 1716; x_wconf 89' lang='lat' dir='ltr'><strong>ei</strong></span> <span class='ocrx_word' id='word_1_208' title='bbox 1142 1662 1239 1734; x_wconf 89' lang='lat' dir='ltr'><strong>magis</strong></span> <span class='ocrx_word' id='word_1_209' title='bbox 1262 1664 1367 1719; x_wconf 92' lang='lat' dir='ltr'><strong>odiosi.</strong></span> <span class='ocrx_word' id='word_1_210' title='bbox 1387 1664 1421 1720; x_wconf 82' lang='lat' dir='ltr'><strong>Et</strong></span> <span class='ocrx_word' id='word_1_211' title='bbox 1443 1667 1520 1736; x_wconf 92' lang='lat' dir='ltr'><strong>patet</strong></span> <span class='ocrx_word' id='word_1_212' title='bbox 1542 1667 1621 1736; x_wconf 93' lang='lat' dir='ltr'><strong>quod</strong></span> <span class='ocrx_word' id='word_1_213' title='bbox 1645 1666 1688 1719; x_wconf 91' lang='lat' dir='ltr'><strong>illi</strong></span> <span class='ocrx_word' id='word_1_214' title='bbox 1712 1669 1837 1736; x_wconf 88' lang='lat' dir='ltr'><strong>propter</strong></span> 
     </span>
     <span class='ocr_line' id='line_1_32' title="bbox 1004 1752 1837 1824; baseline 0.007 -20"><span class='ocrx_word' id='word_1_215' title='bbox 1004 1754 1128 1805; x_wconf 90' lang='lat' dir='ltr'><strong>mortem</strong></span> <span class='ocrx_word' id='word_1_216' title='bbox 1143 1752 1353 1821; x_wconf 89' lang='lat' dir='ltr'><strong>prophatarum</strong></span> <span class='ocrx_word' id='word_1_217' title='bbox 1367 1755 1396 1806; x_wconf 89' lang='lat' dir='ltr'><strong>et</strong></span> <span class='ocrx_word' id='word_1_218' title='bbox 1411 1754 1479 1824; x_wconf 86' lang='lat' dir='ltr'><strong>quio</strong></span> <span class='ocrx_word' id='word_1_219' title='bbox 1496 1753 1573 1808; x_wconf 93' lang='lat' dir='ltr'><strong>idola</strong></span> <span class='ocrx_word' id='word_1_220' title='bbox 1588 1755 1753 1824; x_wconf 89' lang='lat' dir='ltr'><strong>coluerunt,</strong></span> <span class='ocrx_word' id='word_1_221' title='bbox 1770 1754 1837 1810; x_wconf 83' lang='lat' dir='ltr'><strong>lue-</strong></span> 
     </span>
    </p>
   </div>
   <div class='ocr_carea' id='block_1_7' title="bbox 118 1840 1837 1918">
    <p class='ocr_par' dir='ltr' id='par_1_7' title="bbox 118 1840 1837 1918">
     <span class='ocr_line' id='line_1_33' title="bbox 118 1840 1837 1918; baseline 0.001 -23"><span class='ocrx_word' id='word_1_222' title='bbox 118 1841 232 1910; x_wconf 80' lang='lat' dir='ltr'><strong>nostri3</strong></span> <span class='ocrx_word' id='word_1_223' title='bbox 256 1840 337 1895; x_wconf 82' lang='lat' dir='ltr'><strong>Sicut</strong></span> <span class='ocrx_word' id='word_1_224' title='bbox 363 1857 417 1894; x_wconf 92' lang='lat' dir='ltr'><strong>vos</strong></span> <span class='ocrx_word' id='word_1_225' title='bbox 442 1842 608 1894; x_wconf 89' lang='lat' dir='ltr'><strong>observatis</strong></span> <span class='ocrx_word' id='word_1_226' title='bbox 634 1841 893 1894; x_wconf 87' lang='lat' dir='ltr'><strong>circumcisionem</strong></span> <span class='ocrx_word' id='word_1_227' title='bbox 919 1843 947 1895; x_wconf 91' lang='lat' dir='ltr'><strong>at</strong></span> <span class='ocrx_word' id='word_1_228' title='bbox 964 1856 989 1918; x_wconf 79' lang='grc' dir='ltr'>Β</span> <span class='ocrx_word' id='word_1_229' title='bbox 1005 1842 1072 1893; x_wconf 91' lang='lat' dir='ltr'><strong>runt</strong></span> <span class='ocrx_word' id='word_1_230' title='bbox 1087 1844 1197 1893; x_wconf 84' lang='lat' dir='ltr'><strong>tanturn</strong></span> <span class='ocrx_word' id='word_1_231' title='bbox 1212 1841 1399 1914; x_wconf 79' lang='lat' dir='ltr'><strong>septuaginta</strong></span> <span class='ocrx_word' id='word_1_232' title='bbox 1413 1843 1499 1896; x_wconf 90' lang='lat' dir='ltr'><strong>annis</strong></span> <span class='ocrx_word' id='word_1_233' title='bbox 1510 1842 1837 1912; x_wconf 52' lang='lat' dir='ltr'><strong>incaptivitote&#39;ssetnes</strong></span> 
     </span>
    </p>
   </div>
   <div class='ocr_carea' id='block_1_8' title="bbox 105 1927 948 2705">
    <p class='ocr_par' dir='ltr' id='par_1_8' title="bbox 105 1927 948 2705">
     <span class='ocr_line' id='line_1_34' title="bbox 117 1927 947 2001; baseline 0 -19"><span class='ocrx_word' id='word_1_234' title='bbox 117 1928 277 1983; x_wconf 91' lang='lat' dir='ltr'><strong>Sabbatum</strong></span> <span class='ocrx_word' id='word_1_235' title='bbox 291 1932 319 1982; x_wconf 90' lang='lat' dir='ltr'><strong>et</strong></span> <span class='ocrx_word' id='word_1_236' title='bbox 335 1927 434 1999; x_wconf 85' lang='lat' dir='ltr'><strong>legitis</strong></span> <span class='ocrx_word' id='word_1_237' title='bbox 449 1928 837 2001; x_wconf 76' lang='lat' dir='ltr'><strong>insynagegislibrosblosi</strong></span> <span class='ocrx_word' id='word_1_238' title='bbox 847 1931 947 1998; x_wconf 88' lang='lat' dir='ltr'><strong>etpro-</strong></span> 
     </span>
     <span class='ocr_line' id='line_1_35' title="bbox 117 2016 947 2087; baseline 0.002 -17"><span class='ocrx_word' id='word_1_239' title='bbox 117 2017 271 2086; x_wconf 88' lang='lat' dir='ltr'><strong>phetorum</strong></span> <span class='ocrx_word' id='word_1_240' title='bbox 287 2018 351 2070; x_wconf 91' lang='lat' dir='ltr'><strong>sine</strong></span> <span class='ocrx_word' id='word_1_241' title='bbox 366 2017 501 2071; x_wconf 89' lang='lat' dir='ltr'><strong>mandato</strong></span> <span class='ocrx_word' id='word_1_242' title='bbox 518 2018 580 2084; x_wconf 88' lang='lat' dir='ltr'><strong>Dei,</strong></span> <span class='ocrx_word' id='word_1_243' title='bbox 597 2033 688 2087; x_wconf 91' lang='lat' dir='ltr'><strong>quare</strong></span> <span class='ocrx_word' id='word_1_244' title='bbox 711 2034 768 2072; x_wconf 91' lang='lat' dir='ltr'><strong>non</strong></span> <span class='ocrx_word' id='word_1_245' title='bbox 793 2016 947 2072; x_wconf 88' lang='lat' dir='ltr'><strong>assumitis</strong></span> 
     </span>
     <span class='ocr_line' id='line_1_36' title="bbox 117 2104 946 2161; baseline 0.002 -4"><span class='ocrx_word' id='word_1_246' title='bbox 117 2104 203 2158; x_wconf 90' lang='lat' dir='ltr'><strong>vobis</strong></span> <span class='ocrx_word' id='word_1_247' title='bbox 220 2105 355 2158; x_wconf 88' lang='lat' dir='ltr'><strong>similiter</strong></span> <span class='ocrx_word' id='word_1_248' title='bbox 369 2109 397 2159; x_wconf 93' lang='lat' dir='ltr'><strong>et</strong></span> <span class='ocrx_word' id='word_1_249' title='bbox 412 2106 590 2160; x_wconf 87' lang='lat' dir='ltr'><strong>sacriticium</strong></span> <span class='ocrx_word' id='word_1_250' title='bbox 606 2110 634 2160; x_wconf 91' lang='lat' dir='ltr'><strong>et</strong></span> <span class='ocrx_word' id='word_1_251' title='bbox 657 2121 715 2161; x_wconf 90' lang='lat' dir='ltr'><strong>non</strong></span> <span class='ocrx_word' id='word_1_252' title='bbox 742 2106 838 2159; x_wconf 75' lang='lat' dir='ltr'><strong>sarcitis</strong></span> <span class='ocrx_word' id='word_1_253' title='bbox 860 2105 946 2159; x_wconf 88' lang='lat' dir='ltr'><strong>vobis</strong></span> 
     </span>
     <span class='ocr_line' id='line_1_37' title="bbox 117 2192 947 2265; baseline 0.001 -18"><span class='ocrx_word' id='word_1_254' title='bbox 117 2192 312 2263; x_wconf 80' lang='lat' dir='ltr'><strong>sacerdotem,</strong></span> <span class='ocrx_word' id='word_1_255' title='bbox 329 2199 484 2265; x_wconf 83' lang='lat' dir='ltr'><strong>stragem,</strong></span> <span class='ocrx_word' id='word_1_256' title='bbox 501 2198 529 2248; x_wconf 92' lang='lat' dir='ltr'><strong>et</strong></span> <span class='ocrx_word' id='word_1_257' title='bbox 551 2195 723 2265; x_wconf 87' lang='lat' dir='ltr'><strong>principem,</strong></span> <span class='ocrx_word' id='word_1_258' title='bbox 741 2196 769 2249; x_wconf 89' lang='lat' dir='ltr'><strong>et</strong></span> <span class='ocrx_word' id='word_1_259' title='bbox 791 2193 947 2248; x_wconf 87' lang='lat' dir='ltr'><strong>unctiones</strong></span> 
     </span>
     <span class='ocr_line' id='line_1_38' title="bbox 118 2282 947 2352; baseline 0.001 -17"><span class='ocrx_word' id='word_1_260' title='bbox 118 2284 238 2336; x_wconf 87' lang='lat' dir='ltr'><strong>sanctas</strong></span> <span class='ocrx_word' id='word_1_261' title='bbox 252 2284 281 2336; x_wconf 90' lang='lat' dir='ltr'><strong>et</strong></span> <span class='ocrx_word' id='word_1_262' title='bbox 295 2283 459 2352; x_wconf 86' lang='lat' dir='ltr'><strong>incensum,</strong></span> <span class='ocrx_word' id='word_1_263' title='bbox 476 2285 504 2337; x_wconf 85' lang='lat' dir='ltr'><strong>et</strong></span> <span class='ocrx_word' id='word_1_264' title='bbox 518 2298 609 2352; x_wconf 91' lang='lat' dir='ltr'><strong>quare</strong></span> <span class='ocrx_word' id='word_1_265' title='bbox 624 2299 680 2337; x_wconf 94' lang='lat' dir='ltr'><strong>non</strong></span> <span class='ocrx_word' id='word_1_266' title='bbox 697 2282 850 2337; x_wconf 77' lang='lat' dir='ltr'><strong>aedificatis</strong></span> <span class='ocrx_word' id='word_1_267' title='bbox 861 2282 947 2337; x_wconf 89' lang='lat' dir='ltr'><strong>vobis</strong></span> 
     </span>
     <span class='ocr_line' id='line_1_39' title="bbox 117 2370 946 2442; baseline 0.002 -19"><span class='ocrx_word' id='word_1_268' title='bbox 117 2370 228 2438; x_wconf 85' lang='lat' dir='ltr'><strong>altaris,</strong></span> <span class='ocrx_word' id='word_1_269' title='bbox 246 2372 274 2424; x_wconf 92' lang='lat' dir='ltr'><strong>et</strong></span> <span class='ocrx_word' id='word_1_270' title='bbox 288 2371 415 2425; x_wconf 87' lang='lat' dir='ltr'><strong>servatis</strong></span> <span class='ocrx_word' id='word_1_271' title='bbox 432 2371 625 2425; x_wconf 84' lang='lat' dir='ltr'><strong>eaeramonias</strong></span> <span class='ocrx_word' id='word_1_272' title='bbox 641 2374 669 2425; x_wconf 92' lang='lat' dir='ltr'><strong>et</strong></span> <span class='ocrx_word' id='word_1_273' title='bbox 688 2372 784 2425; x_wconf 89' lang='lat' dir='ltr'><strong>omnia</strong></span> <span class='ocrx_word' id='word_1_274' title='bbox 809 2371 864 2425; x_wconf 88' lang='lat' dir='ltr'><strong>alia</strong></span> <span class='ocrx_word' id='word_1_275' title='bbox 880 2388 946 2442; x_wconf 77' lang='lat' dir='ltr'><strong>quaa</strong></span> 
     </span>
     <span class='ocr_line' id='line_1_40' title="bbox 118 2459 946 2530; baseline 0.002 -18"><span class='ocrx_word' id='word_1_276' title='bbox 118 2461 187 2512; x_wconf 92' lang='lat' dir='ltr'><strong>sunt</strong></span> <span class='ocrx_word' id='word_1_277' title='bbox 201 2459 231 2512; x_wconf 90' lang='lat' dir='ltr'><strong>in</strong></span> <span class='ocrx_word' id='word_1_278' title='bbox 246 2459 326 2530; x_wconf 87' lang='lat' dir='ltr'><strong>Lege</strong></span> <span class='ocrx_word' id='word_1_279' title='bbox 336 2459 517 2526; x_wconf 82' lang='lat' dir='ltr'><strong>contenta,si</strong></span> <span class='ocrx_word' id='word_1_280' title='bbox 527 2459 946 2527; x_wconf 70' lang='lat' dir='ltr'><strong>Sabbatumetoiroumeisio·</strong></span> 
     </span>
     <span class='ocr_line' id='line_1_41' title="bbox 117 2545 948 2619; baseline 0.001 -19"><span class='ocrx_word' id='word_1_281' title='bbox 117 2558 195 2611; x_wconf 84' lang='lat' dir='ltr'><strong>nem,</strong></span> <span class='ocrx_word' id='word_1_282' title='bbox 206 2549 234 2599; x_wconf 93' lang='lat' dir='ltr'><strong>et</strong></span> <span class='ocrx_word' id='word_1_283' title='bbox 248 2547 331 2616; x_wconf 91' lang='lat' dir='ltr'><strong>plura</strong></span> <span class='ocrx_word' id='word_1_284' title='bbox 347 2545 402 2600; x_wconf 87' lang='lat' dir='ltr'><strong>alia</strong></span> <span class='ocrx_word' id='word_1_285' title='bbox 418 2563 485 2619; x_wconf 82' lang='lat' dir='ltr'><strong>quoe</strong></span> <span class='ocrx_word' id='word_1_286' title='bbox 502 2546 670 2602; x_wconf 88' lang='lat' dir='ltr'><strong>observatis</strong></span> <span class='ocrx_word' id='word_1_287' title='bbox 681 2548 846 2602; x_wconf 89' lang='lat' dir='ltr'><strong>seeundum</strong></span> <span class='ocrx_word' id='word_1_288' title='bbox 860 2548 948 2601; x_wconf 88' lang='lat' dir='ltr'><strong>tradi·</strong></span> 
     </span>
     <span class='ocr_line' id='line_1_42' title="bbox 105 2634 946 2705; baseline 0.004 -18"><span class='ocrx_word' id='word_1_289' title='bbox 105 2635 215 2688; x_wconf 74' lang='lat' dir='ltr'><strong>‘tiones</strong></span> <span class='ocrx_word' id='word_1_290' title='bbox 229 2638 347 2688; x_wconf 88' lang='lat' dir='ltr'><strong>vestros</strong></span> <span class='ocrx_word' id='word_1_291' title='bbox 362 2634 426 2688; x_wconf 89' lang='lat' dir='ltr'><strong>sine</strong></span> <span class='ocrx_word' id='word_1_292' title='bbox 441 2635 576 2689; x_wconf 91' lang='lat' dir='ltr'><strong>mandato</strong></span> <span class='ocrx_word' id='word_1_293' title='bbox 592 2635 770 2705; x_wconf 87' lang='lat' dir='ltr'><strong>Deipropria</strong></span> <span class='ocrx_word' id='word_1_294' title='bbox 786 2636 946 2705; x_wconf 92' lang='lat' dir='ltr'><strong>voluntate,</strong></span> 
     </span>
    </p>
   </div>
   <div class='ocr_carea' id='block_1_9' title="bbox 1002 1931 1840 2709">
    <p class='ocr_par' dir='ltr' id='par_1_9' title="bbox 1002 1931 1840 2709">
     <span class='ocr_line' id='line_1_43' title="bbox 1002 1931 1837 2000; baseline 0.006 -19"><span class='ocrx_word' id='word_1_295' title='bbox 1002 1931 1122 1998; x_wconf 91' lang='lat' dir='ltr'><strong>propter</strong></span> <span class='ocrx_word' id='word_1_296' title='bbox 1137 1944 1275 2000; x_wconf 89' lang='lat' dir='ltr'><strong>magnum</strong></span> <span class='ocrx_word' id='word_1_297' title='bbox 1290 1933 1443 1999; x_wconf 89' lang='lat' dir='ltr'><strong>peceatum</strong></span> <span class='ocrx_word' id='word_1_298' title='bbox 1458 1934 1486 1984; x_wconf 91' lang='lat' dir='ltr'><strong>et</strong></span> <span class='ocrx_word' id='word_1_299' title='bbox 1502 1931 1661 1986; x_wconf 85' lang='lat' dir='ltr'><strong>maximum</strong></span> <span class='ocrx_word' id='word_1_300' title='bbox 1671 1946 1837 1986; x_wconf 89' lang='lat' dir='ltr'><strong>sumusca·</strong></span> 
     </span>
     <span class='ocr_line' id='line_1_44' title="bbox 1003 2016 1837 2090; baseline 0.007 -22"><span class='ocrx_word' id='word_1_301' title='bbox 1003 2016 1084 2086; x_wconf 88' lang='lat' dir='ltr'><strong>ptivi.</strong></span> <span class='ocrx_word' id='word_1_302' title='bbox 1101 2016 1164 2071; x_wconf 77' lang='lat' dir='ltr'><strong>dam</strong></span> <span class='ocrx_word' id='word_1_303' title='bbox 1181 2020 1250 2072; x_wconf 91' lang='lat' dir='ltr'><strong>sunt</strong></span> <span class='ocrx_word' id='word_1_304' title='bbox 1265 2017 1343 2072; x_wconf 90' lang='lat' dir='ltr'><strong>mille</strong></span> <span class='ocrx_word' id='word_1_305' title='bbox 1357 2020 1436 2088; x_wconf 90' lang='lat' dir='ltr'><strong>anni,</strong></span> <span class='ocrx_word' id='word_1_306' title='bbox 1453 2023 1480 2073; x_wconf 90' lang='lat' dir='ltr'><strong>et</strong></span> <span class='ocrx_word' id='word_1_307' title='bbox 1495 2020 1580 2075; x_wconf 86' lang='lat' dir='ltr'><strong>ultra.</strong></span> <span class='ocrx_word' id='word_1_308' title='bbox 1591 2019 1625 2073; x_wconf 82' lang='lat' dir='ltr'><strong>Et</strong></span> <span class='ocrx_word' id='word_1_309' title='bbox 1637 2021 1837 2090; x_wconf 84' lang='lat' dir='ltr'><strong>haeeeaptivi-</strong></span> 
     </span>
     <span class='ocr_line' id='line_1_45' title="bbox 1003 2104 1835 2179; baseline 0.008 -22"><span class='ocrx_word' id='word_1_310' title='bbox 1003 2107 1060 2171; x_wconf 84' lang='lat' dir='ltr'><strong>tas,</strong></span> <span class='ocrx_word' id='word_1_311' title='bbox 1076 2104 1193 2160; x_wconf 90' lang='lat' dir='ltr'><strong>domine</strong></span> <span class='ocrx_word' id='word_1_312' title='bbox 1209 2107 1257 2175; x_wconf 93' lang='lat' dir='ltr'><strong>mi,</strong></span> <span class='ocrx_word' id='word_1_313' title='bbox 1271 2107 1335 2162; x_wconf 92' lang='lat' dir='ltr'><strong>sine</strong></span> <span class='ocrx_word' id='word_1_314' title='bbox 1351 2107 1440 2162; x_wconf 92' lang='lat' dir='ltr'><strong>dubio</strong></span> <span class='ocrx_word' id='word_1_315' title='bbox 1455 2112 1501 2162; x_wconf 92' lang='lat' dir='ltr'><strong>est</strong></span> <span class='ocrx_word' id='word_1_316' title='bbox 1515 2108 1564 2162; x_wconf 92' lang='lat' dir='ltr'><strong>illa</strong></span> <span class='ocrx_word' id='word_1_317' title='bbox 1579 2125 1666 2179; x_wconf 86' lang='lat' dir='ltr'><strong>quam</strong></span> <span class='ocrx_word' id='word_1_318' title='bbox 1683 2109 1765 2164; x_wconf 87' lang='lat' dir='ltr'><strong>Deos</strong></span> <span class='ocrx_word' id='word_1_319' title='bbox 1781 2125 1835 2178; x_wconf 89' lang='lat' dir='ltr'><strong>per</strong></span> 
     </span>
     <span class='ocr_line' id='line_1_46' title="bbox 1006 2192 1836 2265; baseline 0.008 -20"><span class='ocrx_word' id='word_1_320' title='bbox 1006 2207 1041 2246; x_wconf 94' lang='lat' dir='ltr'><strong>os</strong></span> <span class='ocrx_word' id='word_1_321' title='bbox 1057 2192 1187 2248; x_wconf 89' lang='lat' dir='ltr'><strong>Danielis</strong></span> <span class='ocrx_word' id='word_1_322' title='bbox 1193 2196 1344 2264; x_wconf 77' lang='lat' dir='ltr'><strong>prophetae</strong></span> <span class='ocrx_word' id='word_1_323' title='bbox 1354 2195 1836 2265; x_wconf 87' lang='lat' dir='ltr'><strong>vocatdeseletionem,eumdieit:</strong></span> 
     </span>
     <span class='ocr_line' id='line_1_47' title="bbox 1005 2281 1838 2365; baseline 0.01 -33"><span class='ocrx_word' id='word_1_324' title='bbox 1005 2298 1018 2330; x_wconf 79' lang='grc' dir='ltr'><strong>α</strong></span> <span class='ocrx_word' id='word_1_325' title='bbox 1035 2281 1138 2352; x_wconf 88' lang='lat' dir='ltr'><strong>Usque</strong></span> <span class='ocrx_word' id='word_1_326' title='bbox 1153 2283 1189 2336; x_wconf 89' lang='lat' dir='ltr'><strong>ad</strong></span> <span class='ocrx_word' id='word_1_327' title='bbox 1205 2285 1488 2340; x_wconf 90' lang='lat' dir='ltr'><strong>consummationem</strong></span> <span class='ocrx_word' id='word_1_328' title='bbox 1497 2287 1526 2338; x_wconf 88' lang='lat' dir='ltr'><strong>et</strong></span> <span class='ocrx_word' id='word_1_329' title='bbox 1534 2285 1621 2339; x_wconf 86' lang='lat' dir='ltr'><strong>finem</strong></span> <span class='ocrx_word' id='word_1_330' title='bbox 1630 2286 1838 2365; x_wconf 85' lang='lat' dir='ltr'><strong>perseverabit</strong></span> 
     </span>
     <span class='ocr_line' id='line_1_48' title="bbox 1003 2370 1840 2444; baseline 0.006 -21"><span class='ocrx_word' id='word_1_331' title='bbox 1003 2370 1156 2439; x_wconf 86' lang='lat' dir='ltr'><strong>desolatio,</strong></span> <span class='ocrx_word' id='word_1_332' title='bbox 1174 2372 1414 2443; x_wconf 75' lang='lat' dir='ltr'><strong>etc.(Dan.1x).·</strong></span> <span class='ocrx_word' id='word_1_333' title='bbox 1429 2374 1525 2427; x_wconf 86' lang='lat' dir='ltr'><strong>Prima</strong></span> <span class='ocrx_word' id='word_1_334' title='bbox 1541 2374 1696 2444; x_wconf 82' lang='lat' dir='ltr'><strong>eaptivitas</strong></span> <span class='ocrx_word' id='word_1_335' title='bbox 1711 2377 1840 2429; x_wconf 89' lang='lat' dir='ltr'><strong>vocatur</strong></span> 
     </span>
     <span class='ocr_line' id='line_1_49' title="bbox 1003 2460 1838 2532; baseline 0.007 -20"><span class='ocrx_word' id='word_1_336' title='bbox 1003 2460 1236 2530; x_wconf 84' lang='lat' dir='ltr'><strong>transmigratio,</strong></span> <span class='ocrx_word' id='word_1_337' title='bbox 1252 2460 1325 2525; x_wconf 84' lang='lat' dir='ltr'><strong>Quia</strong></span> <span class='ocrx_word' id='word_1_338' title='bbox 1339 2465 1407 2532; x_wconf 90' lang='lat' dir='ltr'><strong>post</strong></span> <span class='ocrx_word' id='word_1_339' title='bbox 1422 2462 1569 2517; x_wconf 90' lang='lat' dir='ltr'><strong>modicum</strong></span> <span class='ocrx_word' id='word_1_340' title='bbox 1580 2467 1697 2531; x_wconf 88' lang='lat' dir='ltr'><strong>tempus</strong></span> <span class='ocrx_word' id='word_1_341' title='bbox 1714 2462 1838 2518; x_wconf 86' lang='lat' dir='ltr'><strong>luerunt</strong></span> 
     </span>
     <span class='ocr_line' id='line_1_50' title="bbox 1003 2547 1840 2607; baseline 0.008 -7"><span class='ocrx_word' id='word_1_342' title='bbox 1003 2547 1116 2602; x_wconf 84' lang='lat' dir='ltr'><strong>reducti</strong></span> <span class='ocrx_word' id='word_1_343' title='bbox 1132 2564 1199 2602; x_wconf 86' lang='lat' dir='ltr'><strong>eum</strong></span> <span class='ocrx_word' id='word_1_344' title='bbox 1214 2547 1326 2604; x_wconf 88' lang='lat' dir='ltr'><strong>honore</strong></span> <span class='ocrx_word' id='word_1_345' title='bbox 1341 2550 1371 2604; x_wconf 90' lang='lat' dir='ltr'><strong>in</strong></span> <span class='ocrx_word' id='word_1_346' title='bbox 1382 2550 1558 2606; x_wconf 83' lang='lat' dir='ltr'><strong>Jerusalem.</strong></span> <span class='ocrx_word' id='word_1_347' title='bbox 1570 2551 1628 2607; x_wconf 86' lang='lat' dir='ltr'><strong>Sed</strong></span> <span class='ocrx_word' id='word_1_348' title='bbox 1639 2551 1703 2606; x_wconf 71' lang='lat' dir='ltr'><strong>haee</strong></span> <span class='ocrx_word' id='word_1_349' title='bbox 1713 2555 1840 2607; x_wconf 89' lang='lat' dir='ltr'><strong>vocatur</strong></span> 
     </span>
     <span class='ocr_line' id='line_1_51' title="bbox 1003 2636 1839 2709; baseline 0.008 -20"><span class='ocrx_word' id='word_1_350' title='bbox 1003 2636 1145 2690; x_wconf 90' lang='lat' dir='ltr'><strong>desolatio</strong></span> <span class='ocrx_word' id='word_1_351' title='bbox 1156 2642 1305 2708; x_wconf 91' lang='lat' dir='ltr'><strong>perpetua,</strong></span> <span class='ocrx_word' id='word_1_352' title='bbox 1314 2638 1343 2692; x_wconf 94' lang='lat' dir='ltr'><strong>in</strong></span> <span class='ocrx_word' id='word_1_353' title='bbox 1355 2655 1412 2709; x_wconf 91' lang='lat' dir='ltr'><strong>qua</strong></span> <span class='ocrx_word' id='word_1_354' title='bbox 1420 2655 1473 2709; x_wconf 90' lang='lat' dir='ltr'><strong>pro</strong></span> <span class='ocrx_word' id='word_1_355' title='bbox 1483 2645 1563 2696; x_wconf 89' lang='lat' dir='ltr'><strong>certe</strong></span> <span class='ocrx_word' id='word_1_356' title='bbox 1574 2656 1631 2695; x_wconf 90' lang='lat' dir='ltr'><strong>nou</strong></span> <span class='ocrx_word' id='word_1_357' title='bbox 1642 2641 1839 2696; x_wconf 87' lang='lat' dir='ltr'><strong>miserebitur</strong></span> 
     </span>
    </p>
   </div>
   <div class='ocr_carea' id='block_1_10' title="bbox 46 2722 1839 3512">
    <p class='ocr_par' dir='ltr' id='par_1_10' title="bbox 46 2722 1839 3327">
     <span class='ocr_line' id='line_1_52' title="bbox 119 2722 1838 2799; baseline 0.005 -24"><span class='ocrx_word' id='word_1_358' title='bbox 119 2735 156 2775; x_wconf 85' lang='lat' dir='ltr'><strong>ex</strong></span> <span class='ocrx_word' id='word_1_359' title='bbox 169 2723 292 2793; x_wconf 83' lang='lat' dir='ltr'><strong>utraque</strong></span> <span class='ocrx_word' id='word_1_360' title='bbox 307 2724 387 2792; x_wconf 90' lang='lat' dir='ltr'><strong>parte</strong></span> <span class='ocrx_word' id='word_1_361' title='bbox 403 2723 521 2778; x_wconf 89' lang='lat' dir='ltr'><strong>curritis</strong></span> <span class='ocrx_word' id='word_1_362' title='bbox 540 2723 570 2776; x_wconf 92' lang='lat' dir='ltr'><strong>in</strong></span> <span class='ocrx_word' id='word_1_363' title='bbox 595 2722 738 2777; x_wconf 88' lang='lat' dir='ltr'><strong>ellensam</strong></span> <span class='ocrx_word' id='word_1_364' title='bbox 760 2724 837 2777; x_wconf 77' lang='lat' dir='ltr'><strong>Dei?</strong></span> <span class='ocrx_word' id='word_1_365' title='bbox 860 2722 896 2778; x_wconf 82' lang='lat' dir='ltr'><strong>Et</strong></span> <span class='ocrx_word' id='word_1_366' title='bbox 920 2725 947 2778; x_wconf 93' lang='lat' dir='ltr'><strong>si</strong></span> <span class='ocrx_word' id='word_1_367' title='bbox 1003 2725 1108 2793; x_wconf 90' lang='lat' dir='ltr'><strong>nostri,</strong></span> <span class='ocrx_word' id='word_1_368' title='bbox 1125 2726 1202 2780; x_wconf 90' lang='lat' dir='ltr'><strong>sieut</strong></span> <span class='ocrx_word' id='word_1_369' title='bbox 1216 2741 1274 2781; x_wconf 89' lang='lat' dir='ltr'><strong>nen</strong></span> <span class='ocrx_word' id='word_1_370' title='bbox 1288 2727 1485 2783; x_wconf 88' lang='lat' dir='ltr'><strong>miserabatur</strong></span> <span class='ocrx_word' id='word_1_371' title='bbox 1499 2732 1613 2799; x_wconf 88' lang='lat' dir='ltr'><strong>patrum</strong></span> <span class='ocrx_word' id='word_1_372' title='bbox 1624 2731 1838 2784; x_wconf 90' lang='lat' dir='ltr'><strong>nostrorumin</strong></span> 
     </span>
     <span class='ocr_line' id='line_1_53' title="bbox 119 2807 1838 2890; baseline 0.007 -28"><span class='ocrx_word' id='word_1_373' title='bbox 119 2807 184 2864; x_wconf 88' lang='lat' dir='ltr'><strong>hoec</strong></span> <span class='ocrx_word' id='word_1_374' title='bbox 199 2810 340 2879; x_wconf 78' lang='lat' dir='ltr'><strong>praedicta</strong></span> <span class='ocrx_word' id='word_1_375' title='bbox 355 2810 451 2865; x_wconf 85' lang='lat' dir='ltr'><strong>tacitis</strong></span> <span class='ocrx_word' id='word_1_376' title='bbox 467 2816 568 2867; x_wconf 88' lang='lat' dir='ltr'><strong>eontra</strong></span> <span class='ocrx_word' id='word_1_377' title='bbox 584 2812 762 2866; x_wconf 87' lang='lat' dir='ltr'><strong>voluntatem</strong></span> <span class='ocrx_word' id='word_1_378' title='bbox 778 2813 841 2879; x_wconf 87' lang='lat' dir='ltr'><strong>Dei,</strong></span> <span class='ocrx_word' id='word_1_379' title='bbox 858 2814 903 2867; x_wconf 89' lang='lat' dir='ltr'><strong>vel</strong></span> <span class='ocrx_word' id='word_1_380' title='bbox 920 2813 947 2867; x_wconf 91' lang='lat' dir='ltr'><strong>si</strong></span> <span class='ocrx_word' id='word_1_381' title='bbox 1003 2812 1175 2884; x_wconf 72' lang='lat' dir='ltr'><strong>Babylonia,</strong></span> <span class='ocrx_word' id='word_1_382' title='bbox 1191 2819 1313 2885; x_wconf 86' lang='lat' dir='ltr'><strong>excepto</strong></span> <span class='ocrx_word' id='word_1_383' title='bbox 1323 2818 1402 2887; x_wconf 91' lang='lat' dir='ltr'><strong>quod</strong></span> <span class='ocrx_word' id='word_1_384' title='bbox 1412 2818 1622 2873; x_wconf 88' lang='lat' dir='ltr'><strong>consolabatur</strong></span> <span class='ocrx_word' id='word_1_385' title='bbox 1632 2832 1686 2873; x_wconf 91' lang='lat' dir='ltr'><strong>eos</strong></span> <span class='ocrx_word' id='word_1_386' title='bbox 1701 2835 1757 2889; x_wconf 88' lang='lat' dir='ltr'><strong>per</strong></span> <span class='ocrx_word' id='word_1_387' title='bbox 1766 2834 1838 2890; x_wconf 92' lang='lat' dir='ltr'><strong>pre·</strong></span> 
     </span>
     <span class='ocr_line' id='line_1_54' title="bbox 46 2896 1839 2974; baseline 0.006 -23"><span class='ocrx_word' id='word_1_388' title='bbox 46 2901 52 2908; x_wconf 86' lang='lat'>&#39;</span> <span class='ocrx_word' id='word_1_389' title='bbox 118 2896 216 2953; x_wconf 85' lang='lat' dir='ltr'><strong>dicitis</strong></span> <span class='ocrx_word' id='word_1_390' title='bbox 232 2898 300 2968; x_wconf 89' lang='lat' dir='ltr'><strong>quia</strong></span> <span class='ocrx_word' id='word_1_391' title='bbox 314 2899 449 2953; x_wconf 90' lang='lat' dir='ltr'><strong>volontas</strong></span> <span class='ocrx_word' id='word_1_392' title='bbox 466 2899 517 2954; x_wconf 90' lang='lat' dir='ltr'><strong>Dei</strong></span> <span class='ocrx_word' id='word_1_393' title='bbox 534 2901 668 2971; x_wconf 89' lang='lat' dir='ltr'><strong>estquod</strong></span> <span class='ocrx_word' id='word_1_394' title='bbox 684 2900 749 2954; x_wconf 82' lang='lat' dir='ltr'><strong>baee</strong></span> <span class='ocrx_word' id='word_1_395' title='bbox 764 2902 903 2971; x_wconf 91' lang='lat' dir='ltr'><strong>servetis,</strong></span> <span class='ocrx_word' id='word_1_396' title='bbox 920 2905 949 2957; x_wconf 91' lang='lat' dir='ltr'><strong>et</strong></span> <span class='ocrx_word' id='word_1_397' title='bbox 1003 2902 1117 2972; x_wconf 88' lang='lat' dir='ltr'><strong>phetas,</strong></span> <span class='ocrx_word' id='word_1_398' title='bbox 1135 2903 1471 2974; x_wconf 87' lang='lat' dir='ltr'><strong>quip1·emittebantillis</strong></span> <span class='ocrx_word' id='word_1_399' title='bbox 1485 2907 1839 2971; x_wconf 87' lang='lat' dir='ltr'><strong>liberationem,eterant</strong></span> 
     </span>
     <span class='ocr_line' id='line_1_55' title="bbox 116 2985 1838 3066; baseline 0.006 -25"><span class='ocrx_word' id='word_1_400' title='bbox 116 2986 193 3042; x_wconf 87' lang='lat' dir='ltr'><strong>bene</strong></span> <span class='ocrx_word' id='word_1_401' title='bbox 209 2985 356 3056; x_wconf 87' lang='lat' dir='ltr'><strong>placitum,</strong></span> <span class='ocrx_word' id='word_1_402' title='bbox 373 2987 450 3057; x_wconf 89' lang='lat' dir='ltr'><strong>quod</strong></span> <span class='ocrx_word' id='word_1_403' title='bbox 463 2988 724 3044; x_wconf 88' lang='lat' dir='ltr'><strong>tomenostendere</strong></span> <span class='ocrx_word' id='word_1_404' title='bbox 736 3005 793 3043; x_wconf 92' lang='lat' dir='ltr'><strong>non</strong></span> <span class='ocrx_word' id='word_1_405' title='bbox 809 2991 946 3059; x_wconf 88' lang='lat' dir='ltr'><strong>potestis,</strong></span> <span class='ocrx_word' id='word_1_406' title='bbox 1003 3005 1107 3046; x_wconf 92' lang='lat' dir='ltr'><strong>omnes</strong></span> <span class='ocrx_word' id='word_1_407' title='bbox 1123 2992 1226 3062; x_wconf 73' lang='lat' dir='ltr'><strong>simul,</strong></span> <span class='ocrx_word' id='word_1_408' title='bbox 1243 2992 1330 3047; x_wconf 89' lang='lat' dir='ltr'><strong>nobis</strong></span> <span class='ocrx_word' id='word_1_409' title='bbox 1346 2997 1442 3049; x_wconf 91' lang='lat' dir='ltr'><strong>autem</strong></span> <span class='ocrx_word' id='word_1_410' title='bbox 1458 2996 1529 3050; x_wconf 87' lang='lat' dir='ltr'><strong>nihil</strong></span> <span class='ocrx_word' id='word_1_411' title='bbox 1547 2995 1734 3066; x_wconf 88' lang='lat' dir='ltr'><strong>promittitur,</strong></span> <span class='ocrx_word' id='word_1_412' title='bbox 1752 2997 1838 3052; x_wconf 89' lang='lat' dir='ltr'><strong>etin·</strong></span> 
     </span>
     <span class='ocr_line' id='line_1_56' title="bbox 118 3075 1838 3157; baseline 0.006 -28"><span class='ocrx_word' id='word_1_413' title='bbox 118 3075 449 3146; x_wconf 88' lang='lat' dir='ltr'><strong>quarenonobservatis</strong></span> <span class='ocrx_word' id='word_1_414' title='bbox 461 3078 707 3146; x_wconf 87' lang='lat' dir='ltr'><strong>supradietaalia,</strong></span> <span class='ocrx_word' id='word_1_415' title='bbox 717 3094 842 3149; x_wconf 90' lang='lat' dir='ltr'><strong>quorum</strong></span> <span class='ocrx_word' id='word_1_416' title='bbox 857 3080 947 3133; x_wconf 88' lang='lat' dir='ltr'><strong>multa</strong></span> <span class='ocrx_word' id='word_1_417' title='bbox 1003 3095 1094 3148; x_wconf 89' lang='lat' dir='ltr'><strong>super</strong></span> <span class='ocrx_word' id='word_1_418' title='bbox 1108 3079 1249 3150; x_wconf 89' lang='lat' dir='ltr'><strong>dispersit</strong></span> <span class='ocrx_word' id='word_1_419' title='bbox 1263 3097 1318 3136; x_wconf 87' lang='lat' dir='ltr'><strong>nos</strong></span> <span class='ocrx_word' id='word_1_420' title='bbox 1335 3098 1388 3152; x_wconf 91' lang='lat' dir='ltr'><strong>per</strong></span> <span class='ocrx_word' id='word_1_421' title='bbox 1402 3083 1645 3157; x_wconf 90' lang='lat' dir='ltr'><strong>universaregna</strong></span> <span class='ocrx_word' id='word_1_422' title='bbox 1660 3085 1774 3141; x_wconf 85' lang='lat' dir='ltr'><strong>mundi.</strong></span> <span class='ocrx_word' id='word_1_423' title='bbox 1784 3088 1838 3140; x_wconf 82' lang='lat' dir='ltr'><strong>nt-</strong></span> 
     </span>
     <span class='ocr_line' id='line_1_57' title="bbox 116 3161 1838 3270; baseline 0.008 -54"><span class='ocrx_word' id='word_1_424' title='bbox 116 3161 948 3241; x_wconf 80' lang='lat' dir='ltr'><strong>tacerepotestis‘tEtsinonpermittuutvostaeerere·</strong></span> <span class='ocrx_word' id='word_1_425' title='bbox 965 3171 1100 3270; x_wconf 69' lang='lat' dir='ltr'><strong>ctamen</strong></span> <span class='ocrx_word' id='word_1_426' title='bbox 1123 3168 1265 3241; x_wconf 90' lang='lat' dir='ltr'><strong>quidquid</strong></span> <span class='ocrx_word' id='word_1_427' title='bbox 1290 3171 1455 3244; x_wconf 88' lang='lat' dir='ltr'><strong>contingat,</strong></span> <span class='ocrx_word' id='word_1_428' title='bbox 1484 3172 1537 3227; x_wconf 91' lang='lat' dir='ltr'><strong>Dei</strong></span> <span class='ocrx_word' id='word_1_429' title='bbox 1564 3189 1670 3229; x_wconf 90' lang='lat' dir='ltr'><strong>sumus</strong></span> <span class='ocrx_word' id='word_1_430' title='bbox 1694 3174 1724 3227; x_wconf 94' lang='lat' dir='ltr'><strong>in</strong></span> <span class='ocrx_word' id='word_1_431' title='bbox 1756 3175 1838 3231; x_wconf 91' lang='lat' dir='ltr'><strong>omni</strong></span> 
     </span>
     <span class='ocr_line' id='line_1_58' title="bbox 108 3252 1119 3327; baseline 0.007 -20"><span class='ocrx_word' id='word_1_432' title='bbox 108 3266 173 3324; x_wconf 74' lang='lat' dir='ltr'><strong>ges</strong></span> <span class='ocrx_word' id='word_1_433' title='bbox 185 3252 286 3323; x_wconf 93' lang='lat' dir='ltr'><strong>populi</strong></span> <span class='ocrx_word' id='word_1_434' title='bbox 299 3254 880 3327; x_wconf 85' lang='lat' dir='ltr'><strong>subquibusjaeetis,permittenttamen</strong></span> <span class='ocrx_word' id='word_1_435' title='bbox 892 3273 946 3313; x_wconf 92' lang='lat' dir='ltr'><strong>ves</strong></span> <span class='ocrx_word' id='word_1_436' title='bbox 1003 3260 1119 3314; x_wconf 90' lang='lat' dir='ltr'><strong>eventu.</strong></span> 
     </span>
    </p>

    <p class='ocr_par' dir='ltr' id='par_1_11' title="bbox 115 3340 1513 3414">
     <span class='ocr_line' id='line_1_59' title="bbox 115 3340 1513 3414; baseline 0.004 -17"><span class='ocrx_word' id='word_1_437' title='bbox 115 3340 207 3397; x_wconf 83' lang='lat' dir='ltr'><strong>multa</strong></span> <span class='ocrx_word' id='word_1_438' title='bbox 222 3340 279 3396; x_wconf 89' lang='lat' dir='ltr'><strong>alia</strong></span> <span class='ocrx_word' id='word_1_439' title='bbox 293 3342 402 3412; x_wconf 84' lang='lat' dir='ltr'><strong>lacere,</strong></span> <span class='ocrx_word' id='word_1_440' title='bbox 424 3345 501 3399; x_wconf 90' lang='lat' dir='ltr'><strong>sieut</strong></span> <span class='ocrx_word' id='word_1_441' title='bbox 521 3345 692 3414; x_wconf 90' lang='lat' dir='ltr'><strong>permittunt</strong></span> <span class='ocrx_word' id='word_1_442' title='bbox 717 3346 947 3400; x_wconf 89' lang='lat' dir='ltr'><strong>circumsionem</strong></span> <span class='ocrx_word' id='word_1_443' title='bbox 1320 3347 1446 3405; x_wconf 78' lang='lat' dir='ltr'><strong>CAPUT</strong></span> <span class='ocrx_word' id='word_1_444' title='bbox 1464 3350 1513 3405; x_wconf 88' lang='lat' dir='ltr'><strong>IV.</strong></span> 
     </span>
    </p>

    <p class='ocr_par' dir='ltr' id='par_1_12' title="bbox 106 3424 1678 3512">
     <span class='ocr_line' id='line_1_60' title="bbox 106 3424 1678 3512; baseline 0.006 -28"><span class='ocrx_word' id='word_1_445' title='bbox 106 3424 297 3507; x_wconf 63' lang='lat' dir='ltr'><strong>stillarent</strong></span> <span class='ocrx_word' id='word_1_446' title='bbox 312 3445 494 3503; x_wconf 71' lang='lat' dir='ltr'><strong>synagogas,</strong></span> <span class='ocrx_word' id='word_1_447' title='bbox 511 3437 538 3486; x_wconf 89' lang='lat' dir='ltr'><strong>et</strong></span> <span class='ocrx_word' id='word_1_448' title='bbox 554 3433 610 3486; x_wconf 86' lang='lat' dir='ltr'><strong>alia</strong></span> <span class='ocrx_word' id='word_1_449' title='bbox 625 3449 691 3503; x_wconf 71' lang='lat' dir='ltr'><strong>quse</strong></span> <span class='ocrx_word' id='word_1_450' title='bbox 707 3434 844 3488; x_wconf 88' lang='lat' dir='ltr'><strong>servatis.</strong></span> <span class='ocrx_word' id='word_1_451' title='bbox 861 3433 896 3489; x_wconf 85' lang='lat' dir='ltr'><strong>Et</strong></span> <span class='ocrx_word' id='word_1_452' title='bbox 911 3434 947 3487; x_wconf 88' lang='lat' dir='ltr'><strong>ad</strong></span> <span class='ocrx_word' id='word_1_453' title='bbox 1159 3438 1297 3496; x_wconf 83' lang='lat' dir='ltr'><strong>Ostendit</strong></span> <span class='ocrx_word' id='word_1_454' title='bbox 1312 3439 1387 3512; x_wconf 82' lang='lat' dir='ltr'><strong>qued</strong></span> <span class='ocrx_word' id='word_1_455' title='bbox 1401 3439 1499 3495; x_wconf 61' lang='lat' dir='ltr'><strong>„ludaei</strong></span> <span class='ocrx_word' id='word_1_456' title='bbox 1513 3445 1582 3494; x_wconf 88' lang='lat' dir='ltr'><strong>sunt</strong></span> <span class='ocrx_word' id='word_1_457' title='bbox 1596 3441 1678 3496; x_wconf 81' lang='lat' dir='ltr'><strong>cosei.</strong></span> 
     </span>
    </p>
   </div>
   <div class='ocr_carea' id='block_1_11' title="bbox 117 3510 1836 3706">
    <p class='ocr_par' dir='ltr' id='par_1_13' title="bbox 117 3510 1836 3706">
     <span class='ocr_line' id='line_1_61' title="bbox 117 3510 1834 3614; baseline 0.008 -25"><span class='ocrx_word' id='word_1_458' title='bbox 117 3510 327 3611; x_wconf 59' lang='lat' dir='ltr'><strong>disseptum</strong></span> <span class='ocrx_word' id='word_1_459' title='bbox 341 3519 391 3587; x_wconf 74' lang='lat' dir='ltr'><strong>mi</strong></span> <span class='ocrx_word' id='word_1_460' title='bbox 409 3520 616 3574; x_wconf 68' lang='lat' dir='ltr'><strong>e0sse⁸t¹¹0bi⁸</strong></span> <span class='ocrx_word' id='word_1_461' title='bbox 631 3520 806 3591; x_wconf 63' lang='lat' dir='ltr'><strong>insufflatu</strong></span> <span class='ocrx_word' id='word_1_462' title='bbox 820 3537 947 3591; x_wconf 76' lang='lat' dir='ltr'><strong>respen-</strong></span> <span class='ocrx_word' id='word_1_463' title='bbox 1039 3546 1161 3602; x_wconf 70' lang='lat' dir='ltr'><strong>nomine</strong></span> <span class='ocrx_word' id='word_1_464' title='bbox 1176 3546 1229 3614; x_wconf 77' lang='lat' dir='ltr'><strong>mr,</strong></span> <span class='ocrx_word' id='word_1_465' title='bbox 1254 3545 1338 3600; x_wconf 76' lang='lat' dir='ltr'><strong>valae</strong></span> <span class='ocrx_word' id='word_1_466' title='bbox 1361 3546 1496 3602; x_wconf 67' lang='lat' dir='ltr'><strong>miraeus</strong></span> <span class='ocrx_word' id='word_1_467' title='bbox 1519 3550 1565 3601; x_wconf 79' lang='lat' dir='ltr'><strong>est</strong></span> <span class='ocrx_word' id='word_1_468' title='bbox 1589 3546 1660 3601; x_wconf 74' lang='lat' dir='ltr'><strong>mina</strong></span> <span class='ocrx_word' id='word_1_469' title='bbox 1675 3547 1710 3601; x_wconf 74' lang='lat' dir='ltr'><strong>ae</strong></span> <span class='ocrx_word' id='word_1_470' title='bbox 1734 3547 1834 3604; x_wconf 75' lang='lat' dir='ltr'><strong>noeis.</strong></span> 
     </span>
     <span class='ocr_line' id='line_1_62' title="bbox 119 3594 1836 3706; baseline 0.01 -32"><span class='ocrx_word' id='word_1_471' title='bbox 119 3602 166 3659; x_wconf 64' lang='lat'><strong>⁸¹⁰</strong></span> <span class='ocrx_word' id='word_1_472' title='bbox 180 3594 346 3676; x_wconf 62' lang='lat' dir='ltr'><strong>fflffl⁰i0¹¹⁸i</strong></span> <span class='ocrx_word' id='word_1_473' title='bbox 362 3607 393 3659; x_wconf 61' lang='lat' dir='ltr'><strong>ut</strong></span> <span class='ocrx_word' id='word_1_474' title='bbox 409 3604 818 3665; x_wconf 57' lang='lat' dir='ltr'><strong>Vidfllul·3¹¹¹¹¹¹¹⁸¹⁸m⁰¹¹⁰⁰i</strong></span> <span class='ocrx_word' id='word_1_475' title='bbox 829 3611 859 3665; x_wconf 65' lang='lat'><strong>5¹1</strong></span> <span class='ocrx_word' id='word_1_476' title='bbox 869 3611 948 3666; x_wconf 69' lang='lat' dir='ltr'><strong>⁰¹¹¹¹¹i</strong></span> <span class='ocrx_word' id='word_1_477' title='bbox 1002 3634 1163 3705; x_wconf 77' lang='lat' dir='ltr'><strong>Speremus</strong></span> <span class='ocrx_word' id='word_1_478' title='bbox 1175 3635 1251 3689; x_wconf 91' lang='lat' dir='ltr'><strong>enim</strong></span> <span class='ocrx_word' id='word_1_479' title='bbox 1264 3633 1394 3706; x_wconf 88' lang='lat' dir='ltr'><strong>quotidie</strong></span> <span class='ocrx_word' id='word_1_480' title='bbox 1405 3635 1608 3690; x_wconf 85' lang='lat' dir='ltr'><strong>liberationem</strong></span> <span class='ocrx_word' id='word_1_481' title='bbox 1618 3635 1654 3690; x_wconf 89' lang='lat' dir='ltr'><strong>de</strong></span> <span class='ocrx_word' id='word_1_482' title='bbox 1665 3635 1836 3706; x_wconf 87' lang='lat' dir='ltr'><strong>captivitate</strong></span> 
     </span>
    </p>
   </div>
   <div class='ocr_carea' id='block_1_12' title="bbox 110 3686 1836 3883">
    <p class='ocr_par' dir='ltr' id='par_1_14' title="bbox 110 3684 1836 3883">
     <span class='ocr_line' id='line_1_63' title="bbox 110 3686 1836 3796; baseline 0.002 -19"><span class='ocrx_word' id='word_1_483' title='bbox 110 3686 236 3793; x_wconf 57' lang='lat' dir='ltr'><strong>mm·</strong></span> <span class='ocrx_word' id='word_1_484' title='bbox 621 3781 623 3785; x_wconf 60' lang='grc'>,</span> <span class='ocrx_word' id='word_1_485' title='bbox 1001 3725 1068 3792; x_wconf 87' lang='lat' dir='ltr'><strong>ista,</strong></span> <span class='ocrx_word' id='word_1_486' title='bbox 1086 3726 1114 3779; x_wconf 93' lang='lat' dir='ltr'><strong>et</strong></span> <span class='ocrx_word' id='word_1_487' title='bbox 1129 3739 1249 3794; x_wconf 89' lang='lat' dir='ltr'><strong>semper</strong></span> <span class='ocrx_word' id='word_1_488' title='bbox 1263 3723 1299 3777; x_wconf 92' lang='lat' dir='ltr'><strong>de</strong></span> <span class='ocrx_word' id='word_1_489' title='bbox 1315 3722 1371 3778; x_wconf 90' lang='lat' dir='ltr'><strong>hoe</strong></span> <span class='ocrx_word' id='word_1_490' title='bbox 1388 3723 1546 3795; x_wconf 90' lang='lat' dir='ltr'><strong>loquimur,</strong></span> <span class='ocrx_word' id='word_1_491' title='bbox 1563 3726 1592 3780; x_wconf 90' lang='lat' dir='ltr'><strong>at</strong></span> <span class='ocrx_word' id='word_1_492' title='bbox 1606 3739 1726 3795; x_wconf 87' lang='lat' dir='ltr'><strong>semper</strong></span> <span class='ocrx_word' id='word_1_493' title='bbox 1739 3724 1836 3796; x_wconf 89' lang='lat' dir='ltr'><strong>loqui·</strong></span> 
     </span>
     <span class='ocr_line' id='line_1_64' title="bbox 186 3796 1835 3883; baseline -0.002 -10"><span class='ocrx_word' id='word_1_494' title='bbox 186 3796 189 3801; x_wconf 38' lang='grc'><strong>’</strong></span> <span class='ocrx_word' id='word_1_495' title='bbox 437 3799 563 3873; x_wconf 62' lang='lat' dir='ltr'>CAPUT</span> <span class='ocrx_word' id='word_1_496' title='bbox 580 3800 628 3858; x_wconf 73' lang='lat'><strong>11¹·</strong></span> <span class='ocrx_word' id='word_1_497' title='bbox 656 3860 659 3869; x_wconf 91' lang='lat'>.</span> <span class='ocrx_word' id='word_1_498' title='bbox 1002 3829 1069 3868; x_wconf 90' lang='lat' dir='ltr'><strong>mur</strong></span> <span class='ocrx_word' id='word_1_499' title='bbox 1084 3813 1120 3868; x_wconf 91' lang='lat' dir='ltr'><strong>de</strong></span> <span class='ocrx_word' id='word_1_500' title='bbox 1135 3812 1306 3869; x_wconf 88' lang='lat' dir='ltr'><strong>reductione</strong></span> <span class='ocrx_word' id='word_1_501' title='bbox 1321 3815 1424 3869; x_wconf 91' lang='lat' dir='ltr'><strong>nestra</strong></span> <span class='ocrx_word' id='word_1_502' title='bbox 1440 3813 1466 3868; x_wconf 93' lang='lat' dir='ltr'><strong>ia</strong></span> <span class='ocrx_word' id='word_1_503' title='bbox 1481 3813 1657 3883; x_wconf 77' lang='lat' dir='ltr'><strong>Jerusalem,</strong></span> <span class='ocrx_word' id='word_1_504' title='bbox 1666 3821 1695 3868; x_wconf 90' lang='lat' dir='ltr'><strong>et</strong></span> <span class='ocrx_word' id='word_1_505' title='bbox 1707 3813 1775 3870; x_wconf 91' lang='lat' dir='ltr'><strong>ideo</strong></span> <span class='ocrx_word' id='word_1_506' title='bbox 1784 3831 1835 3870; x_wconf 89' lang='lat' dir='ltr'><strong>su·</strong></span> 
     </span>
    </p>
   </div>
   <div class='ocr_carea' id='block_1_13' title="bbox 111 3901 1836 4063">
    <p class='ocr_par' dir='ltr' id='par_1_15' title="bbox 111 3901 1836 4063">
     <span class='ocr_line' id='line_1_65' title="bbox 111 3901 1836 3982; baseline 0.009 -21"><span class='ocrx_word' id='word_1_507' title='bbox 111 3903 367 3971; x_wconf 79' lang='lat' dir='ltr'><strong>Quomodoonraia</strong></span> <span class='ocrx_word' id='word_1_508' title='bbox 375 3907 568 3965; x_wconf 81' lang='lat' dir='ltr'><strong>observantia</strong></span> <span class='ocrx_word' id='word_1_509' title='bbox 575 3908 654 3982; x_wconf 74' lang='lat' dir='ltr'><strong>legis</strong></span> <span class='ocrx_word' id='word_1_510' title='bbox 662 3908 828 3968; x_wconf 69' lang='lat' dir='ltr'><strong>ludaeorum</strong></span> <span class='ocrx_word' id='word_1_511' title='bbox 838 3929 893 3969; x_wconf 89' lang='lat' dir='ltr'><strong>non</strong></span> <span class='ocrx_word' id='word_1_512' title='bbox 900 3919 947 3968; x_wconf 85' lang='lat' dir='ltr'><strong>est</strong></span> <span class='ocrx_word' id='word_1_513' title='bbox 1002 3917 1070 3956; x_wconf 74' lang='lat' dir='ltr'><strong>mus</strong></span> <span class='ocrx_word' id='word_1_514' title='bbox 1084 3902 1157 3956; x_wconf 64' lang='lat' dir='ltr'><strong>efflei</strong></span> <span class='ocrx_word' id='word_1_515' title='bbox 1172 3902 1219 3955; x_wconf 79' lang='lat' dir='ltr'><strong>V0¹</strong></span> <span class='ocrx_word' id='word_1_516' title='bbox 1235 3901 1411 3972; x_wconf 64' lang='lat' dir='ltr'><strong>d⁰0⁰P201¹0⁸</strong></span> <span class='ocrx_word' id='word_1_517' title='bbox 1427 3901 1615 3972; x_wconf 65' lang='lat' dir='ltr'><strong>Simplicium·</strong></span> <span class='ocrx_word' id='word_1_518' title='bbox 1628 3902 1702 3957; x_wconf 59' lang='lat' dir='ltr'><strong>Nam</strong></span> <span class='ocrx_word' id='word_1_519' title='bbox 1717 3906 1836 3959; x_wconf 66' lang='lat' dir='ltr'><strong>⁰0¹¹S¹⁸l</strong></span> 
     </span>
     <span class='ocr_line' id='line_1_66' title="bbox 154 3976 1836 4063; baseline 0.008 -33"><span class='ocrx_word' id='word_1_520' title='bbox 154 3976 347 4049; x_wconf 83' lang='lat' dir='ltr'><strong>acceptabilis</strong></span> <span class='ocrx_word' id='word_1_521' title='bbox 359 3977 750 4052; x_wconf 83' lang='lat' dir='ltr'><strong>Deopropterpeeeatumin</strong></span> <span class='ocrx_word' id='word_1_522' title='bbox 762 4001 816 4056; x_wconf 85' lang='lat' dir='ltr'><strong>pue</strong></span> <span class='ocrx_word' id='word_1_523' title='bbox 830 3990 909 4038; x_wconf 87' lang='lat' dir='ltr'><strong>sont.</strong></span> <span class='ocrx_word' id='word_1_524' title='bbox 1002 3990 1080 4060; x_wconf 91' lang='lat' dir='ltr'><strong>qued</strong></span> <span class='ocrx_word' id='word_1_525' title='bbox 1095 3992 1162 4060; x_wconf 92' lang='lat' dir='ltr'><strong>post</strong></span> <span class='ocrx_word' id='word_1_526' title='bbox 1176 3990 1392 4059; x_wconf 88' lang='lat' dir='ltr'><strong>dispersionem</strong></span> <span class='ocrx_word' id='word_1_527' title='bbox 1408 3997 1540 4047; x_wconf 90' lang='lat' dir='ltr'><strong>nostram</strong></span> <span class='ocrx_word' id='word_1_528' title='bbox 1551 4007 1617 4062; x_wconf 74' lang='lat' dir='ltr'><strong>quas</strong></span> <span class='ocrx_word' id='word_1_529' title='bbox 1633 3990 1709 4045; x_wconf 87' lang='lat' dir='ltr'><strong>lacta</strong></span> <span class='ocrx_word' id='word_1_530' title='bbox 1725 3994 1772 4047; x_wconf 90' lang='lat' dir='ltr'><strong>est</strong></span> <span class='ocrx_word' id='word_1_531' title='bbox 1782 4008 1836 4063; x_wconf 84' lang='lat' dir='ltr'><strong>par</strong></span> 
     </span>
    </p>
   </div>
   <div class='ocr_carea' id='block_1_14' title="bbox 118 4077 1834 4335">
    <p class='ocr_par' dir='ltr' id='par_1_16' title="bbox 118 4077 1834 4335">
     <span class='ocr_line' id='line_1_67' title="bbox 151 4077 1834 4162; baseline -0.004 -20"><span class='ocrx_word' id='word_1_532' title='bbox 151 4081 334 4155; x_wconf 78' lang='lat' dir='ltr'><strong>invenimus,</strong></span> <span class='ocrx_word' id='word_1_533' title='bbox 349 4084 466 4141; x_wconf 84' lang='lat' dir='ltr'><strong>domine</strong></span> <span class='ocrx_word' id='word_1_534' title='bbox 481 4087 530 4158; x_wconf 89' lang='lat' dir='ltr'><strong>mi,</strong></span> <span class='ocrx_word' id='word_1_535' title='bbox 553 4087 645 4144; x_wconf 89' lang='lat' dir='ltr'><strong>Deum</strong></span> <span class='ocrx_word' id='word_1_536' title='bbox 659 4089 827 4162; x_wconf 87' lang='lat' dir='ltr'><strong>loquentem</strong></span> <span class='ocrx_word' id='word_1_537' title='bbox 842 4105 896 4160; x_wconf 82' lang='lat' dir='ltr'><strong>per</strong></span> <span class='ocrx_word' id='word_1_538' title='bbox 911 4105 946 4144; x_wconf 82' lang='lat' dir='ltr'><strong>os</strong></span> <span class='ocrx_word' id='word_1_539' title='bbox 1002 4077 1109 4149; x_wconf 85' lang='lat' dir='ltr'><strong>Titum,</strong></span> <span class='ocrx_word' id='word_1_540' title='bbox 1126 4095 1184 4135; x_wconf 91' lang='lat' dir='ltr'><strong>nen</strong></span> <span class='ocrx_word' id='word_1_541' title='bbox 1208 4079 1340 4149; x_wconf 86' lang='lat' dir='ltr'><strong>apparuit</strong></span> <span class='ocrx_word' id='word_1_542' title='bbox 1362 4079 1393 4134; x_wconf 90' lang='lat' dir='ltr'><strong>in</strong></span> <span class='ocrx_word' id='word_1_543' title='bbox 1415 4079 1503 4134; x_wconf 90' lang='lat' dir='ltr'><strong>nobis</strong></span> <span class='ocrx_word' id='word_1_544' title='bbox 1518 4080 1660 4152; x_wconf 91' lang='lat' dir='ltr'><strong>propheta</strong></span> <span class='ocrx_word' id='word_1_545' title='bbox 1675 4080 1726 4152; x_wconf 87' lang='lat' dir='ltr'><strong>qui</strong></span> <span class='ocrx_word' id='word_1_546' title='bbox 1745 4080 1834 4137; x_wconf 88' lang='lat' dir='ltr'><strong>nobis</strong></span> 
     </span>
     <span class='ocr_line' id='line_1_68' title="bbox 118 4167 1834 4251; baseline 0.002 -30"><span class='ocrx_word' id='word_1_547' title='bbox 118 4172 277 4245; x_wconf 66' lang='lat' dir='ltr'><strong>Zacharias,</strong></span> <span class='ocrx_word' id='word_1_548' title='bbox 293 4175 491 4251; x_wconf 46' lang='lat' dir='ltr'><strong>sternentem,</strong></span> <span class='ocrx_word' id='word_1_549' title='bbox 508 4176 559 4233; x_wconf 74' lang='lat' dir='ltr'><strong>ubi</strong></span> <span class='ocrx_word' id='word_1_550' title='bbox 572 4176 703 4250; x_wconf 69' lang='lat' dir='ltr'><strong>loquitur</strong></span> <span class='ocrx_word' id='word_1_551' title='bbox 722 4178 758 4234; x_wconf 65' lang='lat'><strong>(10</strong></span> <span class='ocrx_word' id='word_1_552' title='bbox 779 4177 829 4233; x_wconf 66' lang='lat' dir='ltr'><strong>illa</strong></span> <span class='ocrx_word' id='word_1_553' title='bbox 852 4179 947 4249; x_wconf 69' lang='lat' dir='ltr'><strong>prima</strong></span> <span class='ocrx_word' id='word_1_554' title='bbox 1002 4167 1185 4238; x_wconf 87' lang='lat' dir='ltr'><strong>promitteret</strong></span> <span class='ocrx_word' id='word_1_555' title='bbox 1200 4168 1413 4237; x_wconf 88' lang='lat' dir='ltr'><strong>reductionem,</strong></span> <span class='ocrx_word' id='word_1_556' title='bbox 1428 4184 1482 4223; x_wconf 93' lang='lat' dir='ltr'><strong>nee</strong></span> <span class='ocrx_word' id='word_1_557' title='bbox 1499 4169 1586 4224; x_wconf 91' lang='lat' dir='ltr'><strong>etiam</strong></span> <span class='ocrx_word' id='word_1_558' title='bbox 1600 4172 1668 4240; x_wconf 88' lang='lat' dir='ltr'><strong>post</strong></span> <span class='ocrx_word' id='word_1_559' title='bbox 1679 4169 1834 4247; x_wconf 86' lang='lat' dir='ltr'><strong>eaptivita-</strong></span> 
     </span>
     <span class='ocr_line' id='line_1_69' title="bbox 118 4250 1834 4335; baseline 0.008 -19"><span class='ocrx_word' id='word_1_560' title='bbox 118 4262 284 4335; x_wconf 79' lang='lat' dir='ltr'><strong>ceptivitata</strong></span> <span class='ocrx_word' id='word_1_561' title='bbox 297 4250 403 4333; x_wconf 54' lang='lat' dir='ltr'><strong>tresvir</strong></span> <span class='ocrx_word' id='word_1_562' title='bbox 422 4288 434 4314; x_wconf 76' lang='grc' dir='ltr'>κ</span> <span class='ocrx_word' id='word_1_563' title='bbox 450 4265 524 4323; x_wconf 82' lang='lat' dir='ltr'><strong>llaec</strong></span> <span class='ocrx_word' id='word_1_564' title='bbox 539 4264 609 4323; x_wconf 88' lang='lat' dir='ltr'><strong>dicit</strong></span> <span class='ocrx_word' id='word_1_565' title='bbox 623 4266 766 4323; x_wconf 85' lang='lat' dir='ltr'><strong>Dominus</strong></span> <span class='ocrx_word' id='word_1_566' title='bbox 791 4267 871 4322; x_wconf 86' lang='lat' dir='ltr'><strong>Deus</strong></span> <span class='ocrx_word' id='word_1_567' title='bbox 897 4284 947 4323; x_wconf 91' lang='lat' dir='ltr'><strong>sa·</strong></span> <span class='ocrx_word' id='word_1_568' title='bbox 1001 4258 1059 4311; x_wconf 67' lang='lat' dir='ltr'><strong>lem</strong></span> <span class='ocrx_word' id='word_1_569' title='bbox 1074 4256 1261 4328; x_wconf 56' lang='lat' dir='ltr'><strong>septuaginta</strong></span> <span class='ocrx_word' id='word_1_570' title='bbox 1276 4271 1421 4311; x_wconf 65' lang='lat'><strong>⁸⁰110¹³¹¹¹¹¹</strong></span> <span class='ocrx_word' id='word_1_571' title='bbox 1437 4256 1491 4311; x_wconf 65' lang='lat' dir='ltr'><strong>fust</strong></span> <span class='ocrx_word' id='word_1_572' title='bbox 1505 4256 1646 4328; x_wconf 67' lang='lat' dir='ltr'><strong>Pr0Ph0¹³</strong></span> <span class='ocrx_word' id='word_1_573' title='bbox 1661 4258 1710 4329; x_wconf 79' lang='lat' dir='ltr'><strong>qui</strong></span> <span class='ocrx_word' id='word_1_574' title='bbox 1730 4259 1834 4330; x_wconf 62' lang='grc' dir='ltr'><strong>1θῖὓο-</strong></span> 
     </span>
    </p>
   </div>
   <div class='ocr_carea' id='block_1_15' title="bbox 13 4344 1833 4431">
    <p class='ocr_par' dir='ltr' id='par_1_17' title="bbox 13 4344 1833 4431">
     <span class='ocr_line' id='line_1_70' title="bbox 13 4344 1833 4431; baseline 0 -29"><span class='ocrx_word' id='word_1_575' title='bbox 13 4389 16 4402; x_wconf 92' lang='grc'><em>.</em></span> <span class='ocrx_word' id='word_1_576' title='bbox 118 4350 289 4409; x_wconf 89' lang='lat' dir='ltr'><strong>eerdotibus</strong></span> <span class='ocrx_word' id='word_1_577' title='bbox 304 4350 453 4431; x_wconf 82' lang='lat' dir='ltr'><strong>etpepulo</strong></span> <span class='ocrx_word' id='word_1_578' title='bbox 468 4358 576 4413; x_wconf 79' lang='lat' dir='ltr'><strong>terroe:</strong></span> <span class='ocrx_word' id='word_1_579' title='bbox 599 4354 721 4422; x_wconf 88' lang='lat' dir='ltr'><strong>Quando</strong></span> <span class='ocrx_word' id='word_1_580' title='bbox 743 4356 905 4428; x_wconf 72' lang='lat' dir='ltr'><strong>Jejunastis</strong></span> <span class='ocrx_word' id='word_1_581' title='bbox 920 4358 949 4410; x_wconf 69' lang='lat' dir='ltr'><strong>et</strong></span> <span class='ocrx_word' id='word_1_582' title='bbox 1001 4350 1083 4401; x_wconf 91' lang='lat' dir='ltr'><strong>retur</strong></span> <span class='ocrx_word' id='word_1_583' title='bbox 1093 4345 1129 4400; x_wconf 89' lang='lat' dir='ltr'><strong>da</strong></span> <span class='ocrx_word' id='word_1_584' title='bbox 1146 4346 1203 4400; x_wconf 89' lang='lat' dir='ltr'><strong>ista</strong></span> <span class='ocrx_word' id='word_1_585' title='bbox 1220 4344 1385 4414; x_wconf 85' lang='lat' dir='ltr'><strong>captivitate</strong></span> <span class='ocrx_word' id='word_1_586' title='bbox 1403 4361 1469 4417; x_wconf 88' lang='lat' dir='ltr'><strong>quae</strong></span> <span class='ocrx_word' id='word_1_587' title='bbox 1490 4361 1549 4400; x_wconf 90' lang='lat' dir='ltr'><strong>non</strong></span> <span class='ocrx_word' id='word_1_588' title='bbox 1566 4345 1757 4401; x_wconf 89' lang='lat' dir='ltr'><strong>habettloem</strong></span> <span class='ocrx_word' id='word_1_589' title='bbox 1772 4347 1833 4402; x_wconf 89' lang='lat' dir='ltr'><strong>nisi</strong></span> 
     </span>
    </p>
   </div>
   <div class='ocr_carea' id='block_1_16' title="bbox 115 4433 1836 5761">
    <p class='ocr_par' dir='ltr' id='par_1_18' title="bbox 115 4433 1836 5487">
     <span class='ocr_line' id='line_1_71' title="bbox 116 4433 1835 4516; baseline 0.004 -32"><span class='ocrx_word' id='word_1_590' title='bbox 116 4440 257 4515; x_wconf 59' lang='lat' dir='ltr'><strong>plorastis</strong></span> <span class='ocrx_word' id='word_1_591' title='bbox 271 4441 401 4501; x_wconf 65' lang='lat' dir='ltr'><strong>inmte</strong></span> <span class='ocrx_word' id='word_1_592' title='bbox 416 4447 445 4498; x_wconf 75' lang='grc' dir='ltr'><strong>θῑ</strong></span> <span class='ocrx_word' id='word_1_593' title='bbox 460 4444 584 4514; x_wconf 62' lang='lat' dir='ltr'><strong>septimo</strong></span> <span class='ocrx_word' id='word_1_594' title='bbox 600 4448 659 4499; x_wconf 60' lang='lat'><strong>2010</strong></span> <span class='ocrx_word' id='word_1_595' title='bbox 675 4448 806 4516; x_wconf 66' lang='lat' dir='ltr'><strong>[empore</strong></span> <span class='ocrx_word' id='word_1_596' title='bbox 826 4447 947 4514; x_wconf 68' lang='lat' dir='ltr'><strong>septug.</strong></span> <span class='ocrx_word' id='word_1_597' title='bbox 1001 4435 1031 4490; x_wconf 87' lang='lat' dir='ltr'><strong>in</strong></span> <span class='ocrx_word' id='word_1_598' title='bbox 1053 4435 1111 4491; x_wconf 80' lang='lat' dir='ltr'><strong>fine</strong></span> <span class='ocrx_word' id='word_1_599' title='bbox 1134 4434 1244 4490; x_wconf 82' lang='lat' dir='ltr'><strong>mundi.</strong></span> <span class='ocrx_word' id='word_1_600' title='bbox 1265 4434 1328 4488; x_wconf 68' lang='lat' dir='ltr'><strong>Nee</strong></span> <span class='ocrx_word' id='word_1_601' title='bbox 1351 4434 1558 4490; x_wconf 67' lang='lat' dir='ltr'><strong>liberationem</strong></span> <span class='ocrx_word' id='word_1_602' title='bbox 1583 4433 1671 4488; x_wconf 66' lang='lat' dir='ltr'><strong>habet</strong></span> <span class='ocrx_word' id='word_1_603' title='bbox 1694 4449 1755 4489; x_wconf 79' lang='lat' dir='ltr'><strong>met</strong></span> <span class='ocrx_word' id='word_1_604' title='bbox 1779 4450 1835 4504; x_wconf 64' lang='lat' dir='ltr'><strong>pel*</strong></span> 
     </span>
     <span class='ocr_line' id='line_1_72' title="bbox 117 4522 1834 4621; baseline -0.005 -35"><span class='ocrx_word' id='word_1_605' title='bbox 117 4528 555 4602; x_wconf 49' lang='lat' dir='ltr'><strong>nomannorumintellexistis</strong></span> <span class='ocrx_word' id='word_1_606' title='bbox 566 4533 645 4604; x_wconf 89' lang='lat' dir='ltr'><strong>quod</strong></span> <span class='ocrx_word' id='word_1_607' title='bbox 657 4532 835 4605; x_wconf 78' lang='lat' dir='ltr'><strong>jejunaretis</strong></span> <span class='ocrx_word' id='word_1_608' title='bbox 846 4534 946 4603; x_wconf 76' lang='lat' dir='ltr'><strong>adme,</strong></span> <span class='ocrx_word' id='word_1_609' title='bbox 959 4558 987 4621; x_wconf 77' lang='lat' dir='ltr'>D</span> <span class='ocrx_word' id='word_1_610' title='bbox 1001 4523 1284 4580; x_wconf 88' lang='lat' dir='ltr'><strong>consummationem</strong></span> <span class='ocrx_word' id='word_1_611' title='bbox 1298 4523 1411 4592; x_wconf 84' lang='lat' dir='ltr'><strong>saeculi,</strong></span> <span class='ocrx_word' id='word_1_612' title='bbox 1420 4523 1488 4594; x_wconf 87' lang='lat' dir='ltr'><strong>quia</strong></span> <span class='ocrx_word' id='word_1_613' title='bbox 1498 4522 1601 4578; x_wconf 87' lang='lat' dir='ltr'><strong>Daniel</strong></span> <span class='ocrx_word' id='word_1_614' title='bbox 1609 4523 1695 4577; x_wconf 88' lang='lat' dir='ltr'><strong>vocat</strong></span> <span class='ocrx_word' id='word_1_615' title='bbox 1709 4522 1834 4578; x_wconf 90' lang='lat' dir='ltr'><strong>desela-</strong></span> 
     </span>
     <span class='ocr_line' id='line_1_73' title="bbox 116 4610 1832 4695; baseline -0.004 -22"><span class='ocrx_word' id='word_1_616' title='bbox 116 4621 167 4674; x_wconf 90' lang='lat' dir='ltr'><strong>aut</strong></span> <span class='ocrx_word' id='word_1_617' title='bbox 186 4619 353 4691; x_wconf 88' lang='lat' dir='ltr'><strong>ploraretis,</strong></span> <span class='ocrx_word' id='word_1_618' title='bbox 379 4634 436 4691; x_wconf 78' lang='lat' dir='ltr'><strong>ego</strong></span> <span class='ocrx_word' id='word_1_619' title='bbox 460 4620 519 4695; x_wconf 82' lang='lat' dir='ltr'><strong>tute</strong></span> <span class='ocrx_word' id='word_1_620' title='bbox 539 4618 687 4692; x_wconf 81' lang='lat' dir='ltr'><strong>jejunium</strong></span> <span class='ocrx_word' id='word_1_621' title='bbox 711 4621 791 4677; x_wconf 91' lang='lat' dir='ltr'><strong>nolui</strong></span> <span class='ocrx_word' id='word_1_622' title='bbox 815 4621 947 4676; x_wconf 77' lang='lat' dir='ltr'><strong>evonis</strong></span> <span class='ocrx_word' id='word_1_623' title='bbox 1001 4613 1108 4669; x_wconf 87' lang='lat' dir='ltr'><strong>tionem</strong></span> <span class='ocrx_word' id='word_1_624' title='bbox 1123 4614 1188 4668; x_wconf 89' lang='lat' dir='ltr'><strong>sine</strong></span> <span class='ocrx_word' id='word_1_625' title='bbox 1203 4613 1261 4666; x_wconf 87' lang='lat' dir='ltr'><strong>tine</strong></span> <span class='ocrx_word' id='word_1_626' title='bbox 1276 4610 1427 4684; x_wconf 76' lang='lat' dir='ltr'><strong>(Danu).</strong></span> <span class='ocrx_word' id='word_1_627' title='bbox 1441 4611 1525 4666; x_wconf 88' lang='lat' dir='ltr'><strong>Unda</strong></span> <span class='ocrx_word' id='word_1_628' title='bbox 1539 4611 1769 4680; x_wconf 87' lang='lat' dir='ltr'><strong>timeo,domine</strong></span> <span class='ocrx_word' id='word_1_629' title='bbox 1781 4612 1832 4681; x_wconf 91' lang='lat' dir='ltr'><strong>mi,</strong></span> 
     </span>
     <span class='ocr_line' id='line_1_74' title="bbox 117 4700 1836 4783; baseline -0.005 -20"><span class='ocrx_word' id='word_1_630' title='bbox 117 4707 219 4777; x_wconf 86' lang='lat' dir='ltr'><strong>(Zaolr.</strong></span> <span class='ocrx_word' id='word_1_631' title='bbox 231 4710 293 4781; x_wconf 90' lang='lat' dir='ltr'><strong>vn).</strong></span> <span class='ocrx_word' id='word_1_632' title='bbox 301 4709 415 4766; x_wconf 88' lang='lat' dir='ltr'><strong>Nostra</strong></span> <span class='ocrx_word' id='word_1_633' title='bbox 426 4715 522 4765; x_wconf 88' lang='lat' dir='ltr'><strong>autem</strong></span> <span class='ocrx_word' id='word_1_634' title='bbox 533 4709 691 4783; x_wconf 73' lang='lat' dir='ltr'><strong>translatio</strong></span> <span class='ocrx_word' id='word_1_635' title='bbox 702 4709 793 4764; x_wconf 88' lang='lat' dir='ltr'><strong>aliter</strong></span> <span class='ocrx_word' id='word_1_636' title='bbox 800 4726 834 4765; x_wconf 89' lang='lat' dir='ltr'><strong>se</strong></span> <span class='ocrx_word' id='word_1_637' title='bbox 844 4710 944 4779; x_wconf 84' lang='lat' dir='ltr'><strong>babet,</strong></span> <span class='ocrx_word' id='word_1_638' title='bbox 1000 4702 1089 4775; x_wconf 88' lang='lat' dir='ltr'><strong>quod,</strong></span> <span class='ocrx_word' id='word_1_639' title='bbox 1101 4718 1166 4757; x_wconf 89' lang='lat' dir='ltr'><strong>eum</strong></span> <span class='ocrx_word' id='word_1_640' title='bbox 1182 4705 1260 4756; x_wconf 87' lang='lat' dir='ltr'><strong>tanta</strong></span> <span class='ocrx_word' id='word_1_641' title='bbox 1272 4700 1426 4770; x_wconf 86' lang='lat' dir='ltr'><strong>captivitas</strong></span> <span class='ocrx_word' id='word_1_642' title='bbox 1435 4716 1493 4754; x_wconf 92' lang='lat' dir='ltr'><strong>uon</strong></span> <span class='ocrx_word' id='word_1_643' title='bbox 1503 4701 1600 4769; x_wconf 90' lang='lat' dir='ltr'><strong>possit</strong></span> <span class='ocrx_word' id='word_1_644' title='bbox 1611 4714 1732 4754; x_wconf 91' lang='lat' dir='ltr'><strong>manere</strong></span> <span class='ocrx_word' id='word_1_645' title='bbox 1741 4715 1836 4771; x_wconf 89' lang='lat' dir='ltr'><strong>super</strong></span> 
     </span>
     <span class='ocr_line' id='line_1_75' title="bbox 116 4787 1834 4875; baseline -0.009 -19"><span class='ocrx_word' id='word_1_646' title='bbox 116 4798 171 4853; x_wconf 85' lang='lat' dir='ltr'><strong>sed</strong></span> <span class='ocrx_word' id='word_1_647' title='bbox 194 4814 249 4871; x_wconf 76' lang='lat' dir='ltr'><strong>epo</strong></span> <span class='ocrx_word' id='word_1_648' title='bbox 268 4797 665 4875; x_wconf 40' lang='lat' dir='ltr'><strong>scribereprepenogsieot</strong></span> <span class='ocrx_word' id='word_1_649' title='bbox 685 4797 790 4869; x_wconf 78' lang='lat' dir='ltr'><strong>jacent</strong></span> <span class='ocrx_word' id='word_1_650' title='bbox 806 4799 836 4851; x_wconf 90' lang='lat' dir='ltr'><strong>in</strong></span> <span class='ocrx_word' id='word_1_651' title='bbox 866 4799 947 4853; x_wconf 78' lang='lat' dir='ltr'><strong>Arn-</strong></span> <span class='ocrx_word' id='word_1_652' title='bbox 1000 4793 1090 4847; x_wconf 89' lang='lat' dir='ltr'><strong>totam</strong></span> <span class='ocrx_word' id='word_1_653' title='bbox 1104 4787 1485 4863; x_wconf 86' lang='lat' dir='ltr'><strong>gentemnostramaDeo,</strong></span> <span class='ocrx_word' id='word_1_654' title='bbox 1509 4787 1567 4841; x_wconf 91' lang='lat' dir='ltr'><strong>nisi</strong></span> <span class='ocrx_word' id='word_1_655' title='bbox 1590 4790 1713 4858; x_wconf 89' lang='lat' dir='ltr'><strong>propter</strong></span> <span class='ocrx_word' id='word_1_656' title='bbox 1736 4788 1834 4843; x_wconf 83' lang='lat' dir='ltr'><strong>maxi-</strong></span> 
     </span>
     <span class='ocr_line' id='line_1_76' title="bbox 116 4872 1835 4969; baseline -0.001 -26"><span class='ocrx_word' id='word_1_657' title='bbox 116 4885 184 4943; x_wconf 73' lang='lat' dir='ltr'><strong>etro</strong></span> <span class='ocrx_word' id='word_1_658' title='bbox 207 4888 403 4951; x_wconf 70' lang='lat' dir='ltr'><strong>serenitates</strong></span> <span class='ocrx_word' id='word_1_659' title='bbox 424 4874 496 4960; x_wconf 74' lang='lat' dir='ltr'><strong>quis</strong></span> <span class='ocrx_word' id='word_1_660' title='bbox 519 4872 712 4969; x_wconf 51' lang='lat' dir='ltr'><strong>Quanto</strong></span> <span class='ocrx_word' id='word_1_661' title='bbox 736 4885 865 4956; x_wconf 75' lang='lat' dir='ltr'><strong>addace,</strong></span> <span class='ocrx_word' id='word_1_662' title='bbox 890 4903 947 4941; x_wconf 79' lang='lat' dir='ltr'><strong>non</strong></span> <span class='ocrx_word' id='word_1_663' title='bbox 1000 4882 1246 4949; x_wconf 79' lang='lat' dir='ltr'><strong>munnaecatum</strong></span> <span class='ocrx_word' id='word_1_664' title='bbox 1262 4877 1291 4931; x_wconf 87' lang='lat' dir='ltr'><strong>in</strong></span> <span class='ocrx_word' id='word_1_665' title='bbox 1312 4876 1424 4941; x_wconf 64' lang='lat' dir='ltr'><strong>Deum</strong></span> <span class='ocrx_word' id='word_1_666' title='bbox 1450 4876 1529 4947; x_wconf 81' lang='lat' dir='ltr'><strong>quod</strong></span> <span class='ocrx_word' id='word_1_667' title='bbox 1552 4874 1651 4945; x_wconf 76' lang='lat' dir='ltr'><strong>majus</strong></span> <span class='ocrx_word' id='word_1_668' title='bbox 1673 4879 1722 4931; x_wconf 82' lang='lat' dir='ltr'><strong>est</strong></span> <span class='ocrx_word' id='word_1_669' title='bbox 1744 4891 1835 4947; x_wconf 80' lang='lat' dir='ltr'><strong>quam</strong></span> 
     </span>
     <span class='ocr_line' id='line_1_77' title="bbox 116 4962 1835 5046; baseline -0.006 -17"><span class='ocrx_word' id='word_1_670' title='bbox 116 4974 193 5029; x_wconf 88' lang='lat' dir='ltr'><strong>sieut</strong></span> <span class='ocrx_word' id='word_1_671' title='bbox 208 4981 277 5030; x_wconf 88' lang='lat' dir='ltr'><strong>sunt</strong></span> <span class='ocrx_word' id='word_1_672' title='bbox 291 4976 322 5031; x_wconf 85' lang='lat' dir='ltr'><strong>in</strong></span> <span class='ocrx_word' id='word_1_673' title='bbox 338 4982 439 5032; x_wconf 88' lang='lat' dir='ltr'><strong>nostra</strong></span> <span class='ocrx_word' id='word_1_674' title='bbox 455 4962 698 5046; x_wconf 76' lang='lat' dir='ltr'><strong>Biblia.l&#39;&#39;inuuit</strong></span> <span class='ocrx_word' id='word_1_675' title='bbox 721 4975 874 5044; x_wconf 88' lang='lat' dir='ltr'><strong>Dominus,</strong></span> <span class='ocrx_word' id='word_1_676' title='bbox 891 4975 946 5030; x_wconf 92' lang='lat' dir='ltr'><strong>do·</strong></span> <span class='ocrx_word' id='word_1_677' title='bbox 1000 4966 1187 5025; x_wconf 74' lang='lat' dir='ltr'><strong>interfecisse</strong></span> <span class='ocrx_word' id='word_1_678' title='bbox 1203 4965 1364 5037; x_wconf 88' lang='lat' dir='ltr'><strong>prophetas</strong></span> <span class='ocrx_word' id='word_1_679' title='bbox 1390 4967 1419 5019; x_wconf 91' lang='lat' dir='ltr'><strong>et</strong></span> <span class='ocrx_word' id='word_1_680' title='bbox 1438 4965 1580 5020; x_wconf 89' lang='lat' dir='ltr'><strong>adorasse</strong></span> <span class='ocrx_word' id='word_1_681' title='bbox 1601 4963 1689 5031; x_wconf 89' lang='lat' dir='ltr'><strong>idola,</strong></span> <span class='ocrx_word' id='word_1_682' title='bbox 1710 4967 1835 5036; x_wconf 88' lang='lat' dir='ltr'><strong>propter</strong></span> 
     </span>
     <span class='ocr_line' id='line_1_78' title="bbox 116 5051 1832 5136; baseline -0.006 -18"><span class='ocrx_word' id='word_1_683' title='bbox 116 5064 195 5119; x_wconf 90' lang='lat' dir='ltr'><strong>mina</strong></span> <span class='ocrx_word' id='word_1_684' title='bbox 209 5061 260 5131; x_wconf 85' lang='lat' dir='ltr'><strong>mi,</strong></span> <span class='ocrx_word' id='word_1_685' title='bbox 274 5064 305 5120; x_wconf 90' lang='lat' dir='ltr'><strong>in</strong></span> <span class='ocrx_word' id='word_1_686' title='bbox 319 5065 470 5135; x_wconf 72' lang='lat' dir='ltr'><strong>praedietis</strong></span> <span class='ocrx_word' id='word_1_687' title='bbox 486 5063 589 5120; x_wconf 89' lang='lat' dir='ltr'><strong>verbis</strong></span> <span class='ocrx_word' id='word_1_688' title='bbox 603 5064 681 5136; x_wconf 90' lang='lat' dir='ltr'><strong>qued</strong></span> <span class='ocrx_word' id='word_1_689' title='bbox 698 5062 767 5118; x_wconf 90' lang='lat' dir='ltr'><strong>dum</strong></span> <span class='ocrx_word' id='word_1_690' title='bbox 781 5078 837 5119; x_wconf 89' lang='lat' dir='ltr'><strong>nos</strong></span> <span class='ocrx_word' id='word_1_691' title='bbox 849 5063 944 5119; x_wconf 81' lang='lat' dir='ltr'><strong>ludaei</strong></span> <span class='ocrx_word' id='word_1_692' title='bbox 1000 5074 1066 5130; x_wconf 85' lang='lat' dir='ltr'><strong>quae</strong></span> <span class='ocrx_word' id='word_1_693' title='bbox 1086 5057 1206 5127; x_wconf 89' lang='lat' dir='ltr'><strong>paccata</strong></span> <span class='ocrx_word' id='word_1_694' title='bbox 1227 5057 1327 5124; x_wconf 87' lang='lat' dir='ltr'><strong>patres</strong></span> <span class='ocrx_word' id='word_1_695' title='bbox 1351 5053 1447 5108; x_wconf 92' lang='lat' dir='ltr'><strong>nostri</strong></span> <span class='ocrx_word' id='word_1_696' title='bbox 1470 5053 1589 5108; x_wconf 86' lang='lat' dir='ltr'><strong>luerunt</strong></span> <span class='ocrx_word' id='word_1_697' title='bbox 1611 5051 1724 5122; x_wconf 78' lang='lat' dir='ltr'><strong>poniti3</strong></span> <span class='ocrx_word' id='word_1_698' title='bbox 1740 5052 1832 5123; x_wconf 89' lang='lat' dir='ltr'><strong>quod,</strong></span> 
     </span>
     <span class='ocr_line' id='line_1_79' title="bbox 115 5140 1834 5229; baseline -0.008 -19"><span class='ocrx_word' id='word_1_699' title='bbox 115 5150 227 5206; x_wconf 66' lang='lat' dir='ltr'><strong>fuimus</strong></span> <span class='ocrx_word' id='word_1_700' title='bbox 241 5166 295 5222; x_wconf 78' lang='lat' dir='ltr'><strong>por</strong></span> <span class='ocrx_word' id='word_1_701' title='bbox 308 5140 603 5229; x_wconf 60' lang='lat' dir='ltr'><strong>semronitarum</strong></span> <span class='ocrx_word' id='word_1_702' title='bbox 620 5154 649 5208; x_wconf 92' lang='lat' dir='ltr'><strong>in</strong></span> <span class='ocrx_word' id='word_1_703' title='bbox 673 5152 750 5209; x_wconf 90' lang='lat' dir='ltr'><strong>dieta</strong></span> <span class='ocrx_word' id='word_1_704' title='bbox 766 5152 944 5222; x_wconf 85' lang='lat' dir='ltr'><strong>captivitate,</strong></span> <span class='ocrx_word' id='word_1_705' title='bbox 1000 5147 1078 5203; x_wconf 90' lang='lat' dir='ltr'><strong>sieut</strong></span> <span class='ocrx_word' id='word_1_706' title='bbox 1093 5145 1172 5199; x_wconf 87' lang='lat' dir='ltr'><strong>Deus</strong></span> <span class='ocrx_word' id='word_1_707' title='bbox 1186 5159 1245 5199; x_wconf 91' lang='lat' dir='ltr'><strong>non</strong></span> <span class='ocrx_word' id='word_1_708' title='bbox 1260 5143 1419 5199; x_wconf 87' lang='lat' dir='ltr'><strong>miseretur</strong></span> <span class='ocrx_word' id='word_1_709' title='bbox 1434 5140 1528 5197; x_wconf 90' lang='lat' dir='ltr'><strong>nostri</strong></span> <span class='ocrx_word' id='word_1_710' title='bbox 1539 5141 1568 5195; x_wconf 96' lang='lat' dir='ltr'><strong>in</strong></span> <span class='ocrx_word' id='word_1_711' title='bbox 1580 5141 1648 5210; x_wconf 88' lang='lat' dir='ltr'><strong>vita,</strong></span> <span class='ocrx_word' id='word_1_712' title='bbox 1657 5155 1726 5195; x_wconf 87' lang='lat' dir='ltr'><strong>eum</strong></span> <span class='ocrx_word' id='word_1_713' title='bbox 1741 5141 1834 5197; x_wconf 89' lang='lat' dir='ltr'><strong>ineo·</strong></span> 
     </span>
     <span class='ocr_line' id='line_1_80' title="bbox 116 5229 1832 5316; baseline -0.007 -19"><span class='ocrx_word' id='word_1_714' title='bbox 116 5239 229 5298; x_wconf 82' lang='lat' dir='ltr'><strong>luimus</strong></span> <span class='ocrx_word' id='word_1_715' title='bbox 243 5243 310 5296; x_wconf 85' lang='lat' dir='ltr'><strong>sino</strong></span> <span class='ocrx_word' id='word_1_716' title='bbox 324 5241 477 5316; x_wconf 52' lang='lat' dir='ltr'><strong>tragemata</strong></span> <span class='ocrx_word' id='word_1_717' title='bbox 488 5241 636 5314; x_wconf 78' lang='lat' dir='ltr'><strong>jejunium</strong></span> <span class='ocrx_word' id='word_1_718' title='bbox 651 5258 711 5299; x_wconf 90' lang='lat' dir='ltr'><strong>non</strong></span> <span class='ocrx_word' id='word_1_719' title='bbox 721 5241 890 5311; x_wconf 84' lang='lat' dir='ltr'><strong>babuimus,</strong></span> <span class='ocrx_word' id='word_1_720' title='bbox 898 5257 946 5296; x_wconf 92' lang='lat' dir='ltr'><strong>ne·</strong></span> <span class='ocrx_word' id='word_1_721' title='bbox 1000 5236 1065 5292; x_wconf 90' lang='lat' dir='ltr'><strong>dem</strong></span> <span class='ocrx_word' id='word_1_722' title='bbox 1080 5235 1199 5305; x_wconf 88' lang='lat' dir='ltr'><strong>peceato</strong></span> <span class='ocrx_word' id='word_1_723' title='bbox 1216 5246 1454 5304; x_wconf 89' lang='lat' dir='ltr'><strong>perseveremus,</strong></span> <span class='ocrx_word' id='word_1_724' title='bbox 1471 5229 1516 5286; x_wconf 89' lang='lat' dir='ltr'><strong>sie</strong></span> <span class='ocrx_word' id='word_1_725' title='bbox 1531 5229 1617 5285; x_wconf 90' lang='lat' dir='ltr'><strong>etiam</strong></span> <span class='ocrx_word' id='word_1_726' title='bbox 1632 5245 1691 5284; x_wconf 87' lang='lat' dir='ltr'><strong>noa</strong></span> <span class='ocrx_word' id='word_1_727' title='bbox 1705 5229 1832 5285; x_wconf 87' lang='lat' dir='ltr'><strong>misere·</strong></span> 
     </span>
     <span class='ocr_line' id='line_1_81' title="bbox 116 5316 1832 5404; baseline -0.006 -19"><span class='ocrx_word' id='word_1_728' title='bbox 116 5345 174 5403; x_wconf 89' lang='lat' dir='ltr'><strong>que</strong></span> <span class='ocrx_word' id='word_1_729' title='bbox 188 5330 332 5387; x_wconf 80' lang='lat' dir='ltr'><strong>babemus</strong></span> <span class='ocrx_word' id='word_1_730' title='bbox 347 5347 364 5385; x_wconf 89' lang='lat' dir='ltr'><strong>a</strong></span> <span class='ocrx_word' id='word_1_731' title='bbox 378 5331 447 5404; x_wconf 84' lang='lat' dir='ltr'><strong>lege</strong></span> <span class='ocrx_word' id='word_1_732' title='bbox 460 5332 625 5388; x_wconf 82' lang='lat' dir='ltr'><strong>sieutalias</strong></span> <span class='ocrx_word' id='word_1_733' title='bbox 640 5331 893 5399; x_wconf 88' lang='lat' dir='ltr'><strong>observantias,et</strong></span> <span class='ocrx_word' id='word_1_734' title='bbox 909 5329 946 5384; x_wconf 91' lang='lat' dir='ltr'><strong>si·</strong></span> <span class='ocrx_word' id='word_1_735' title='bbox 999 5326 1078 5380; x_wconf 91' lang='lat' dir='ltr'><strong>bitur</strong></span> <span class='ocrx_word' id='word_1_736' title='bbox 1101 5322 1225 5378; x_wconf 88' lang='lat' dir='ltr'><strong>mortuis</strong></span> <span class='ocrx_word' id='word_1_737' title='bbox 1249 5338 1288 5377; x_wconf 85' lang='lat' dir='ltr'><strong>ex</strong></span> <span class='ocrx_word' id='word_1_738' title='bbox 1310 5320 1408 5376; x_wconf 85' lang='lat' dir='ltr'><strong>nobis.</strong></span> <span class='ocrx_word' id='word_1_739' title='bbox 1435 5319 1569 5375; x_wconf 80' lang='lat' dir='ltr'><strong>Attamen</strong></span> <span class='ocrx_word' id='word_1_740' title='bbox 1594 5332 1699 5373; x_wconf 85' lang='lat' dir='ltr'><strong>sumus</strong></span> <span class='ocrx_word' id='word_1_741' title='bbox 1725 5316 1779 5371; x_wconf 88' lang='lat' dir='ltr'><strong>Dei</strong></span> <span class='ocrx_word' id='word_1_742' title='bbox 1804 5316 1832 5373; x_wconf 91' lang='lat' dir='ltr'><strong>iu</strong></span> 
     </span>
     <span class='ocr_line' id='line_1_82' title="bbox 116 5407 1423 5487; baseline -0.008 -13"><span class='ocrx_word' id='word_1_743' title='bbox 116 5419 225 5474; x_wconf 90' lang='lat' dir='ltr'><strong>militer</strong></span> <span class='ocrx_word' id='word_1_744' title='bbox 237 5418 349 5474; x_wconf 82' lang='lat' dir='ltr'><strong>luimus</strong></span> <span class='ocrx_word' id='word_1_745' title='bbox 364 5419 429 5473; x_wconf 86' lang='lat' dir='ltr'><strong>sine</strong></span> <span class='ocrx_word' id='word_1_746' title='bbox 444 5420 670 5476; x_wconf 87' lang='lat' dir='ltr'><strong>circumcisione</strong></span> <span class='ocrx_word' id='word_1_747' title='bbox 680 5426 708 5477; x_wconf 89' lang='lat' dir='ltr'><strong>et</strong></span> <span class='ocrx_word' id='word_1_748' title='bbox 725 5421 791 5475; x_wconf 90' lang='lat' dir='ltr'><strong>sine</strong></span> <span class='ocrx_word' id='word_1_749' title='bbox 805 5420 944 5487; x_wconf 87' lang='lat' dir='ltr'><strong>Sabbato,</strong></span> <span class='ocrx_word' id='word_1_750' title='bbox 999 5412 1078 5470; x_wconf 90' lang='lat' dir='ltr'><strong>omni</strong></span> <span class='ocrx_word' id='word_1_751' title='bbox 1093 5413 1201 5471; x_wconf 87' lang='lat' dir='ltr'><strong>eventu</strong></span> <span class='ocrx_word' id='word_1_752' title='bbox 1215 5410 1266 5483; x_wconf 89' lang='lat' dir='ltr'><strong>qui</strong></span> <span class='ocrx_word' id='word_1_753' title='bbox 1280 5407 1423 5465; x_wconf 86' lang='lat' dir='ltr'><strong>evenerit.</strong></span> 
     </span>
    </p>

    <p class='ocr_par' dir='ltr' id='par_1_19' title="bbox 116 5495 1503 5580">
     <span class='ocr_line' id='line_1_83' title="bbox 116 5495 1503 5580; baseline 0 -16"><span class='ocrx_word' id='word_1_754' title='bbox 116 5513 146 5564; x_wconf 91' lang='lat' dir='ltr'><strong>et</strong></span> <span class='ocrx_word' id='word_1_755' title='bbox 160 5508 225 5565; x_wconf 87' lang='lat' dir='ltr'><strong>siaa</strong></span> <span class='ocrx_word' id='word_1_756' title='bbox 240 5508 329 5564; x_wconf 88' lang='lat' dir='ltr'><strong>dubio</strong></span> <span class='ocrx_word' id='word_1_757' title='bbox 344 5509 440 5564; x_wconf 89' lang='lat' dir='ltr'><strong>omnia</strong></span> <span class='ocrx_word' id='word_1_758' title='bbox 456 5509 521 5564; x_wconf 78' lang='lat' dir='ltr'><strong>brea</strong></span> <span class='ocrx_word' id='word_1_759' title='bbox 536 5526 594 5564; x_wconf 90' lang='lat' dir='ltr'><strong>nen</strong></span> <span class='ocrx_word' id='word_1_760' title='bbox 609 5511 715 5580; x_wconf 83' lang='lat' dir='ltr'><strong>valent,</strong></span> <span class='ocrx_word' id='word_1_761' title='bbox 741 5510 811 5565; x_wconf 79' lang='lat' dir='ltr'><strong>duna</strong></span> <span class='ocrx_word' id='word_1_762' title='bbox 830 5509 875 5563; x_wconf 87' lang='lat' dir='ltr'><strong>ira</strong></span> <span class='ocrx_word' id='word_1_763' title='bbox 892 5508 944 5563; x_wconf 87' lang='lat' dir='ltr'><strong>Dei</strong></span> <span class='ocrx_word' id='word_1_764' title='bbox 1322 5495 1449 5554; x_wconf 66' lang='lat' dir='ltr'>CAPUT</span> <span class='ocrx_word' id='word_1_765' title='bbox 1468 5497 1503 5550; x_wconf 78' lang='lat' dir='ltr'><strong>V·</strong></span> 
     </span>
    </p>

    <p class='ocr_par' dir='ltr' id='par_1_20' title="bbox 117 5583 1729 5669">
     <span class='ocr_line' id='line_1_84' title="bbox 117 5583 1729 5669; baseline 0.001 -15"><span class='ocrx_word' id='word_1_766' title='bbox 117 5602 214 5654; x_wconf 89' lang='lat' dir='ltr'><strong>manet</strong></span> <span class='ocrx_word' id='word_1_767' title='bbox 229 5615 320 5668; x_wconf 86' lang='lat' dir='ltr'><strong>super</strong></span> <span class='ocrx_word' id='word_1_768' title='bbox 334 5598 473 5669; x_wconf 91' lang='lat' dir='ltr'><strong>populum</strong></span> <span class='ocrx_word' id='word_1_769' title='bbox 489 5599 644 5654; x_wconf 91' lang='lat' dir='ltr'><strong>suum.llla</strong></span> <span class='ocrx_word' id='word_1_770' title='bbox 654 5615 727 5654; x_wconf 86' lang='lat' dir='ltr'><strong>vero</strong></span> <span class='ocrx_word' id='word_1_771' title='bbox 737 5600 830 5669; x_wconf 90' lang='lat' dir='ltr'><strong>prima</strong></span> <span class='ocrx_word' id='word_1_772' title='bbox 842 5599 883 5652; x_wconf 92' lang='lat' dir='ltr'><strong>ira</strong></span> <span class='ocrx_word' id='word_1_773' title='bbox 894 5597 945 5651; x_wconf 85' lang='lat' dir='ltr'><strong>Dei</strong></span> <span class='ocrx_word' id='word_1_774' title='bbox 1106 5589 1187 5654; x_wconf 69' lang='lat' dir='ltr'><strong>Qvod</strong></span> <span class='ocrx_word' id='word_1_775' title='bbox 1201 5589 1296 5643; x_wconf 69' lang='lat' dir='ltr'><strong>Jtltlffll&#39;</strong></span> <span class='ocrx_word' id='word_1_776' title='bbox 1312 5587 1460 5657; x_wconf 63' lang='grc' dir='ltr'><strong>ἅθθῘΡῘΗΜ</strong></span> <span class='ocrx_word' id='word_1_777' title='bbox 1472 5583 1547 5640; x_wconf 63' lang='lat' dir='ltr'><strong>⁰¹i⁰⁸</strong></span> <span class='ocrx_word' id='word_1_778' title='bbox 1561 5583 1729 5656; x_wconf 58' lang='lat'><strong>0‘801&#39;9303·</strong></span> 
     </span>
    </p>

    <p class='ocr_par' dir='ltr' id='par_1_21' title="bbox 117 5672 1832 5761">
     <span class='ocr_line' id='line_1_85' title="bbox 117 5672 1832 5761; baseline -0.009 -17"><span class='ocrx_word' id='word_1_779' title='bbox 117 5691 172 5746; x_wconf 86' lang='lat' dir='ltr'><strong>luit</strong></span> <span class='ocrx_word' id='word_1_780' title='bbox 185 5688 297 5760; x_wconf 88' lang='lat' dir='ltr'><strong>brevis,</strong></span> <span class='ocrx_word' id='word_1_781' title='bbox 309 5687 377 5761; x_wconf 87' lang='lat' dir='ltr'><strong>quia</strong></span> <span class='ocrx_word' id='word_1_782' title='bbox 393 5687 580 5757; x_wconf 74' lang='lat' dir='ltr'><strong>septuaginta</strong></span> <span class='ocrx_word' id='word_1_783' title='bbox 591 5703 733 5741; x_wconf 82' lang='lat' dir='ltr'><strong>annorum</strong></span> <span class='ocrx_word' id='word_1_784' title='bbox 746 5707 752 5751; x_wconf 91' lang='lat'>;</span> <span class='ocrx_word' id='word_1_785' title='bbox 763 5690 818 5742; x_wconf 87' lang='lat' dir='ltr'><strong>ista</strong></span> <span class='ocrx_word' id='word_1_786' title='bbox 828 5686 945 5757; x_wconf 89' lang='lat' dir='ltr'><strong>quidem</strong></span> <span class='ocrx_word' id='word_1_787' title='bbox 1034 5679 1156 5733; x_wconf 88' lang='lat' dir='ltr'><strong>Domine</strong></span> <span class='ocrx_word' id='word_1_788' title='bbox 1172 5677 1220 5741; x_wconf 85' lang='lat' dir='ltr'><strong>mi,</strong></span> <span class='ocrx_word' id='word_1_789' title='bbox 1236 5674 1438 5745; x_wconf 82' lang='lat' dir='ltr'><strong>videturqued</strong></span> <span class='ocrx_word' id='word_1_790' title='bbox 1450 5672 1720 5743; x_wconf 79' lang='lat' dir='ltr'><strong>decipiamusalios</strong></span> <span class='ocrx_word' id='word_1_791' title='bbox 1736 5674 1832 5729; x_wconf 88' lang='lat' dir='ltr'><strong>etnos</strong></span> 
     </span>
    </p>
   </div>
   <div class='ocr_carea' id='block_1_17' title="bbox 0 0 1956 6112">
    <p class='ocr_par' dir='ltr' id='par_1_22' title="bbox 0 0 1956 6112">
     <span class='ocr_line' id='line_1_86' title="bbox 0 0 1956 6112; baseline 0 0"><span class='ocrx_word' id='word_1_792' title='bbox 0 0 1956 6112; x_wconf 95' lang='lat' dir='ltr'><strong> </strong></span> 
     </span>
    </p>
   </div>
  </div>
 </body>
</html>
