3900 6112
119 321 181 384 wit
620 321 874 386 TRIUMPHUS
889 322 922 388 S.
941 322 1145 390 REMACLI.
1168 361 1205 374 -
1221 329 1299 391 LIB.
1318 329 1343 391 1.

1781 337 1841 403 ³10

119 531 240 587 nenses
255 533 293 586 de
309 533 437 604 hisquae
453 549 523 605 erga
539 550 572 588 se
592 539 619 589 et
633 534 732 589 iocum
747 535 811 588 acta
826 534 895 603 sint,
912 515 991 588 itti&
1010 550 1140 606 arguens
1156 553 1242 592 suum
1261 539 1392 612 militem,
1409 545 1486 614 quod
1501 543 1621 615 injussu
1636 562 1691 602 sue
1711 547 1838 602 inimicis

120 621 335 676 mandaverant
353 622 901 693 omnia.thuiatuneuoneratipse
920 624 951 676 in
1012 624 1076 678 suis
1115 627 1336 683 communicans
1372 646 1429 684 non
1466 633 1541 685 satis
1575 640 1676 704 ageret
1712 652 1765 705 pro
1802 653 1836 691 se

118 710 954 782 provincia‚dieuuturGerlasioprocuratoriejusdedisse
1011 713 1256 770 vicissitudinem.
1295 715 1390 781 Quare
1429 720 1649 776 advocationem
1692 724 1837 780 lttatmun-

116 800 253 870 praemia,
272 804 303 854 ut
326 814 362 853 ox
382 800 477 870 ipsius
494 801 610 855 nomine
633 802 690 855 cito
712 801 955 855 revendicaretur
1009 800 1174 857 dariensem
1196 820 1232 857 ex
1247 807 1363 860 nominc
1380 823 1434 861 suo
1450 809 1514 862 viee
1530 809 1609 864 illius
1625 812 1737 881 vicarii,
1754 828 1836 866 eom-

87 944 97 958 ,
115 887 202 943 locus
218 888 288 942 viee
303 889 459 942 contraria.
472 891 509 943 At
524 893 584 944 tum
596 890 643 944 his
655 890 852 962 itteoognitis,
865 891 955 944 animi
1009 890 1126 944 mandat
1148 893 1207 945 acri
1233 910 1317 965 acque
1337 895 1400 950 viro
1417 896 1581 965 Fredeloui,
1600 901 1630 953 ut
1646 901 1838 969 opportunior

116 977 954 1045 suiconstentiamtinensiracundiam,veniebatdetoeo
1008 980 1163 1051 acriorque
1185 981 1337 1036 insisteret
1356 984 1412 1038 toci
1434 986 1515 1040 illius
1534 985 1709 1042 defensioni.
1736 987 1772 1043 At
1788 989 1837 1044 ille

116 1065 591 1137 Sererelt‚quotuncmorabatur,
607 1069 693 1138 quasi
704 1067 954 1127 aetsersuslocum
1008 1073 1127 1137 accepta
1142 1072 1295 1138 potestate,
1313 1076 1451 1142 tanquam
1467 1075 1785 1148 majorcmjadepturus
1800 1079 1837 1133 ob

116 1155 954 1227 nostrumsuivindicaturusinjuriam.Ferebaturetiam
1009 1157 1064 1210 hec
1080 1159 1204 1228 gratiam
1226 1163 1275 1213 nut
1297 1162 1460 1231 praemium,
1482 1166 1540 1218 toto
1566 1165 1671 1220 adnisu
1689 1182 1756 1221 cum
1772 1166 1837 1220 suis

116 1247 185 1297 tunc
196 1243 501 1299 decrevissefermari
514 1249 643 1300 castrum
653 1246 681 1298 in
693 1245 805 1300 eisdem
815 1244 954 1298 ltfalmun·
1007 1245 1139 1316 invigilat
1148 1246 1212 1300 dics
1223 1252 1385 1320 noctesque
1394 1251 1431 1304 ad
1441 1250 1613 1321 hujusmodi
1625 1255 1786 1324 negotium.

117 1333 191 1386 darii
203 1334 429 1402 munitionibus,
442 1335 583 1406 quaesibi
597 1334 760 1389 contrarias
774 1337 841 1388 ante
856 1334 954 1388 firma·
1043 1334 1168 1387 Maxima
1184 1335 1289 1389 iterum
1298 1340 1411 1392 nostris
1421 1339 1562 1394 incumbit
1572 1343 1750 1410 persecutio,
1763 1342 1837 1398 adeo

115 1424 209 1489 verat,
235 1422 307 1476 dum
322 1422 475 1477 adviveret
490 1424 550 1476 dux
567 1423 756 1478 Fredericus.
783 1423 841 1477 Sed
861 1439 897 1477 ne
925 1422 953 1476 id
1008 1427 1038 1475 ut
1054 1438 1159 1476 servos
1175 1439 1208 1478 se
1225 1440 1293 1479 esse
1311 1424 1341 1479 S.
1360 1426 1500 1497 Remacii,
1518 1429 1648 1483 nonnisi
1674 1430 1837 1486 discrimen

115 1508 193 1591 facet
207 1509 548 1594 dissuasqsamieorum
565 1512 710 1595 cousi-liis,
727 1512 783 1594 ntia
799 1512 847 1565 via
870 1515 954 1581 piarat
1006 1512 1143 1580 passuris
1152 1512 1244 1566 libera
1254 1514 1502 1584 essetprofessie.
1514 1516 1637 1571 Unde‘et
1646 1519 1790 1588 quosdam
1799 1535 1837 1574 ex

117 1581 222 1635 ⁰¹⁰¹⁸0¹
238 1597 325 1636 ⁸¹¹⁸OE
339 1599 479 1655 lfltffl'lflffl
495 1584 632 1638 adversm
643 1599 773 1654 minius·
1006 1598 1179 1654 melioribus
1190 1600 1410 1657 Ecclesiaedirae
1419 1604 1835 1678 captionispergravavitinfe·

1005 1689 1102 1743 statie.
1133 1688 1191 1743 Sed
1221 1691 1265 1744 sic
1289 1691 1405 1745 valcant
1433 1707 1535 1747 omnes
1560 1694 1591 1748 in
1621 1710 1677 1749 nos
1701 1695 1836 1752 volentes

1005 1792 1168 1849 exsurgere
1183 1793 1242 1849 quo
1253 1779 1394 1836 modoille
1404 1781 1533 1852 gaudere
1545 1782 1633 1838 habat
1643 1800 1708 1838 cum
1720 1786 1786 1840 suis
1798 1787 1836 1841 ob

962 1866 1060 1943 Bhoe
1076 1867 1232 1936 pulchrum
1252 1869 1367 1922 lacinus
1383 1869 1413 1922 in
1437 1873 1572 1924 sanetum
1593 1871 1646 1926 Dei
1666 1874 1836 1929 surrexisse
1879 1919 1881 1923 ,

1004 1955 1078 2009 Nam
1095 1955 1256 2010 defluxisse
1271 1956 1363 2027 liquet
1377 1957 1455 2012 hunc
1471 1958 1506 2012 de
1521 1959 1598 2013 boun
1614 1958 1690 2014 fama
1706 1961 1742 2015 ad
1757 1961 1835 2016 infa-

994 2036 1106 2113 'miam3
1117 2045 1214 2115 itaque
1225 2062 1262 2099 ex
1270 2062 1376 2117 magna
1387 2047 1535 2116 opulentia
1550 2048 1586 2103 ad
1601 2049 1740 2119 inopiam.
1753 2049 1834 2107 Prte-

126 2176 159 2214 εἰ
180 2163 297 2215 nomine
316 2161 465 2231 pontificis
491 2162 678 2228 revindicat„
689 2177 748 2216 non
766 2161 879 2215 veritus
895 2176 952 2213 ma,
1004 2135 1083 2187 terea
1093 2147 1214 2187 suorum
1225 2134 1380 2204 quemdam
1392 2135 1731 2207 intolerabilisaudaeiae‚
1740 2138 1834 2192 nomi·

128 2265 190 2303 num
213 2250 396 2319 inexpertum
414 2251 598 2320 possidentis
618 2250 715 2320 ipsum
737 2250 844 2319 locum,
864 2264 952 2319 quem
1004 2237 1041 2276 ne
1054 2222 1225 2289 Gerardum,
1239 2222 1288 2292 qui
1304 2223 1340 2276 ad
1355 2223 1454 2277 caeiies
1469 2227 1497 2278 ct
1508 2224 1645 2277 incendia
1660 2240 1719 2279 non
1735 2225 1834 2279 minus

511 2342 570 2393 ,oto
586 2354 644 2393 non
659 2338 828 2408 reliquerat·
846 2337 950 2406 Neque
1005 2326 1092 2380 quam
1108 2310 1143 2363 ad
1158 2311 1275 2380 praedas
1283 2313 1312 2364 et
1324 2311 1475 2365 latrocinia
1491 2312 1653 2382 promptior
1667 2311 1834 2366 efficacior-

771 2426 813 2479 ΗΠ
828 2425 947 2480 aufem
1005 2413 1061 2467 que
1077 2399 1106 2451 ia
1122 2401 1240 2453 nostros
1257 2396 1442 2467 efferebatur,
1464 2398 1543 2453 velut
1563 2399 1670 2453 animal
1687 2399 1831 2470 rabidum,

1004 2487 1103 2542 divino
1113 2487 1210 2556 potius
1225 2503 1311 2557 quam
1327 2486 1573 2558 humaaojudicio
1585 2490 1832 2558 constatpsssun·

1003 2574 1111 2628 datum.

432 1725 559 1780 CAPUT
575 1725 641 1780 XX.

120 1829 276 1887 Gerlasius
297 1837 476 1903 procurator
505 1832 635 1904 episcopi
659 1848 698 1888 ex
722 1834 817 1903 ipsius
835 1831 952 1886 nominc

105 1955 118 1989 ο
152 1903 952 1986 iterumiaraditMalmuudarium,sedauditorumore

156 1980 271 2028 incerto
284 1981 375 2029 citius
389 1975 515 2030 festinat
531 1976 671 2030 reditum.

155 2073 247 2144 Igitur
260 2073 414 2127 Gertasius
429 2073 674 2129 Matmuadarium
688 2073 791 2127 iterato
807 2071 950 2126 invadens

128 2338 333 2410 protegendum
347 2339 443 2393 adhuc
458 2355 495 2393 ex

131 2428 207 2494 cuim,
223 2430 254 2481 ut
268 2443 345 2481 nunc
362 2427 457 2497 palam
473 2431 528 2496 est,
545 2427 612 2497 quis
629 2443 756 2498 unquam

132 2516 233 2584 poterit,
252 2515 322 2580 nisi,
340 2516 418 2586 quod
439 2516 525 2583 absit,
537 2531 592 2586 pro
602 2516 767 2587 praesentia
780 2514 950 2567 inhabitan-

135 2605 193 2656 tium
212 2606 275 2675 ipse
293 2606 430 2676 primum,
456 2607 487 2657 ut
509 2604 654 2658 ieremias
674 2603 722 2671 nit,
744 2603 950 2657 haereditatem

83 2750 86 2765 ,
136 2707 202 2746 suam
221 2694 298 2747 ultra
313 2709 370 2746 uon
380 2708 490 2747 curans
500 2691 658 2764 reliquerit
673 2691 747 2761 (der.
765 2696 826 2757 xii).
838 2693 880 2744 Ac
891 2706 950 2744 non

137 2781 189 2834 ¹⁶⁰⁰
202 2784 287 2881 ¹⁰tf⁰⁸
303 2781 519 2849 mmmmm
536 2784 621 2879 ‘⁰¹.¹⁰⁸
636 2778 875 2879 ¹'0man0'pffnf10‘
889 2793 949 2877 ¹¹.¹⁸'
1002 2822 1168 2894 Episcopus
1181 2823 1517 2895 Hemamprofciscitur,
1531 2824 1832 2894 abbaseumiasoqui-

139 2870 335 2924 romulianam
359 2886 451 2940 super
472 2884 505 2923 se
525 2870 699 2939 patiebatur,
721 2883 807 2939 quasi
822 2866 949 2921 invalida
1040 2899 1098 2958 Q.
1116 2899 1295 2965 ⁸⁸⁸⁰P⁸P⁰¹¹²
1307 2896 1698 2958 mmmmdisemmnwm
1714 2894 1831 2949 adum,

141 2959 300 3029 nanuscjus
311 2956 946 3024 addefensionemittamdeficerevideretur,
1037 2982 1124 3032 mum,
1140 2966 1206 3018 sino
1215 2965 1311 3036 aliquo
1321 2971 1423 3019 nostro
1433 2965 1571 3036 prolecta
1584 2966 1776 3019 dirimentur,

141 3046 462 3102 sedvolensinadversis
470 3043 946 3115 corripiservossuosadtempu8‚
1038 3072 1109 3125 post
1120 3070 1348 3140 haeeepiscopus
1361 3070 1635 3125 nondifttdeussuis
1647 3070 1760 3124 viribus
1771 3073 1831 3124 tan-

141 3133 857 3204 Q⁰⁸Vid⁰b⁰¹⁶¹⁸⁰¹¹¹¹¹⁰¹⁰¹¹²i³¹⁰bii¹¹demin&
877 3148 949 3202 ΡΜ·
981 3175 1088 3230 quam
1117 3158 1286 3213 austeritate
1312 3175 1366 3212 sua
1390 3158 1515 3212 devictis
1539 3158 1688 3226 omuibus,
1718 3174 1784 3211 nam
1803 3162 1831 3213 et

1300 2699 1425 2754 CAPUT
1441 2699 1534 2754 xxii.

140 3223 235 3293 ,ridebat
259 3223 465 3295 opportuniori
496 3227 627 3294 tempore
654 3221 828 3276 recedentes
860 3221 1832 3318 fliam0regemacquieseoroteeerae,nedehaereseinterpetla.

142 3311 245 3367 adverso
259 3314 392 3383 humero,
409 3312 445 3382 ad
460 3327 494 3367 se
504 3312 656 3366 retrahere
665 3310 818 3366 benefieiis
827 3312 855 3364 et
865 3309 948 3362 mira·

142 3398 237 3456 bilibus.

161 3489 211 3545 1t'ix
216 3492 351 3561 patratris
362 3491 410 3544 his
422 3490 588 3560 proquibus
597 3490 718 3542 venerat
727 3487 946 3542 milestemera·

144 3578 196 3647 rius,
210 3579 361 3634 monachis
377 3579 464 3632 ctiam
478 3593 538 3632 nou
555 3577 653 3631 minus
670 3591 756 3647 quam
776 3575 871 3641 iaicis,
897 3578 944 3628 ut-

144 3671 189 3732 pa
201 3670 228 3722 in
249 3684 376 3740 qnorum
390 3667 513 3721 arbitrio
534 3681 584 3720 res
600 3664 772 3737 hujusmodi
788 3663 943 3732 prendebat,

144 3753 245 3826 relapsis
259 3773 297 3811 cx
312 3759 381 3810 voto
392 3757 449 3810 sub
459 3755 563 3810 alianis
572 3754 742 3822 ditionibus,
753 3751 872 3808 difficile
884 3766 945 3807 rno-

115 3910 120 3917 ·
144 3856 176 3895 ras
190 3846 214 3898 in
229 3844 380 3900 redeundo
395 3843 559 3914 patiebatur
569 3842 688 3915 fugiens
703 3840 769 3896 lure
783 3855 944 3910 properan-

143 3928 191 3986 tius.
207 3933 276 3987 Nam
292 3948 395 3988 rumor
409 3933 523 3986 exierat
532 3935 670 4002 tanquam
685 3946 722 3985 ex
737 3928 849 3985 nostris
860 3928 947 3999 parti·

143 4015 180 4073 bus
197 4023 315 4077 multum
339 4022 501 4076 exereitum
529 4019 732 4090 supervenire,
757 4034 814 4091 quo
831 4020 944 4072 terrore

143 4109 428 4189 equulsipcrfugam
467 4151 473 4163 .
514 4150 521 4164 .
562 4151 567 4162 .
608 4149 615 4164 .
654 4123 687 4162 se
707 4106 853 4161 invincem
870 4107 944 4160 adeo

82 4224 86 4235 ›
143 4191 305 4254 debilitavere
327 4200 359 4252 ut
373 4197 459 4270 equis
473 4197 678 4252 deficientibus
693 4196 729 4251 ad
748 4211 802 4251 sua
817 4194 943 4266 quisque

82 4298 87 4308 ·
144 4283 277 4358 u'uposset
298 4287 463 4359 proripere.

414 4415 541 4472 CAPUT
560 4416 641 4471 xxi.

82 4491 88 4583 i
143 4521 217 4582 ttae
228 4542 244 4582 a
256 4526 349 4582 Roma
359 4525 538 4592 revertitur,
548 4539 651 4594 parum
661 4521 796 4594 epistolis
805 4523 942 4593 apostoli-

1001 3342 1045 3391 ret
1059 3338 1193 3407 ulterius,
1213 3337 1336 3390 Romam
1352 3340 1436 3406 parat
1450 3335 1674 3405 profectionem,
1690 3335 1777 3405 quasi
1793 3337 1830 3390 ab

1000 3425 1162 3494 apostolico
1187 3428 1360 3496 recepturus
1386 3439 1477 3494 super
1498 3424 1553 3478 hoc
1580 3424 1658 3478 hono
1681 3424 1830 3496 privilegii

1000 3515 1212 3569 auctoritatem.

1037 3603 1179 3658 Dominus
1195 3603 1297 3672 abbas,
1315 3603 1388 3656 satis
1399 3602 1509 3657 utiliter
1518 3603 1748 3672 necessarieque
1759 3618 1829 3656 con·

1000 3692 1098 3748 sultus
1112 3708 1129 3745 a
1145 3693 1210 3746 suis
1225 3691 1373 3759 fidelibus
1387 3691 1518 3746 decernit
1528 3692 1577 3746 itte
1588 3691 1698 3762 pariter
1708 3691 1827 3761 adesse,

998 3783 1172 3838 auctoritate
1191 3780 1328 3835 videlieet
1351 3780 1496 3850 maiorum
1511 3780 1771 3835 contradictionem
1787 3780 1828 3835 illi

998 3871 1107 3927 faeere.
1125 3873 1162 3924 At
1181 3870 1230 3924 ille
1245 3869 1328 3940 regia
1343 3868 1490 3939 legatione
1506 3868 1635 3937 functus,
1648 3869 1708 3923 ibat
1722 3871 1828 3939 potens

998 3960 1173 4032 perltaliam
1187 3959 1273 4030 quasi
1290 3958 1476 4029 perfecturus
1493 3958 1576 4029 regis
1591 3958 1751 4028 negotium,
1773 3957 1828 4012 sed

998 4051 1086 4120 longe
1102 4048 1187 4102 atiter
1201 4063 1235 4101 ac
1251 4047 1324 4102 ratio
1339 4049 1411 4115 erat,
1431 4062 1465 4100 ea
1480 4061 1531 4100 res
1543 4046 1635 4100 cessit
1649 4045 1678 4098 in
1696 4046 1827 4102 dubium.

999 4138 1126 4191 Ventum
1141 4138 1187 4190 est
1197 4150 1270 4208 ergo
1285 4135 1321 4188 ad
1336 4133 1412 4188 beati
1434 4133 1512 4188 Petri
1528 4133 1756 4203 confessionem,
1773 4133 1828 4188 sed

999 4226 1093 4280 abbas
1109 4223 1306 4294 praeveniens,
1318 4222 1441 4291 eisdem,
1451 4236 1527 4292 ques
1539 4224 1606 4275 ante
1616 4220 1737 4289 adierat,
1750 4236 1827 4275 eam·

999 4315 1065 4370 dem
1076 4312 1181 4384 repetit
1188 4311 1457 4382 proclamationem,
1470 4309 1506 4365 de
1517 4324 1614 4380 quare
1624 4324 1696 4364 sane
1705 4309 1828 4365 consul-

999 4407 1048 4457 tus
1073 4400 1226 4456 adomino
1249 4399 1423 4469 apostolico,
1449 4398 1616 4453 advenienti
1639 4397 1780 4469 episeopo
1798 4400 1828 4453 in

999 4490 1231 4546 satisfactionem
1248 4504 1281 4543 sc
1297 4486 1453 4556 exhibens
1470 4487 1602 4543 humiliat
1618 4501 1717 4542 eoram
1732 4485 1828 4557 ipsius

84 4650 89 4657 ,
162 4598 196 4650 cis
207 4597 336 4670 adjutus,
349 4593 943 4676 imeperl’rcdelonemquemdamerem
958 4586 986 4649 1)
998 4580 1112 4635 seilicet
1126 4577 1210 4632 altari
1225 4576 1312 4649 cujus
1323 4575 1488 4632 devotionis
1498 4576 1592 4648 gratia
1601 4575 1748 4631 veniebat.
1758 4575 1827 4645 Sed,

164 4683 245 4723 ritum
302 4673 436 4722 rsecutre
449 4666 525 4737 ipsis
533 4671 563 4720 et
578 4664 666 4719 uobis
674 4666 844 4733 innovatur,
853 4670 883 4718 et
887 4680 944 4734 per

82 4740 89 4747 '
162 4736 244 4794 Gerar
267 4735 941 4810 um,quiDeoJudieeposteaestpessuedatus.

161 4842 260 4901 tutem
275 4844 416 4900 deminus
431 4842 524 4897 abbas
539 4856 682 4896 reversus
692 4840 729 4896 de
740 4841 811 4895 sede
821 4843 944 4911 apesto-

87 4926 90 4933 ’
141 4924 177 4986 liu
184 4935 219 4988 iul
234 4932 359 4990 certead
376 4930 539 4986 nesretulit
550 4934 657 5000 praeter
667 4929 844 4985 auctorizata
854 4929 944 4998 privi-

82 5076 88 5099 ἰ
141 5012 204 5092 teia}
216 5038 284 5078 nam
292 5024 323 5076 et
332 5020 487 5090 epistotam
495 5017 585 5086 illam,
598 5018 686 5090 eujus
695 5018 943 5089 exemplarpenes

82 5102 87 5110 ”
139 5109 260 5181 sehabet,
275 5126 365 5181 quam
380 5108 558 5164 dicebantab
569 5107 724 5178 apostilico
736 5107 859 5161 missam
873 5122 943 5161 esse

138 5198 329 5270 archipresuli,
358 5196 401 5252 nil
430 5195 580 5268 proluisse
606 5196 812 5267 persensimus
842 5209 942 5251 rerum

134 5289 280 5344 neumam
294 5285 423 5343 utilitati.

159 5372 220 5431 Post
238 5376 305 5433 heae
326 5372 573 5444 archiepiscopus
596 5372 783 5429 cuonradum
807 5373 943 5427 comitem

131 5475 245 5535 suesque
258 5462 424 5520 familiares
438 5461 475 5516 de
489 5461 538 5518 sui
552 5460 691 5516 fidelitate
706 5461 852 5529 admouet,
869 5463 900 5514 ut
915 5461 945 5513 in

997 4668 1071 4737 proh
1088 4665 1189 4722 nefast
1216 4682 1311 4737 neque
1334 4665 1450 4735 timore,
1471 4681 1526 4720 nec
1546 4680 1646 4721 amore
1661 4663 1829 4719 dulcissimi

998 4757 1078 4810 Petri
1112 4756 1260 4811 dolentem
1297 4754 1461 4822 consolari,
1501 4752 1742 4823 humiliatumque
1769 4767 1834 4810 non.

999 4844 1172 4914 respexisse
1187 4844 1339 4916 dignatum
1354 4844 1536 4912 dicitur,imo
1545 4858 1612 4896 cum
1623 4857 1657 4895 ea
1666 4841 1828 4910 pertinacia

998 4932 1829 5002 adcelebrationemdivinorumsacramentorumprogre·

999 5023 1086 5078 ditur.
1104 5024 1221 5077 liursus
1236 5023 1313 5076 inter
1326 5021 1392 5090 ipsa
1407 5021 1591 5074 sacramenta
1606 5033 1673 5089 quas
1688 5019 1828 5088 celebrat,

999 5111 1092 5166 abbas
1107 5106 1670 5182 efflagitanssemiserarihumiliat,sed
1680 5108 1829 5179 nequcsie

1000 5215 1016 5254 a
1032 5198 1238 5255 snascntentia
1252 5198 1385 5268 pertinax
1400 5196 1517 5250 animus
1528 5196 1687 5267 discrepat.
1705 5196 1784 5268 lpse,
1798 5199 1830 5251 ut

998 5289 1105 5360 jussus
1118 5291 1189 5355 erat,
1202 5287 1230 5341 si
1243 5301 1301 5341 non
1315 5287 1495 5355 impetraret,
1512 5285 1548 5338 ad
1567 5285 1671 5341 sedem
1684 5285 1829 5356 apostoli·

1001 5393 1065 5431 eam
1079 5376 1246 5431 revertitur.
1261 5375 1340 5444 Papa
1353 5389 1419 5429 eum
1440 5374 1506 5428 suis
1520 5389 1578 5431 non
1593 5373 1829 5446 magnipendens

1001 5466 1080 5519 iltius
1096 5464 1281 5533 religionem,
1298 5463 1372 5516 haue
1390 5463 1566 5534 impietatem
1583 5467 1768 5519 exsecratur.

81 5560 83 5595 t
109 5549 945 5632 ‚duumejusqucudetcssuasueiseiinjuriasoperam
1038 5554 1167 5624 Uterque
1181 5551 1257 5622 apud
1270 5551 1431 5607 Lateranas
1445 5567 1483 5606 ex
1494 5551 1561 5623 eius
1571 5555 1719 5623 praecepto
1730 5552 1766 5607 ad
1777 5568 1831 5623 pu·

127 5638 194 5695 deut.
217 5640 276 5698 Sed
295 5641 446 5713 cognitum
467 5638 499 5694 in
520 5639 654 5694 abbatem
678 5641 707 5694 et
724 5639 862 5695 comitem
878 5655 944 5709 gra·
999 5644 1106 5699 blicam
1115 5640 1293 5697 audientiam
1304 5640 1455 5696 invitatur:
1468 5640 1597 5698 habebat
1606 5645 1749 5714 praeterea
1760 5655 1830 5711 apo·

124 5728 188 5784 riter
205 5729 319 5787 fcreht
339 5728 478 5785 amicitiae
500 5728 735 5798 couventionem,
761 5726 946 5784 infidelitatis
1000 5733 1124 5789 stelicus
1139 5732 1169 5788 in
1177 5729 1434 5802 arehiepiscopum
1446 5731 1559 5802 justam
1578 5745 1699 5788 eausam
1709 5726 1827 5799 iudicii,
