3908 6112
116 262 179 327 433
453 261 486 324 S.
502 260 728 326 auxsrlsrl
746 260 956 326 EPISTOLA
971 264 1028 326 AD
1043 264 1282 330 GERALDUM
1299 267 1518 336 ΑΒΒΑΤΕΜ.
1779 274 1841 337 434

114 460 289 532 revelatum,
300 477 339 515 vu
349 460 498 518 Kalendas
510 462 778 533 dalii,permodum
787 461 837 534 qui
850 463 951 535 sequi·
965 448 994 505 Α
1008 469 1124 520 nerunt.
1141 465 1177 521 Et
1191 467 1297 520 iterum
1312 483 1373 522 vox
1394 468 1430 523 de
1443 470 1517 525 coelo
1533 471 1629 527 eidem
1642 473 1758 528 devotae
1772 489 1839 528 mu-

112 554 172 605 tur.
190 549 257 605 Fuit
280 549 416 622 quiedam
439 552 545 607 mulier
568 551 673 606 devota
696 550 767 605 dicti
791 551 858 621 loci,
883 568 951 622 quoe
1007 553 1072 607 lieri
1088 554 1162 607 dixit
1186 554 1265 625 quod
1288 556 1422 611 foderent
1445 558 1621 627 profundius
1643 562 1778 617 eumdem
1792 563 1839 619 lo-

115 640 221 710 plures
231 639 352 710 vigilias
363 640 526 694 inbasilica
538 640 636 694 Sancti
648 640 765 694 Martini
777 639 912 708 faciebat,
923 644 951 695 ct
1006 657 1083 710 cum,
1099 646 1128 696 et
1142 648 1276 698 sanctum
1293 660 1402 713 corpus
1426 647 1602 702 invenirent.
1624 649 1660 702 Et
1674 651 1713 704 ita
1729 649 1838 707 factum

112 743 174 784 vox
184 728 223 784 de
237 729 314 784 coelo
329 729 387 784 sibi
402 729 534 784 dicebat:
549 729 580 782 ln
595 729 660 783 loco
677 729 726 783 ubi
742 745 822 797 oras,
840 744 949 798 corpus
1005 730 1068 799 fuit,
1087 734 1115 784 at
1130 731 1307 786 invenerunt
1317 735 1450 788 sanctum
1463 751 1590 805 corpus;
1607 737 1642 791 de
1653 738 1741 808 cuius
1756 755 1840 794 reve·

112 832 185 873 esse
201 818 296 872 sancti
307 818 458 873 Anastasii
470 819 561 886 scias,
578 822 606 872 et
616 819 708 889 jacet.
725 816 761 872 Et
776 818 833 872 hoc
844 817 948 886 semel,
1004 819 1110 873 latione
1125 819 1154 873 in
1171 821 1341 890 supradicto
1352 822 1416 875 loco
1432 822 1486 877 fuit
1497 839 1603 896 magna
1614 825 1797 897 solemnitas,
1808 830 1837 883 et

110 905 247 961 secundo
262 908 291 961 et
301 907 387 961 tertio
398 907 458 961 sibi
469 905 583 961 indixit.
597 907 757 975 Propterea
766 909 831 975 ipsa
842 922 950 961 secura
1003 906 1034 961 flt
1057 908 1196 976 quotidie,
1214 911 1243 964 et
1257 909 1293 963 da
1308 910 1530 966 circumvinicis
1547 913 1622 967 locis
1646 913 1683 969 ad
1706 915 1839 972 eamdem

110 994 148 1048 de
172 994 369 1062 revelatione,
386 994 491 1050 indixit
507 995 714 1049 sacerdotibus
729 999 757 1049 et
775 995 894 1049 clericis
915 1010 950 1049 ac
1003 996 1217 1050 solemnitatem
1246 998 1351 1052 devote
1374 1000 1561 1069 conveniunt,
1588 1002 1624 1055 ad
1651 1002 1793 1058 bonorem
1811 1008 1840 1058 et

110 1080 284 1138 senioribus
299 1083 371 1139 dicti
385 1083 442 1138 loci
453 1084 513 1154 qui,
530 1099 598 1138 cum
613 1083 769 1138 devotione
785 1086 814 1138 et
829 1083 948 1153 fiducia,
1003 1085 1140 1138 decorem
1157 1085 1294 1154 eiusdem
1309 1086 1495 1143 confessoris
1511 1093 1539 1142 et
1550 1091 1687 1144 monachi
1701 1092 1836 1164 magistri

110 1171 211 1227 locum
221 1170 273 1226 ubi
282 1172 356 1227 dixit
375 1171 521 1243 profunde
536 1171 692 1242 foderunt3
716 1171 771 1227 sed
788 1188 846 1228 non
863 1173 949 1226 inve·
1004 1173 1098 1226 sancti
1115 1174 1276 1244 Anastasii,
1293 1176 1382 1246 cujus
1397 1177 1494 1230 anima
1508 1178 1680 1246 paradisum
1690 1180 1836 1250 possidet.

1585 1377 1825 1396 m

364 1635 371 1641 .
463 1535 526 1644 S.
583 1535 1021 1646 anastasii
1093 1535 1489 1646 ΜΟΝΑΟΗΙ

514 1758 748 1828 EPISTOLA
787 1759 853 1826 AD
895 1757 1164 1828 GERALDUM
1206 1758 1453 1828 ABBATEM.

524 1925 575 1988 De
588 1925 724 1990 veritate
738 1928 887 2008 corporis
907 1929 939 1986 at
953 1923 1127 2007 sanguinis
1147 1923 1275 1986 Christi
1290 1925 1436 1990 Domini.

282 2103 369 2176 (Opp.
386 2103 551 2160 Lanfrancr’
565 2104 634 2160 edit.
651 2103 751 2159 domni
765 2105 856 2158 Luem
870 2104 1035 2175 D'Acherii,
1051 2122 1120 2181 pag.
1137 2107 1181 2178 tf,
1199 2107 1229 2162 in
1243 2111 1305 2163 not.
1321 2108 1358 2162 ad
1373 2107 1470 2163 Vitam
1485 2107 1669 2180 Lanfranci.)

146 2364 273 2420 Domino
288 2363 430 2420 Geaanno
439 2365 538 2420 abbati
547 2365 616 2420 olim
628 2364 697 2427 lilio,
710 2380 800 2435 nunc,
811 2365 873 2420 Deo
883 2380 950 2435 pro·
964 2343 992 2407 Β
1007 2366 1117 2421 visibili
1130 2383 1196 2437 quae
1214 2365 1359 2436 videniur,
1372 2367 1517 2422 secretius
1532 2367 1639 2424 virtute
1656 2369 1755 2426 divina
1767 2388 1836 2428 care

109 2453 194 2525 pitia,
213 2454 378 2509 venerabili
392 2455 483 2523 Patri,
500 2455 592 2509 frater
607 2455 804 2521 Anasrxsrus,
820 2455 947 2524 Domini,
1006 2458 1207 2522 consecratur,
1225 2459 1370 2526 quatenus
1392 2455 1447 2509 hoc
1463 2455 1502 2509 sit
1517 2457 1641 2512 interius
1656 2460 1685 2511 in
1700 2461 1835 2531 veritate,

109 2543 163 2614 qui
179 2545 235 2612 est,
252 2542 333 2613 quod
349 2543 447 2597 habat.
1005 2545 1084 2615 quod
1100 2544 1550 2615 crediturfrdeivirtutc.Figura
1562 2548 1667 2613 autem,
1678 2547 1746 2601 dum
1757 2549 1836 2603 aliud

146 2631 513 2703 Decorporeetaanguine
524 2630 950 2702 Dominijussisti,venerande
1004 2633 1180 2704 intelligitur
1195 2647 1282 2702 quam
1296 2632 1373 2702 quod
1387 2633 1453 2686 visu
1465 2634 1613 2703 corporali
1624 2637 1652 2688 et
1662 2639 1753 2706 gustu
1764 2653 1835 2692 san-

111 2718 211 2788 Pater,
232 2723 264 2775 ut
279 2720 423 2792 quidquid
439 2721 571 2792 parvitas
591 2736 656 2775 mea
676 2721 774 2790 sentit,
796 2721 854 2775 imo
870 2721 950 2792 quod
1003 2722 1082 2777 titur.
1092 2720 1204 2790 Quippe
1218 2737 1284 2774 cum
1297 2723 1402 2792 Agnus
1414 2720 1466 2774 Dei
1480 2720 1618 2777 Christus
1635 2723 1686 2793 qui
1699 2723 1834 2779 iuPatris

113 2808 227 2878 credit,
253 2809 402 2864 sanctitati
419 2813 530 2864 vestrm
541 2808 700 2879 *patefaciat
717 2825 723 2864 :
741 2809 805 2864 baec
820 2809 951 2864 breviter
1002 2809 1123 2865 dextera
1136 2810 1289 2880 gloriatur,
1302 2808 1479 2879 quiquejam
1491 2826 1550 2864 non
1561 2810 1694 2879 moritur,
1711 2817 1738 2865 et
1748 2828 1831 2868 mors

111 2912 164 2967 pro
175 2897 295 2952 modulo
305 2913 382 2966 mcc,
394 2898 479 2952 solva
489 2898 558 2952 fidei
568 2897 948 2970 puritate,accipiat.Crcdo
1001 2899 1043 2952 illi
1058 2898 1133 2952 ultra
1149 2914 1205 2951 oon
1217 2898 1426 2965 dominabitur,
1437 2899 1473 2951 ob
1486 2913 1549 2952 suaa
1560 2900 1711 2969 passionis
1721 2917 1834 2956 momo-

111 2990 336 3040 sacrosanctum
360 3001 470 3056 corpus
495 2986 679 3041 Dominicum
702 2987 781 3057 quod
806 2987 834 3040 in
853 2985 950 3040 'altari
1001 2989 1074 3041 rium
1098 2987 1128 3040 in
1147 2986 1289 3057 mysterio
1309 2989 1397 3040 tantae
1422 2986 1631 3042 immolationis
1655 2989 1832 3044 immolatur.

109 3074 239 3144 quotidie
255 3089 294 3128 ex
317 3074 483 3129 sacerdotis
508 3073 607 3130 officio
632 3080 843 3144 cousecratur,
870 3075 948 3130 omni
1001 3075 1080 3146 Ergo
1095 3078 1162 3145 post
1178 3075 1386 3145 tantimyslcrii
1397 3075 1662 3142 consecrationem,
1676 3077 1720 3129 sic
1731 3091 1833 3131 veram

113 3165 269 3217 exsecrata
276 3162 471 3233 dubitatione,
482 3177 584 3217 veram
596 3163 663 3234 ejus
672 3179 793 3218 carnem
803 3180 873 3219 esse
881 3180 948 3236 quaa
1001 3163 1147 3218 Dominici
1162 3164 1297 3233 corporis
1309 3162 1527 3216 Eucharistiam
1539 3178 1585 3216 ma
1596 3162 1686 3217 credo
1701 3179 1830 3236 sumere,

113 3264 200 3320 passa
214 3255 263 3306 est
276 3252 307 3305 in
324 3266 434 3321 cruce,
462 3255 491 3306 et
504 3267 607 3306 aarum
623 3253 690 3324 ejus
706 3252 882 3324 sanguinem
898 3255 948 3323 qui
1001 3255 1138 3307 uttamen
1149 3252 1229 3306 nullo
1239 3251 1325 3306 modo
1337 3252 1480 3321 negemin
1489 3250 1584 3321 figura
1595 3249 1834 3307 velsacromento

113 3340 238 3393 manavit
252 3354 290 3394 ex
306 3339 409 3408 latere,
426 3343 459 3395 ut
482 3341 601 3396 Veritas
622 3341 688 3410 ipsa
703 3345 830 3396 testatur
846 3357 853 3397 :
872 3342 948 3397 Caro
996 3357 1081 3396 esse.
1095 3340 1267 3410 Alioquinsi
1278 3339 1392 3411 absque
1402 3341 1597 3408 sacramento,
1610 3338 1657 3392 vel
1668 3339 1834 3410 figura,Dei

115 3428 344 3500 nea,inquiens,
361 3429 591 3500 veraestcibus,
606 3436 635 3484 et
646 3431 770 3502 sanguis
780 3444 863 3484 meus
877 3446 948 3486 vero
1001 3430 1119 3501 Agrium
1140 3428 1279 3483 dentibus
1298 3428 1396 3483 vorari
1412 3427 1578 3495 crederem,
1594 3428 1623 3481 in
1638 3442 1787 3499 magnum,
1803 3431 1835 3483 ut

118 3522 256 3588 eatpolus.
265 3516 947 3590 Ecquimauducarcaruemmcamcrbibicme·
1002 3520 1041 3572 ait
1052 3519 1139 3572 Pater
1148 3517 1347 3588 Augustiana,
1361 3515 1477 3569 facinus
1493 3516 1684 3570 incurrerem.
1695 3516 1785 3588 Atqui
1798 3533 1833 3574 ee

117 3620 158 3658 aaa
171 3606 354 3678 sanquinem,
368 3608 454 3662 inme
467 3613 566 3662 manet
581 3614 611 3662 et
628 3623 682 3678 apo
699 3607 730 3660 in
752 3608 945 3677 eo(·loan.v1,
963 3588 1124 3661 cuberins
1134 3607 1257 3661 veritate
1266 3605 1359 3674 fruor,
1376 3620 1435 3674 quo
1449 3603 1711 3676 ploniusilguram,
1721 3604 1768 3659 vel
1782 3621 1833 3660 aa·

120 3691 164 3763 523
176 3695 271 3750 Mati.
283 3712 366 3765 xxvi,
384 3693 433 3760 2&
450 3696 545 3750 Marc.
559 3712 619 3761 xiv,
639 3695 694 3766 Ἠ).
715 3696 758 3749 Ad
780 3696 946 3765 discipulos
1003 3696 1183 3749 crumentum
1206 3694 1316 3762 inesse,
1340 3693 1505 3746 illustrante
1521 3696 1623 3746 sancto
1648 3692 1768 3763 Spiritu,
1786 3695 1832 3749 in-

124 3797 296 3854 compancm
307 3785 473 3855 porrigeret
484 3801 490 3840 :
501 3784 618 3839 Hocest
630 3800 736 3856 corpus
754 3800 859 3852 merim,
872 3784 948 3856 quod
1002 3787 1095 3838 tueor.
1105 3783 1290 3854 Haecitoquc,
1300 3782 1470 3836 beatissimo
1483 3781 1647 3852 Pater,quae
1657 3781 1732 3852 dico,
1745 3798 1833 3853 quam

123 3871 947 3944 provehistradeturfbucxxndtilllisigitur,athujusce·
1001 3871 1138 3940 pluribus
1154 3873 1324 3925 sanctorum
1334 3871 1454 3923 Petrum
1470 3869 1557 3923 dictis
1573 3870 1765 3924 devotissime
1780 3871 1833 3925 ful·

126 3960 190 4016 nodi
207 3962 313 4017 verbis
324 3962 485 4017 Dominicis
497 3963 737 4032 ildempraebans,
747 3962 826 4016 sicut
834 3961 946 4015 nullum
1002 3960 1103 4028 ciram,
1115 3960 1155 4027 ni,
1169 3958 1370 4030 fateor,hujus
1381 3959 1514 4028 epistolae
1525 3958 1720 4027 prolixitatem
1731 3959 1833 4015 formi-

127 4061 219 4120 eorpos
229 4050 311 4106 aliud
321 4053 484 4120 prorostra
493 4052 587 4106 salute
596 4051 734 4106 traditum
743 4055 946 4119 praetersuum
1002 4047 1112 4101 darem.
1122 4047 1189 4101 'fria
1200 4046 1385 4102 solummodo
1396 4047 1573 4100 eximiorum
1582 4045 1737 4102 doctorum
1746 4049 1832 4103 testi-

128 4139 184 4208 scio,
194 4139 234 4194 ita
244 4137 642 4210 ut,praefatussum,nullam
655 4139 818 4210 eJ’usaliam
826 4154 945 4193 carnem
1001 4137 1099 4191 monia
1109 4136 1253 4202 inseram;
1271 4138 1417 4206 quatenus
1428 4135 1515 4190 vobis
1525 4134 1707 4190 satisfaciam
1723 4151 1769 4191 nie
1783 4136 1831 4191 vel

129 4237 196 4294 man
208 4243 277 4299 qum
288 4230 355 4283 nata
365 4230 412 4281 est
424 4227 460 4283 dc
476 4226 568 4282 Maria
586 4227 719 4299 Virgine,
736 4229 765 4281 et
780 4227 946 4283 resurrexit
1001 4225 1108 4295 optime
1124 4223 1256 4293 credere,
1274 4223 1322 4298 vcl¹
1337 4223 1440 4277 solerti
1459 4223 1610 4295 vigilantia
1618 4225 1646 4277 et
1662 4224 1764 4293 sagaci
1778 4239 1832 4295 per

131 4311 945 4386 iesepulcro,manducariinremissionempeccatorum
1001 4313 1159 4384 quisitione
1183 4312 1247 4367 baec
1271 4312 1448 4384 indagasse,
1465 4313 1607 4382 cautaque
1628 4311 1830 4383 intelligentia

132 4402 692 4475 celo:nequealiumsauguinambibi,
704 4419 793 4475 quam
808 4404 860 4474 qui
871 4419 943 4473 pro·
1001 4404 1254 4472 lancepensasaa.
1271 4398 1831 4472 Beatissimaenamquerprianusad
1879 4412 1881 4417 ·

133 4485 192 4545 luxit
204 4491 319 4564 deeius
334 4493 426 4547 latere
437 4507 495 4547 non
505 4491 618 4547 dubito.
635 4492 689 4558 Qui
705 4507 777 4547 vero
793 4495 945 4548 autumant
999 4490 1149 4561 populum,
1166 4490 1196 4543 in
1211 4505 1246 4544 co
1263 4504 1350 4559 opere
1366 4487 1462 4543 ubido
1474 4489 1644 4559 bocsapido
1658 4487 1768 4562 gaudio
1781 4489 1830 4545 lo-

135 4572 260 4652 iilodpost
277 4582 534 4636 consecrationem
548 4595 733 4651 panemesse
743 4581 942 4651 materialiter,
999 4580 1099 4651 quitur
1116 4596 1122 4633 :
1139 4577 1201 4634 Hoc
1211 4578 1344 4650 accipite,
1357 4577 1461 4648 inquit,
1472 4578 1503 4631 in
1510 4592 1598 4649 pane,
1610 4576 1831 4650 quodpependit

137 4666 265 4740 tteerpus
276 4669 394 4723 Domini
405 4669 571 4741 figuraliter
580 4671 702 4739 tantum,
719 4673 747 4723 et
758 4685 817 4724 non
827 4670 943 4724 veraci·
999 4668 1031 4722 in
1041 4668 1136 4739 fipnm
1154 4673 1183 4721 et
1198 4667 1252 4722 froc
1263 4667 1388 4738 accipite
1400 4667 1432 4720 in
1447 4665 1549 4732 calice,
1564 4666 1639 4738 quod
1648 4665 1781 4720 manavit
1792 4680 1832 4721 ex

138 4752 174 4822 tir,
188 4759 320 4813 carnales
330 4757 489 4812 carnaliter
503 4758 665 4828 sapientae,
678 4772 736 4812 non
754 4774 858 4828 parum
873 4774 942 4813 con·
999 4756 1106 4812 latere.
1123 4756 1178 4812 Hae
1191 4756 1294 4811 eadem
1309 4754 1402 4810 verba
1423 4757 1453 4810 et
1465 4770 1555 4809 sensa
1570 4756 1711 4827 egregius
1726 4753 1831 4810 doctor

138 4839 167 4894 lta
174 4842 251 4900 idem
260 4845 459 4916 desipiuni,co
470 4845 547 4918 quod
555 4847 651 4918 magis
662 4847 726 4901 suis
735 4847 941 4918 corporalibus
955 4843 983 4904 D
999 4845 1186 4917 Augustinus
1195 4845 1224 4897 in
1232 4845 1420 4899 sermonibus
1428 4843 1463 4897 ad
1471 4842 1635 4914 neophytos
1646 4843 1762 4898 locutus
1772 4843 1828 4897 est.

139 4931 305 5006 trulisquam
315 4935 448 4990 veritatis
458 4935 695 4990 attestationibus
711 4936 844 4990 credunt.
858 4935 941 5000 Quod
998 4933 1124 4989 sanctim
1141 4948 1211 4988 vero
1220 4933 1397 4988 Ambrosius
1408 4932 1437 4985 in
1446 4946 1480 4986 eo
1490 4930 1566 4986 libro
1575 4946 1662 5002 quam
1677 4930 1829 4987 deSacra-

139 5021 209 5077 tutam
219 5024 303 5094 panis
312 5025 342 5078 et
352 5037 434 5092 caro,
447 5025 675 5093 sacramentum,
687 5025 733 5078 vel
745 5023 851 5095 ligura,
863 5026 942 5079 tanta
998 5021 1105 5077 mentis
1121 5021 1221 5091 edidit,
1238 5021 1278 5074 ait
1290 5036 1297 5076 :
1311 5021 1383 5087 Quia
1399 5020 1462 5092 ipsa
1472 5024 1519 5075 est
1529 5035 1599 5075 caro
1610 5018 1727 5075 Gdristi
1736 5020 1767 5075 in
1777 5035 1828 5076 sa-

138 5114 294 5167 ttuaecratio
308 5111 426 5181 dicitur,
436 5126 495 5167 non
510 5111 607 5166 solum
619 5127 676 5167 non
688 5113 942 5181 reprobo,ven1m
997 5116 1159 5180 eramento,
1174 5114 1205 5166 ef
1216 5125 1419 5181 sanguisque
1432 5109 1462 5164 in
1474 5124 1562 5163 cruce
1576 5109 1727 5181 pependit,
1739 5115 1769 5166 et
1778 5109 1830 5165 flu·

137 5195 271 5256 damnaei
284 5201 399 5256 ratione
409 5199 566 5272 colligens,
584 5199 728 5255 catholice
739 5200 900 5270 amplector
913 5205 942 5255 et
996 5201 1041 5253 xit
1052 5215 1069 5254 e
1080 5198 1226 5268 Intereat
1237 5214 1348 5270 quaecx
1363 5197 1485 5270 Virgine
1491 5196 1590 5252 Maria
1598 5202 1760 5270 sumpta,et
1770 5213 1828 5255 non

136 5290 249 5356 approbo.
263 5290 376 5345 Panem
394 5304 521 5360 namque
536 5289 699 5344 orthodoxe
717 5290 775 5344 dici
790 5303 876 5344 nemo
891 5290 941 5360 qui
997 5286 1065 5357 alia,
1081 5287 1185 5359 inquit,
1200 5287 1255 5341 sed
1273 5287 1347 5358 ipsa.
1365 5285 1452 5355 Ecce,
1478 5287 1564 5341 Pater
1581 5285 1716 5358 Geralda,
1733 5287 1828 5343 habea

133 5376 203 5440 lube
216 5378 292 5451 sapit
307 5377 432 5446 dubitat,
448 5392 516 5432 cum
530 5377 633 5432 eadem
644 5377 761 5433 Veritas
771 5378 850 5432 dicat
862 5377 942 5449 :qu
996 5375 1190 5431 veracissima
1210 5374 1471 5430 veracissimorum
1491 5375 1668 5432 testimonia.
1685 5375 1716 5430 Si
1730 5378 1828 5432 autem

64 5522 66 5533 ,
131 5468 273 5538 timpanis
298 5465 601 5539 rivus,quidecualo
624 5467 777 5522 descendi.
798 5466 834 5521 Et
853 5467 942 5538 panis
996 5465 1117 5521 tescirc
1142 5465 1268 5519 delectat
1291 5463 1438 5535 quomodo
1461 5465 1510 5518 alii
1529 5465 1635 5519 Patres
1652 5464 1828 5522 nostrihac

130 5564 256 5630 marego
263 5556 532 5626 dedero,earomea
544 5556 765 5628 estpromundi
777 5555 939 5627 vita(doan.
996 5555 1098 5609 eadem
1122 5553 1284 5609 sentientes
1301 5553 1500 5620 concordent;
1518 5569 1618 5626 quaere
1634 5570 1701 5627 qum
1720 5553 1826 5609 beatus

125 5653 156 5711 u,
166 5643 217 5714 ol).
231 5645 460 5703 Sacramentum
468 5659 552 5715 vero,
568 5645 637 5720 quia
652 5645 709 5702 sub
726 5660 827 5705 carum
841 5645 941 5720 specie
998 5643 1128 5699 Hilarius
1143 5643 1172 5698 in
1189 5644 1293 5698 octavo
1306 5642 1383 5697 libro
1398 5642 1435 5697 dc
1451 5641 1601 5700 Trimitata
1617 5641 1800 5700 commendat
1816 5655 1824 5694 z
