3908 6112
112 275 190 344 latr

681 278 900 343 munaum
920 243 1245 351 coronasrores

1743 272 1822 338 1218

112 479 257 552 paraturis
271 480 342 550 fllia,
363 480 460 550 nepoti
475 480 665 551 imperatoris
679 480 816 549 Conrudi,
833 462 988 534 noviter!
1005 493 1090 533 suam
1105 480 1134 533 et
1150 476 1275 550 gloriam
1290 478 1554 548 augere,quantum
1566 475 1642 530 ritus
1652 472 1843 528 Christianos

110 567 233 640 junctus
248 567 304 622 fuit
318 568 348 621 in
364 568 500 634 amicitia,
518 568 607 639 cujus
623 567 717 623 edicto
732 567 764 620 in
788 566 949 638 quemlibet

112 656 228 712 hostem
247 656 402 712 Germania
418 657 454 719 ei,
479 657 503 710 si
534 658 705 726 postularet,
722 655 836 709 veniret
858 655 945 726 adju-

112 745 181 800 trix.
197 745 262 799 llex
274 759 391 815 quoque
404 746 552 799 Decorum
561 744 678 799 Saeuus
693 743 944 815 tldsmlegationi·

112 832 171 887 bus
187 833 214 885 oi
229 832 455 903 spopondit,sed
466 833 594 888 mimicis
610 831 812 902 ajusamicum
822 831 946 887 exhibe-

115 921 167 976 bat
181 936 215 975 se
231 920 356 985 tldelem,
373 921 450 976 sicut
460 922 489 975 iu
500 921 695 992 sequentibus
710 920 835 992 legendo
851 920 946 991 ipsius

116 1008 287 1064 detrimenta
305 1010 463 1080 spectabis.

151 1097 298 1152 Heraldus
311 1098 421 1153 interea
432 1100 587 1168 promptus
599 1100 633 1153 ad
643 1098 862 1154 decernendum
873 1112 948 1166 pree·

114 1185 154 1243 lio
170 1185 234 1239 sive
250 1187 392 1255 terrestri,
410 1188 474 1242 sive
489 1188 594 1255 navali,
620 1188 793 1257 plerumque
810 1202 876 1241 eum
891 1185 949 1238 im-

115 1274 193 1328 mani
213 1275 345 1329 exercitu
371 1275 407 1329 ad
422 1274 504 1330 littus
520 1275 665 1330 marinum
680 1275 829 1346 operiens,
845 1273 949 1329 callide

115 1361 468 1417 subornatostransmisit
477 1364 690 1434 exploratores.
703 1362 833 1427 Quorum
843 1361 950 1432 depre-

116 1449 278 1517 hensouui,
290 1465 470 1521 causamque
486 1452 532 1504 sui
542 1452 686 1506 adventus
702 1451 950 1522 quapraeceptum

116 1540 162 1593 est
172 1537 273 1608 specie
284 1539 424 1611 obtegere
437 1544 550 1609 conato,
563 1539 622 1593 dux
637 1540 724 1593 animi
737 1539 783 1593 sui
801 1537 951 1609 magnitu-

118 1626 216 1682 dinem
230 1626 359 1697 prodidit
374 1627 422 1682 his
434 1628 558 1682 verbis:
579 1650 590 1674 a
609 1628 676 1683 Non
696 1628 816 1698 indiget,
846 1625 950 1696 inquit,

120 1714 269 1770 Heroides
281 1716 344 1770 auri
355 1717 402 1771 sui
413 1716 458 1770 vel
467 1716 582 1787 argenti
590 1715 707 1785 jactura
722 1715 950 1770 turmalioruru-

1004 567 1138 636 partibus
1153 567 1183 619 in
1194 566 1253 620 illis
1269 565 1420 636 corrigere
1435 565 1567 619 intendit.
1579 565 1645 618 iam
1657 566 1720 617 tota
1733 562 1840 616 classis

1004 654 1265 724 providentissime
1277 656 1417 708 exornata
1432 654 1470 707 ab
1485 653 1561 708 ostio
1576 652 1658 707 Divae
1672 651 1839 722 vicinisque

1006 743 1212 814 portubus,ubi
1230 742 1369 811 Nothum,
1392 756 1450 813 quo
1470 742 1717 808 transmitterent,
1734 738 1840 792 diutius

1007 835 1219 901 exspectavere
1227 829 1347 901 zephyri
1356 830 1425 884 llatu
1439 830 1470 884 in
1481 830 1636 884 stationem
1654 828 1753 883 sancti
1763 826 1837 881 Gua-

1006 919 1191 974 lericidelata
1206 918 1317 973 aetthi
1332 933 1450 990 quoque
1465 917 1615 987 precibus,
1633 916 1735 984 donis,
1752 915 1836 984 votis,

1007 1007 1121 1063 coelesti
1130 1006 1273 1079 suffragio
1282 1023 1315 1061 se
1326 1003 1840 1076 commisitoptimeconlidens,prin·

1007 1112 1079 1166 ceps
1087 1096 1439 1167 quemnequemoraslve
1449 1095 1644 1150 contrarietas
1654 1093 1838 1163 vanti,neque

1007 1184 1151 1241 terribilia
1166 1184 1332 1257 naufragia,
1347 1199 1443 1255 neque
1458 1183 1564 1254 pavida
1583 1183 1656 1254 tuga
1671 1180 1836 1250 multorum,

1009 1275 1058 1345 qui
1074 1273 1161 1327 ildem
1176 1272 1404 1342 spoponderant,
1423 1272 1562 1343 frangere
1576 1270 1754 1341 praevalent.
1770 1267 1839 1333 Quin

1008 1361 1171 1416 etconsilio
1187 1360 1417 1415 adversitatibus
1433 1359 1786 1429 obvius,submersorum
1800 1357 1840 1411 in·

1008 1448 1124 1519 teritus,
1140 1451 1281 1518 quantum
1309 1451 1432 1519 poterat,
1450 1447 1618 1516 occultavit,
1637 1445 1781 1502 latentius
1801 1447 1840 1499 tu·

1008 1536 1155 1605 mutando,
1181 1540 1374 1591 commeatum
1398 1537 1428 1590 in
1456 1536 1522 1591 dies
1538 1535 1687 1608 sugendo,
1718 1533 1839 1604 inopiam

1007 1624 1400 1680 lenivithdhochortamina
1410 1625 1531 1679 diverso
1538 1624 1661 1679 retraxit
1673 1622 1839 1690 exterritos,

1007 1713 1146 1768 animavit
1165 1716 1318 1783 paventes.
1343 1712 1445 1768 Sacris
1473 1711 1746 1783 supplicationibus
1774 1709 1840 1763 adeo

118 1818 175 1874 que
190 1803 279 1858 tidem
294 1808 381 1875 atque
391 1804 540 1859 solertiam
558 1819 667 1871 emere,
680 1803 729 1874 qui
741 1803 865 1858 subdolo
881 1817 951 1871 spe·
969 1802 1170 1896 ssdeeertavit
1184 1804 1215 1856 ut
1244 1816 1353 1871 corpus
1370 1801 1457 1857 etiam
1470 1799 1675 1871 acceptissimi
1690 1799 1755 1854 Deo
1779 1812 1839 1851 oon·

119 1891 247 1946 colatum
264 1907 319 1947 nos
330 1892 466 1947 veniatis.
478 1892 552 1956 Quid
569 1891 751 1960 consulatur,
777 1892 847 1963 quid
861 1906 952 1960 appa·
1008 1891 1136 1946 sessoris
1147 1890 1294 1945 Gualerioi
1311 1895 1412 1944 contre
1432 1889 1662 1961 praepedientem
1687 1891 1717 1942 et
1732 1900 1786 1957 pro
1800 1900 1839 1939 sc·

118 1979 200 2031 retur
214 1977 291 2047 apud
308 1992 362 2032 nos
379 1979 490 2033 certior
504 1993 570 2032 eum
586 1993 672 2050 quam
687 1979 756 2032 velit
771 1982 800 2034 et
815 1979 952 2047 opinione
1008 1972 1104 2035 dundo
1119 1981 1207 2035 vento
1222 1982 1305 2034 extra
1319 1978 1473 2033 basilicam
1484 1978 1613 2032 deferret
1629 1992 1637 2047 3
1650 1976 1840 2031 concurrente

120 2063 187 2135 ejus
204 2064 289 2120 citior
316 2065 414 2135 index,
441 2067 549 2137 quippe
569 2083 632 2123 mea
650 2068 807 2138 praesentia
824 2066 951 2121 docebit.
1007 2068 1037 2123 in
1052 2069 1154 2123 eadem
1172 2067 1345 2123 humilitatis
1356 2083 1436 2121 arma
1453 2066 1595 2121 concione
1605 2065 1839 2135 profecturorum

119 2153 232 2209 Hccex
246 2169 292 2209 me
309 2154 391 2211 refer
401 2154 444 2209 illi
463 2156 700 2224 mandatum,nae
715 2155 803 2211 ullam
818 2154 953 2209 adversi·
1010 2172 1077 2211 oum
1094 2158 1170 2227 ipso.

120 2245 256 2298 tatemer
270 2243 358 2298 nobis
374 2243 400 2298 ei
417 2244 637 2314 suscipiendam
653 2260 732 2311 esse,
743 2245 901 2315 quominus
912 2258 955 2297 ro·
1046 2246 1183 2316 Spiranta
1193 2245 1262 2301 dein
1272 2260 1344 2300 aura
1353 2245 1523 2314 exspectata
1530 2257 1622 2297 voces
1634 2256 1704 2296 cum
1713 2239 1840 2296 mambae

123 2329 232 2402 liquam
248 2333 361 2386 aetalem
378 2348 504 2387 securus
518 2334 655 2404 agatnisi
666 2333 876 2388 iutraannuum
888 2346 955 2401 spa·
1010 2334 1039 2387 in
1056 2333 1162 2387 coelum
1179 2332 1390 2405 gratificantes,
1407 2347 1441 2386 ao
1457 2331 1545 2385 simul
1560 2329 1705 2384 tumultus
1720 2328 1840 2383 invicem

123 2418 206 2488 tium,
223 2419 274 2474 ubi
284 2422 421 2475 tutiorem
437 2421 534 2475 locum
549 2421 614 2475 suis
629 2422 755 2491 pedibus
770 2424 880 2491 sperat,
909 2434 955 2474 me
1012 2423 1138 2477 incitans
1153 2423 1357 2489 tollitur,terra
1372 2436 1460 2492 quam
1483 2419 1752 2492 properantissime
1766 2418 1843 2473 dese·

124 2509 323 2578 conspexerit.
343 2531 353 2555 a
380 2510 538 2579 Stupentes
553 2524 624 2563 vero
640 2510 752 2580 grande
775 2509 956 2580 promissum
1012 2512 1097 2576 nitur,
1115 2511 1236 2565 dubium
1252 2511 1308 2565 iter
1331 2525 1418 2581 quum
1443 2509 1669 2579 cupientissime
1684 2508 1786 2562 initur.
1808 2505 1843 2560 Eo

123 2595 271 2665 primores
287 2596 567 2664 Northmauncrum,
577 2598 658 2651 mulli
669 2598 860 2653 diffidentiam
871 2612 956 2652 suam
1013 2615 1139 2671 namque
1155 2599 1314 2654 celeritatis
1329 2605 1410 2653 motu
1425 2598 1615 2669 impelluntur
1632 2599 1665 2652 ut
1680 2612 1750 2651 cum
1765 2595 1843 2650 armi·

124 2698 183 2739 nou
200 2683 523 2755 reticenl.Amplitleanl
540 2687 671 2741 erutione
686 2703 773 2757 squam
789 2687 956 2757 desperatio
1012 2704 1115 2761 gerum
1132 2688 1309 2755 bic,socium
1325 2688 1462 2741 inclamet
1476 2687 1536 2756 ille,
1552 2686 1687 2757 plerique
1703 2686 1844 2739 immane

125 2771 253 2842 dictavit,
268 2787 341 2842 opes
370 2774 490 2828 Horaldi
506 2790 578 2829 suas
594 2775 768 2830 diminuunt.
792 2775 956 2831 Thesauris
1011 2792 1062 2831 res
1078 2777 1227 2847 clientum,
1245 2779 1293 2831 cut
1308 2776 1469 2843 sociorum,
1483 2780 1532 2831 aut
1547 2790 1649 2829 rerum
1663 2773 1843 2829 necessaria·

123 2858 207 2915 illum
221 2861 381 2933 abundare,
393 2863 504 2934 quibus
518 2864 608 2933 portis
625 2880 689 2919 suae
704 2865 797 2920 duces
812 2868 840 2920 et
866 2880 956 2943 rages
1011 2881 1087 2935 rum,
1104 2866 1134 2919 id
1157 2866 1265 2933 solum,
1291 2880 1328 2919 ue
1344 2864 1555 2936 relinquantur,
1569 2864 1702 2935 cogitant
1717 2879 1753 2917 uo
1768 2861 1842 2918 testi·

124 2951 956 3025 praepotentesconducantur,classemhabereplurimam
1012 2957 1090 3008 nant.
1115 2954 1251 3023 Increpat
1275 2956 1372 3008 tamen
1387 2957 1474 3024 atque
1503 2954 1590 3024 urget
1613 2952 1643 3006 in
1657 2966 1777 3022 puppes
1803 2966 1842 3004 ar·

125 3037 297 3094 hominesiu
307 3040 478 3096 ministeriis
487 3041 818 3112 nauticisperitissimos
830 3043 881 3114 qui
897 3059 958 3098 sea·
1012 3044 1086 3098 dens
1115 3043 1299 3098 vehementia
1316 3043 1411 3112 ducis,
1437 3043 1553 3113 siquos
1569 3041 1721 3097 ullatenus
1738 3053 1840 3094 moram

124 3126 193 3197 pius
204 3128 336 3198 pericula
350 3132 379 3184 at
393 3130 494 3199 praelia
511 3131 656 3186 maritima
664 3133 724 3186 siut
732 3133 855 3202 experti.
865 3132 957 3186 Terra
1012 3136 1131 3187 nectere
1146 3134 1235 3186 notat.
1253 3131 1363 3185 Verum
1370 3146 1406 3186 ne
1415 3130 1499 3201 prius
1508 3130 1573 3185 luca
1582 3130 1677 3198 littus,
1687 3144 1749 3200 quo
1758 3128 1842 3183 inten-

125 3214 206 3271 illius
222 3217 262 3271 uti
278 3217 441 3287 divitiis,ita
454 3218 556 3273 militis
574 3220 658 3288 copia
674 3219 959 3290 hancmultipliciler
975 3182 1093 3288 odunt,
1111 3219 1301 3291 attingentes,
1329 3220 1430 3290 iniqua
1459 3222 1488 3273 et
1503 3220 1601 3273 minus
1626 3220 1695 3272 nota
1723 3217 1842 3271 statione

126 3303 347 3373 superari.Quis
363 3306 450 3375 enirn,
465 3306 549 3377 juxta
564 3308 772 3377 praestitutum,
785 3325 876 3364 naves
891 3324 958 3379 per·
1012 3308 1433 3380 periclitentur,datpraeconis
1448 3322 1522 3361 voce
1533 3307 1673 3375 edictum,
1696 3309 1728 3361 ut
1739 3321 1806 3360 cum
1818 3304 1842 3357 ir

126 3392 367 3465 liei,autparlecti
380 3394 510 3465 remiges
530 3396 654 3450 inveniri
662 3399 858 3468 annuaspatio
866 3413 958 3468 posse
1013 3399 1103 3453 altum
1120 3397 1179 3452 sint
1197 3397 1342 3465 deductae,
1358 3396 1507 3467 paululum
1522 3394 1621 3450 noetis
1637 3393 1844 3465 conquiescant

126 3486 259 3551 speraret
269 3482 364 3547 ‘lQuis
375 3498 451 3537 nova
463 3483 518 3537 huc
529 3483 715 3553 expeditione
726 3485 958 3555 pulcherrimum
1014 3503 1072 3542 non
1087 3486 1177 3558 longe
1189 3501 1266 3539 esua
1274 3488 1485 3557 ratescunclae,
1494 3485 1523 3538 in
1536 3482 1679 3538 anchoris
1690 3483 1842 3545 fluitantes,

127 3572 235 3624 statum
243 3571 345 3639 patriae
356 3571 387 3624 iu
398 3587 512 3626 omnem
524 3572 618 3643 redigi
634 3573 782 3628 miseriam
798 3590 856 3629 non
872 3577 957 3630 time·
1016 3575 1147 3630 donecin
1160 3573 1227 3644 ejus
1242 3574 1312 3628 mali
1327 3588 1443 3628 summo
1457 3572 1591 3642 lampade
1607 3575 1782 3642 conspecta,
1797 3585 1843 3624 er·

127 3657 195 3721 ret?
208 3655 280 3720 Quis
298 3657 421 3712 Romani
435 3659 624 3729 imperatoris
641 3676 713 3731 opes
729 3677 762 3716 aa
777 3662 855 3717 vinci
877 3663 957 3718 dittl·
1016 3663 1265 3734 templobuccinae
1275 3663 1445 3735 clangorem
1457 3677 1567 3716 cursus
1576 3661 1842 3731 accipiantsignun

127 3745 233 3800 cultata
246 3760 304 3801 non
315 3748 498 3804 attlrmaret‘?
1017 3752 1158 3807 Memorat
1172 3751 1291 3822 antiqua
1301 3750 1416 3806 Graecia
1426 3749 1785 3821 Atridam,rtgemennona
1794 3748 1844 3802 tra·

102 3879 105 3883 .
162 3833 263 3889 Erexit
273 3839 370 3890 aulem
379 3836 547 3893 diffidentes
558 3840 617 3894 dux
628 3840 684 3895 hac
692 3841 856 3897 elocutione
867 3857 873 3896 :
893 3863 904 3891 a
917 3843 961 3896 In-

127 3923 221 3978 notuit
231 3924 328 3994 nobis,
338 3926 387 3995 ait,
406 3926 525 3982 liar-aldi
540 3929 695 3999 sapientia,
712 3934 855 3985 terrorem
871 3930 958 3986 nobis

127 4011 245 4083 ingerit,
262 4013 316 4068 sad
332 4029 416 4084 spem
429 4021 528 4089 auget.
546 4017 605 4072 Sua
619 4018 737 4088 quidem
753 4019 895 4073 inutiliter
908 4035 959 4074 ex·

126 4101 243 4171 pendet,
256 4117 359 4156 aurum
368 4103 530 4174 dissipare,
542 4106 958 4163 nonconsolidanshonorem.

128 4188 194 4244 Non
209 4205 245 4246 eo
259 4191 347 4246 animi
364 4193 444 4264 viget
459 4195 577 4263 robore,
594 4211 653 4266 quc
668 4197 714 4250 vcl
724 4196 873 4252 minimum
890 4197 959 4267 quid

1016 3845 1117 3897 ternos
1131 3840 1277 3895 thalamos
1292 3839 1382 3894 ultum
1399 3839 1492 3892 ivisse
1503 3837 1582 3892 mille
1592 3837 1740 3905 navibus,
1756 3838 1845 3906 prote·

1017 3934 1193 3985 stamurnos
1208 3928 1390 3983 Willalmum
1406 3927 1540 3982 diadema
1552 3926 1671 3998 regium
1686 3924 1844 3996 requisisse

1016 4019 1163 4088 pluribus.
1187 4018 1317 4072 Xerxem
1334 4016 1480 4072 fabulatur
1502 4015 1553 4069 illa
1567 4015 1675 4069 Seston
1691 4017 1721 4068 et
1735 4012 1843 4068 ,tbidou

1015 4110 1105 4180 ponto
1121 4104 1511 4177 disjunctasurbesnavium
1526 4105 1613 4173 ponte
1628 4101 1845 4174 conjunxisse,

1016 4194 1200 4249 Willelmum
1216 4208 1272 4249 nos
1287 4208 1391 4247 revera
1406 4207 1607 4264 propagamus
1618 4206 1677 4245 uno
1690 4192 1774 4244 clavo
1788 4202 1844 4243 sue

126 4279 399 4348 meorumpolliceri
408 4282 693 4340 audeathtarbitrio
703 4286 960 4356 meopariterquae
1015 4282 1381 4356 potestatisNortmannici
1391 4280 1447 4336 soli
1459 4283 1487 4335 ct
1501 4279 1620 4351 Anglici
1630 4278 1845 4348 amplitudinem

127 4369 277 4436 measunt,
288 4370 652 4443 quaequedicunturilliuS,
662 4374 961 4445 promittenturatque
1017 4373 1217 4443 copulavisse.
1234 4370 1416 4425 Willelmum
1427 4370 1477 4440 qui
1493 4385 1508 4422 a
1523 4369 1604 4423 nullo
1616 4383 1747 4439 unquam
1762 4381 1845 4436 supe·

127 4454 286 4510 dabuntur.
305 4456 427 4512 Hostem
452 4460 528 4514 haud
554 4460 642 4516 dubie
657 4463 818 4532 superabit,
836 4463 885 4533 qui
902 4478 961 4518 non
1018 4466 1099 4517 ratus
1111 4461 1232 4531 patriam
1250 4460 1368 4530 inclytis
1393 4459 1510 4514 ornavit
1523 4458 1657 4528 tropaeis,
1676 4454 1846 4511 clarissimis

128 4543 227 4599 minus
243 4560 310 4615 quae
326 4545 423 4601 hostis
434 4550 568 4618 possidet
577 4565 665 4621 quam
673 4551 791 4621 propria
799 4552 901 4622 largiri
911 4568 960 4605 va·
978 4535 1207 4620 ffllocupletavit
1221 4548 1392 4618 triumphis,
1408 4547 1562 4617 superiore
1587 4545 1686 4600 hostis
1703 4560 1791 4599 manu
1804 4542 1846 4597 de·

128 4632 178 4690 let.
190 4633 316 4706 Navigio
330 4649 388 4705 quo
398 4636 566 4692 sufficiente
577 4640 879 4711 citiusgaudebimus,
904 4656 961 4695 non
1019 4640 1097 4693 violo
1116 4637 1222 4706 Xerxi,
1242 4639 1271 4691 et
1286 4636 1350 4691 sine
1375 4636 1473 4690 classe
1488 4633 1677 4705 sequendum,
1695 4649 1731 4688 ae
1745 4632 1849 4687 fortitu·

128 4721 357 4793 praepediemur.
369 4724 432 4780 Sint
441 4725 481 4780 illi
494 4728 617 4796 experti,
634 4744 701 4801 quse
717 4743 772 4784 nos
783 4745 850 4784 cum
865 4729 961 4784 telici·

129 4812 187 4865 tate
202 4811 316 4885 majore
331 4814 528 4883 experiamur.
550 4816 663 4870 Virtute
672 4817 779 4871 melius
802 4832 890 4888 quam
905 4833 961 4871 nu-

129 4914 213 4955 mero
224 4901 348 4956 militum
364 4902 440 4957 bella
452 4907 603 4975 geruntur.
613 4905 771 4975 Praeterea,
780 4921 816 4960 ne
831 4905 961 4976 rapinam

131 4987 242 5043 amittat
256 4989 304 5045 ille
318 4992 470 5063 pugnabit,
483 5007 539 5048 nos
550 5009 616 5064 quae
632 4994 709 5049 dono
724 4995 886 5066 accipimus
908 4996 962 5050 be·

132 5075 247 5132 noticiis
259 5082 506 5150 comparavimus,
519 5082 708 5154 requirimus.
718 5081 790 5146 Quae
800 5084 893 5154 partis
908 5099 962 5138 no-

133 5165 204 5218 strae
215 5166 309 5235 prima
317 5168 422 5225 llduciu
431 5171 593 5241 periculum
602 5186 688 5226 omne
699 5171 860 5242 depellens,
873 5173 963 5227 lactis·

133 5252 426 5326 simumtriumphum
434 5260 682 5330 uobis,summum
694 5261 965 5330 decus,praeclaris-

135 5341 243 5395 simum
266 5359 373 5399 nomen
394 5348 483 5403 dabit.
502 5372 513 5397 a
532 5348 645 5405 Etenim
662 5350 815 5405 constabat
831 5350 896 5405 viro
914 5365 965 5404 ca·

134 5428 244 5486 tholieo
271 5448 306 5487 ac
321 5433 446 5504 sapienti
465 5438 545 5509 quod
575 5439 782 5510 omnipotentia
807 5438 870 5508 Dei,
894 5438 967 5493 nihil

134 5518 239 5575 volens
247 5521 390 5593 iniquum,
400 5523 513 5607 iustam
528 5543 649 5582 causum
660 5529 765 5584 cadere
776 5543 834 5582 non
843 5528 965 5597 sineret,

136 5611 966 5695 presertimconsiderantiseseqdnontantumdbionem

1021 4727 1089 4781 dine
1099 4725 1333 4795 anteponendum
1350 4739 1518 4779 censemus.

1056 4814 1169 4870 Salutis
1183 4816 1270 4868 noctu
1295 4817 1362 4882 post
1376 4813 1505 4884 quietem
1520 4810 1658 4880 navibuS,
1673 4810 1789 4865 vehens
1802 4808 1848 4862 du·

1023 4918 1097 4972 cem,
1114 4905 1193 4958 retro
1218 4903 1343 4956 caeteras
1369 4900 1499 4972 agillime
1514 4899 1634 4969 reliquit
1647 4898 1802 4954 ardentius
1818 4895 1848 4950 ad

1023 4993 1175 5047 victorium
1186 4991 1382 5060 properantis,
1394 4989 1517 5060 imperio
1529 5004 1593 5042 suae
1602 4987 1770 5043 velocitatis
1778 4984 1850 5057 pari·

1024 5083 1103 5136 litate
1116 5080 1203 5151 quasi
1214 5079 1433 5150 obtemperans.
1446 5078 1557 5133 iussus
1572 5092 1658 5132 mane
1672 5092 1775 5132 remex
1785 5072 1853 5129 mari

1024 5171 1060 5225 ab
1076 5170 1144 5240 alto,
1161 5184 1230 5224 num
1239 5184 1306 5239 quaa
1315 5168 1433 5222 veniant
1445 5182 1606 5238 consequae
1614 5165 1777 5237 speculari,
1786 5178 1854 5235 prte-

1024 5262 1069 5314 ter
1083 5259 1242 5329 pelaguset
1254 5255 1561 5326 aeruprospectuisuc
1572 5254 1733 5308 aliudnihil
1742 5266 1854 5323 compa·

1026 5363 1091 5403 rere
1105 5347 1224 5402 indicat.
1240 5344 1401 5400 Confestim
1430 5344 1559 5399 anchora
1583 5345 1675 5414 jacta,
1696 5358 1734 5398 nc
1763 5345 1854 5396 metus

1025 5440 1111 5507 atque
1127 5451 1236 5491 moeror
1260 5435 1396 5489 comitem
1415 5433 1531 5488 turbam
1546 5431 1756 5501 contunderet,
1771 5432 1856 5485 abun·

1024 5527 1098 5581 dans
1109 5524 1264 5596 prandium
1279 5539 1333 5578 nec
1346 5523 1464 5577 baccho
1481 5522 1662 5595 pigmentato
1671 5536 1781 5577 carens
1795 5516 1856 5574 ani·

1024 5615 1216 5671 mosissimus
1231 5613 1301 5685 dux,
1312 5628 1347 5668 ac
1362 5613 1389 5667 si
1404 5613 1435 5668 in
1449 5610 1602 5668 caenaculo
1616 5610 1787 5667 domestico
1798 5621 1856 5662 me·
