3908 6112
126 336 187 403 283

129 541 237 595 Terror
249 539 336 594 malis
351 538 504 595 omnibusl

128 629 169 683 Te
184 627 377 683 Flandrorum
397 629 517 698 comite,

127 716 325 782 Quiescebaut
340 717 464 787 semitae,

128 806 191 860 Nec
206 806 332 860 audebat
350 807 417 877 quis
439 808 518 861 tuam

127 893 311 948 Conturbare
324 894 458 964 patriam.

127 983 222 1038 Preda
237 999 314 1038 nunc
330 983 484 1051 ettlcimur,

127 1071 264 1142 Undique
278 1071 434 1141 diripimur

126 1157 172 1213 Fit
187 1164 305 1228 pastore
319 1163 434 1214 mortuo

126 1246 230 1301 Ovium
246 1247 379 1317 direptio.

126 1335 219 1389 Nemo
232 1335 345 1406 justum
362 1335 514 1407 sequitur,

125 1422 244 1492 Paxque
263 1425 360 1477 tecum
382 1425 513 1493 moritur,

124 1507 159 1561 Et
172 1509 312 1564 abscisso
323 1512 427 1582 capite,

122 1596 252 1651 Membra
269 1602 399 1669 pugnant
410 1600 548 1669 undique.

122 1682 210 1750 Dola,
226 1684 348 1756 plange,
365 1685 513 1756 Flandria,

122 1769 211 1833 Quasi
228 1776 341 1840 petrem
356 1772 425 1826 illio.

121 1856 209 1911 Nulla
224 1862 294 1913 sunt
308 1861 421 1929 solatia,

122 1946 201 1999 Perit
215 1949 264 2001 tua
278 1948 383 2019 gloria.

122 2034 168 2088 Ad
181 2034 341 2090 lamentum
357 2054 488 2093 convoca

121 2121 251 2193 Quaeque
267 2127 511 2197 ragnaproxima,

121 2207 156 2262 Et
172 2209 208 2263 ad
218 2215 267 2265 tua
282 2211 385 2267 funera

120 2295 260 2352 Planctus
274 2299 373 2368 pulset
389 2301 510 2359 aethera.

120 2381 194 2438 Cum
207 2385 276 2440 iacit
287 2386 444 2459 justitiam,

122 2472 233 2529 Passus
249 2479 295 2530 est
310 2477 461 2548 invidiam,

119 2557 154 2613 Et
169 2575 222 2629 pro
242 2578 333 2618 causa
349 2580 511 2636 pauperum

119 2647 242 2704 Pertulit
256 2654 420 2709 martirium

119 2733 199 2807 Ergo
213 2753 268 2807 pro
281 2737 395 2810 justitia

118 2820 283 2881 Coronatur
298 2829 391 2900 gloria
404 2849 411 2895 ;

118 2910 155 2965 Et
165 2911 326 2970 laetandum
342 2920 450 2990 potine,

117 2996 520 3075 Sedtamennonpoasumus.

117 3084 203 3157 Cogit
217 3105 273 3146 nos
289 3094 428 3150 continuo

117 3169 203 3228 Flere
219 3174 372 3248 desolatio,

116 3258 209 3330 Cujus
225 3263 255 3318 in
269 3267 403 3323 absentia

115 3344 332 3408 conturbantur
345 3359 452 3414 omnia.

114 3433 200 3490 Fient
214 3444 323 3508 pentus
339 3448 368 3499 et
382 3446 490 3518 Anglia

115 3519 245 3593 Totaque
261 3527 451 3601 Normannia,

707 538 857 609 Flandria,
874 543 903 594 tu
914 541 1033 609 misera,

708 627 768 681 Tua
784 628 874 683 tunde
888 631 1016 698 pectora,

706 713 815 770 Scinde
826 732 919 787 genas
935 716 1095 788 unguibus,

708 802 811 873 Neque
826 819 931 873 parcas
945 803 1073 857 fletibus.

708 887 783 942 Hinc
798 889 876 944 dolet
892 890 974 944 ltalia

707 974 837 1046 'lotaque
852 976 962 1045 Sicilia,

706 1064 844 1135 Duraque
859 1063 1015 1119 Germania

705 1155 801 1223 Atque
817 1151 1019 1222 Lotharingia.

706 1241 814 1296 Nostra
829 1255 896 1294 nam
910 1239 1030 1294 miseria

705 1330 805 1386 Terrae
820 1329 918 1400 pulsat
932 1329 1042 1397 intima,

705 1418 846 1490 lloletque
863 1432 929 1472 eum
944 1417 1033 1470 Dacia

705 1508 798 1562 Thule
814 1505 1022 1561 remotissima.

704 1597 842 1653 Glacialis
858 1594 1001 1664 Rhodope

703 1689 806 1756 Stupet
821 1687 900 1740 tauto
916 1681 1040 1736 scelere.

703 1775 883 1843 Geticusque
898 1771 1029 1825 lemarus

704 1862 739 1916 Et
753 1861 873 1917 excluse
889 1859 1064 1929 Bosphorus

704 1950 816 2018 Pleret,
834 1953 862 2004 et
877 1949 1019 2018 Hispania

703 2038 809 2094 iuncta
824 2054 890 2093 cum
906 2036 1034 2102 Galatia;

704 2127 766 2183 Neo
782 2127 896 2180 laetetur
909 2125 1033 2194 Graecia,

703 2212 890 2268 lacrimante
905 2210 1051 2265 Flandria.

701 2299 935 2356 OFlandrenses
950 2299 1063 2352 miseri.

703 2389 791 2444 Porta
807 2388 911 2457 patens
926 2385 1016 2440 interi

703 2475 832 2530 Devoret
848 2488 901 2527 vos
913 2472 1041 2542 penitus,

703 2562 766 2617 Nec
782 2563 897 2617 evomat
911 2559 1049 2629 amplius.

701 2647 772 2713 Quae
788 2661 852 2716 ves,
870 2646 960 2714 servi,
978 2645 1053 2700 turia

701 2733 847 2802 Compulit
861 2732 898 2786 ad
913 2731 1003 2786 talia?

701 2820 783 2876 Sicut
794 2818 887 2874 ludas
902 2818 1054 2888 proprium

702 2906 879 2963 Tradidistis
895 2905 1056 2959 dominum.

701 2995 853 3068 Superatis
865 2994 988 3049 nimium

701 3086 829 3141 Facinus
845 3081 1048 3152 Lemniadum,

701 3173 851 3243 Danaique
865 3171 969 3226 lunera
1006 3240 1012 3249 ι

700 3262 807 3318 Vestra
821 3260 942 3313 vineunt
965 3257 1091 3313 scelera.

701 3350 781 3422 Ergo
796 3348 881 3404 dudae
896 3346 1002 3416 perditi

700 3436 781 3493 Facti
796 3433 871 3489 estis
887 3431 982 3501 socii3

700 3525 807 3580 Secum
821 3523 852 3575 in
866 3518 1016 3589 supplicio

562 339 745 403 APPEND.
767 339 825 401 AD
848 339 985 402 easta
1007 338 1138 401 EPlSG.
1161 338 1380 403 CAMERAC.

1268 539 1395 594 Fecistis
1410 540 1571 596 innoxium.

1267 626 1482 682 'l'radensenim
1490 627 1657 698 Dominum,

1267 715 1369 785 Implet
1384 715 1563 786 vaticinium,

1268 799 1367 856 llultis
1382 802 1489 874 quippe
1505 803 1623 874 proluit,

1266 890 1652 961 Dominumquodtradidit;

1266 977 1324 1034 Sed
1338 981 1436 1034 vestra
1451 981 1567 1035 traditio

1266 1066 1365 1121 llultis
1381 1071 1428 1122 est
1441 1068 1576 1138 perditio.

1265 1154 1346 1210 Fecit
1362 1172 1434 1229 ergo
1449 1159 1570 1211 nescius

1264 1240 1346 1306 Quod
1353 1244 1510 1312 prodesset
1518 1244 1654 1313 pluribus

1265 1327 1323 1385 Sed
1337 1334 1436 1386 vestra
1451 1333 1570 1386 vesania

1264 1418 1363 1472 llultis
1379 1419 1435 1472 erit
1449 1420 1546 1474 noxia.

1262 1504 1333 1570 Quae
1345 1505 1407 1576 jam
1423 1509 1523 1562 vestro
1545 1507 1653 1563 sceleri

1263 1591 1352 1648 Poena
1368 1598 1464 1664 possit
1479 1597 1542 1651 fieri

1262 1681 1401 1746 Quaerere
1415 1701 1473 1738 non
1489 1685 1602 1755 desino,

1262 1770 1323 1824 Nec
1339 1774 1436 1826 tamen
1451 1774 1580 1828 invenio.

1261 1857 1328 1912 Non
1342 1863 1389 1914 est
1403 1864 1460 1913 tam
1470 1862 1616 1934 sacrilego

1261 1942 1350 2001 Poena
1367 1946 1455 2016 [ligna
1471 1947 1589 2017 populo.

1260 2032 1321 2089 Vos
1337 2036 1492 2103 expectant
1507 2035 1603 2089 omnia

1259 2121 1483 2175 Tormentorum
1499 2138 1626 2193 genera:

1259 2209 1398 2264 Tantalus
1409 2215 1553 2282 purgatus
1569 2215 1632 2276 est;

1259 2299 1366 2353 Vester
1380 2298 1447 2368 ejus
1463 2301 1547 2354 locus
1562 2302 1618 2355 est.

1259 2385 1295 2440 ut
1309 2389 1466 2441 noeentum
1481 2389 1599 2459 agnitae

1258 2473 1372 2528 Cedunt
1386 2475 1473 2529 vobis
1488 2476 1596 2530 omnia.

1258 2561 1341 2615 lxion
1352 2559 1415 2631 jam
1430 2562 1512 2616 exilit
1524 2577 1532 2630 3

1260 2649 1364 2703 Rotam
1381 2649 1466 2703 vobis
1481 2649 1608 2718 deserit3

1258 2736 1427 2807 Saxumque
1439 2737 1567 2792 volubile

1258 2825 1319 2880 Vos
1330 2828 1444 2895 oportet
1457 2825 1588 2880 volvere.

1258 2911 1360 2983 Stupet
1380 2913 1478 2967 mundi
1494 2913 1648 2978 mechina;

1258 2998 1369 3052 Pavent
1384 2999 1458 3053 Ditis
1472 2999 1587 3069 abdita3

1258 3085 1387 3140 Horrent
1402 3085 1470 3140 coeli
1485 3086 1585 3141 sidera

1258 3173 1329 3228 Tam
1344 3174 1468 3228 nefanda
1485 3175 1612 3228 scelera.

1259 3262 1294 3317 Et
1308 3278 1363 3317 nos
1380 3262 1623 3318 exhorrescimus

1258 3350 1343 3405 Unda
1358 3350 1446 3405 tinem
1460 3351 1598 3405 facimus.

1257 3439 1302 3493 Ne
1317 3440 1493 3494 sordescant
1508 3440 1618 3494 saecula

1257 3529 1370 3583 Talium
1385 3527 1536 3583 memoria.

701 3613 765 3666 Vox
780 3611 931 3677 exspectat
942 3605 1058 3660 mansio
1069 3624 1077 3672 ;

701 3701 791 3754 lmmo
808 3711 882 3767 pene
898 3695 1039 3749 miserum

114 3605 155 3660 Te
169 3605 210 3690 ⁸⁹3
217 3610 284 3680 plus
301 3615 358 3685 hie,
371 3633 387 3671 o
401 3617 540 3691 Francia,

114 3692 173 3750 Sed
184 3698 281 3755 minus
290 3718 377 3773 quum
393 3704 540 3763 Flandrin.

148 3840 193 3894 35.
210 3840 254 3896 De
268 3844 425 3900 comitibus
439 3845 599 3902 Flandriae.
617 3844 680 3899 lloc
699 3845 738 3898 ita
764 3841 860 3907 linito,
877 3839 945 3907 pest
958 3815 988 3879 Α
1001 3844 1161 3916 episcopus
1176 3846 1377 3912 Barchardus,
1395 3848 1587 3916 posteaquam
1602 3843 1732 3900 sedecim
1743 3842 1831 3897 annis

114 3927 301 3984 multimodas
317 3934 419 4001 patriae
434 3935 753 4004 perburbationes,rax
762 3930 943 3985 Francorum
999 3930 1245 3992 cameracensem
1261 3935 1418 3990 ecclesiam
1441 3934 1524 4003 rexit,
1550 3949 1626 3988 anno
1642 3932 1693 3987 Dei
1713 3931 1830 3986 Christi

114 4014 249 4071 Atrebati
272 4022 397 4075 veniens
421 4023 481 4091 (aa.
503 4022 583 4092 ilai,
606 4023 697 4091 Mart,
722 4019 779 4088 20),
802 4017 943 4088 juvenem
999 4019 1078 4091 ttae,
1094 4024 1188 4093 pridie
1203 4025 1304 4080 Nonas
1321 4023 1452 4077 ianuarii
1468 4023 1527 4076 vita
1543 4021 1702 4088 excedens,
1717 4020 1747 4074 in
1762 4035 1828 4074 rno-

113 4105 259 4175 quendam
268 4108 465 4165 nobilissimae
474 4111 592 4176 indolis,
603 4109 786 4164 Willelmum
796 4107 944 4161 Norman-
998 4112 1129 4167 nestorio
1145 4117 1256 4169 sanctae
1272 4111 1373 4167 Mariae
1388 4110 1541 4180 sepelitur.
1562 4109 1597 4163 Et
1612 4113 1679 4179 post
1693 4124 1761 4163 eum
1777 4123 1831 4163 ec-

112 4190 943 4265 num,llob'erticomitisNormannorumfratrisqueregis
999 4198 1090 4254 clesia
1114 4202 1179 4270 ipsa
1198 4201 1353 4256 mensibus
1369 4197 1537 4270 quindecim
1558 4196 1718 4268 episcopali
1735 4197 1832 4252 caruit

112 4279 276 4352 auglorum
292 4284 393 4354 filium,
411 4287 547 4341 comitem
558 4286 704 4341 Flandrioe
716 4279 942 4345 constituit.Qui
998 4288 1262 4344 administratione.

111 4384 169 4424 non
185 4370 275 4425 multo
300 4378 376 4441 post,
398 4391 465 4430 cum
489 4375 613 4428 viriliter
638 4376 738 4428 contra
764 4371 942 4425 resistentes
1032 4375 1077 4430 37,
1087 4376 1272 4431 Deadvema
1285 4375 1549 4447 Gpeqoriimhanc
1561 4375 1830 4446 temamlpsoquo

111 4463 214 4528 ageret
229 4463 257 4513 et
272 4461 427 4516 castellum
441 4463 588 4533 quoddam
603 4461 678 4531 (586)
693 4461 752 4515 sibi
769 4471 941 4529 repugnans
997 4478 1054 4533 que
1070 4467 1200 4535 tempore
1218 4465 1380 4519 Honorium
1391 4479 1505 4533 papam,
1516 4464 1618 4518 Romae
1629 4468 1715 4517 noctu
1726 4463 1831 4519 delun-

111 4546 266 4602 ohsidione
281 4551 364 4620 gravi
375 4553 563 4621 opprimeret,
580 4551 678 4606 subito
703 4549 803 4604 lethali
818 4547 941 4601 vulnere
997 4554 1075 4605 ctum
1086 4553 1144 4621 (an.
1157 4551 1236 4606 trau.
1244 4552 1338 4607 Febr.
1348 4552 1403 4619 lt),
1414 4551 1624 4621 parsquaedam
1634 4550 1829 4607 cardinalium

110 4633 141 4688 in
161 4651 248 4691 manu
263 4642 394 4708 accepto,
410 4639 469 4694 vita
484 4641 616 4710 privatur
630 4639 689 4707 (aa.
706 4634 800 4707 ll'28),
818 4638 846 4689 et
864 4635 939 4705 apud
995 4655 1064 4693 mox
1078 4639 1108 4693 in
1124 4639 1189 4710 ipso
1206 4640 1383 4711 crepusculo
1394 4639 1470 4693 lucis
1486 4639 1688 4710 quasiturtive
1699 4640 1828 4710 sepelie-

110 4720 250 4779 Sanctum
265 4726 416 4781 Bartinum
431 4742 490 4783 non
506 4727 571 4782 sine
587 4742 694 4799 magno
706 4725 807 4782 dolore
817 4737 940 4778 suorum
995 4732 1073 4795 runt,
1090 4730 1118 4783 et
1133 4743 1221 4783 unum
1246 4743 1282 4782 ex
1297 4727 1372 4797 suis,
1388 4725 1575 4798 Gregorium,
1592 4742 1679 4798 quam
1695 4729 1723 4782 et
1739 4727 1828 4783 lnno-

113 4825 180 4865 eum
195 4813 313 4882 planetu
328 4816 415 4870 etiam
431 4816 560 4870 hostium
585 4815 738 4886 sepelitur.
764 4814 837 4867 Post
862 4812 940 4865 hunc
995 4816 1123 4871 centium
1138 4819 1329 4884 vocaverunt,
1353 4816 1385 4869 in
1408 4814 1547 4868 cathedra
1564 4816 1694 4870 llomana
1709 4817 1828 4871 eonsti-

110 4897 314 4957 'l'heedoricus
331 4904 449 4974 quidam
472 4904 507 4958 de
529 4904 634 4972 alsait,
659 4902 696 4958 de
719 4916 828 4974 genere
851 4898 939 4952 Flan·
993 4904 1124 4974 tuunt(F
1126 4904 1191 4959 chr.
1202 4903 1257 4975 15).
1269 4903 1353 4969 Quod
1365 4903 1415 4957 ubi
1425 4902 1827 4976 cardinalesceteriparsque

111 4987 264 5041 drensium
281 4992 428 5061 comitum,
446 4992 495 5064 qui
510 4991 571 5064 jam
594 4993 708 5063 aliquas
727 4992 827 5059 partes
851 4986 939 5041 Flan-
994 4991 1829 5069 civiumcompererunt,raptimconvenientes,sepulturu

109 5074 181 5128 driae
197 5075 256 5130 sibi
279 5078 489 5151 vindicaverat,
513 5097 547 5135 eo
570 5083 696 5148 mortuo,
722 5083 811 5133 totam
830 5078 939 5130 terram
994 5078 1826 5151 corpuseffodiunt‚acdehitatunerisoificiacomplentes

110 5164 256 5233 possedit,
272 5182 306 5219 ac
322 5167 366 5220 sic
378 5168 494 5223 demum
510 5168 648 5224 Flandria
663 5167 785 5239 quievit.
993 5168 1155 5238 apostolico
1171 5184 1253 5224 more
1267 5169 1363 5223 denuo
1375 5167 1539 5237 sepeliunt;
1556 5183 1590 5222 ac
1605 5166 1711 5223 deinde
1731 5185 1826 5225 unum

143 5249 188 5306 36.
203 5251 249 5307 Dc
264 5254 345 5309 obitu
360 5255 458 5311 domni
468 5256 639 5313 Barchardi
650 5255 789 5327 episcopi.
807 5256 938 5310 Domnus
991 5271 1028 5311 ex
1043 5257 1107 5312 suis
1122 5257 1235 5311 scilicet
1251 5256 1370 5311 Petrum
1384 5255 1503 5324 Leonis,
1522 5257 1826 5326 quemetitnacletum

759 5396 906 5458 VARIAE
928 5397 1177 5460 LECTIONES.

142 5497 182 5544 ³⁰³
200 5500 280 5575 Leqe
295 5503 349 5557 Tu.

903 5608 1032 5673 NOTAE

142 5710 321 5785 (testatos.
