3908 6112
59 300 113 364 165

756 297 884 360 LIBER
902 297 1095 361 TERTIUS.

1725 307 1784 373 166

60 502 155 554 essent
165 499 329 569 arnmoniti,
342 500 485 553 venirent.
497 497 580 563 Quod
592 498 657 568 ipso
668 498 774 552 comite
784 477 931 552 ouonaA
953 497 1112 567 episcopus
1131 497 1330 569 promulgavit
1341 514 1368 553 :a
1387 500 1441 555 Hic
1458 502 1614 573 siquidem,
1631 506 1699 576 quia
1715 524 1782 563 cum

58 588 176 659 jubente
186 590 259 643 mihi
272 588 598 659 firmavitjurejurando
610 589 733 657 uterque
745 589 845 641 obses.
857 585 889 639 ln

61 693 90 731 ea
100 680 306 744 conventione,
320 694 387 748 quaa
402 679 432 731 in
444 692 488 730 me
501 676 647 731 commisit
658 677 722 746 ipse
736 676 889 729 Walterus

61 767 136 821 etsui
152 771 362 837 proptereum,
378 768 415 822 ab
432 766 537 820 illudio
553 766 662 834 dimisi,
679 769 709 819 ut
725 766 751 826 si
762 764 889 834 amplius

60 858 85 909 in
100 872 145 910 me
162 856 361 927 delinqueret,
383 854 460 926 quod
485 854 641 909 emendare
658 854 747 909 nollet
763 858 810 907 aut
831 868 890 905 non

61 949 167 1015 posset,
188 946 338 1014 praeterita
355 944 461 999 tuturis
474 944 683 1015 jungerentur,
700 948 727 998 et
745 942 890 1013 judicium

60 1035 132 1104 quod
148 1036 197 1089 sni
214 1034 347 1106 aequales
362 1035 397 1088 de
414 1033 558 1088 beneficio
573 1034 658 1103 prius
669 1032 888 1103 judicaverunt,

60 1118 889 1191 cssetstabile,etsine,ditationeexcommunicure.Quod

60 1216 147 1266 antem
165 1212 203 1266 ad
218 1213 423 1283 paenitentiam
437 1214 465 1265 et
483 1211 520 1265 ad
535 1209 784 1265 christianitatem
800 1208 889 1277 perti·

61 1307 111 1367 net,
128 1318 188 1355 non
211 1302 323 1369 dimisi,
341 1301 396 1355 sed
420 1301 449 1354 in
475 1299 700 1354 conventionem
723 1296 833 1365 habuit,
859 1300 890 1350 ut

62 1390 119 1444 inde
130 1391 197 1460 ipse
213 1393 242 1443 et
253 1391 301 1443 sui
317 1389 460 1444 rationem
473 1388 639 1443 redderent.
663 1410 673 1434 x

87 1479 131 1533 tu.
142 1478 287 1533 Promisit
296 1477 362 1533 Otto
374 1494 475 1534 comes
490 1477 551 1532 Deo
566 1479 736 1547 sanctaeque
752 1473 851 1528 blariae
861 1476 889 1528 et

62 1568 195 1638 episcopo
209 1568 343 1622 Germ-do
355 1568 385 1621 in
400 1583 487 1620 manu
496 1582 561 1633 sua,
573 1569 602 1619 ut
613 1565 640 1620 si
656 1565 809 1619 Walterus
827 1579 888 1617 um·

62 1672 139 1726 quam
155 1657 193 1710 ab
209 1656 261 1709 illa
276 1655 349 1710 hora
365 1660 466 1710 contra
481 1655 653 1725 episcopum
662 1652 888 1722 aecclesiamque

62 1745 110 1799 sibi
119 1747 316 1799 commissam
332 1745 362 1798 in
377 1744 474 1814 aliquo
490 1743 676 1814 deliquisset,
693 1742 769 1812 quod
787 1757 888 1795 caian-

950 602 1004 656 pro
1020 587 1390 654 culpisinnumerubilibus
1403 595 1735 664 excommunicavimus,
1753 596 1782 650 iu

950 679 1026 729 tanta
1042 676 1187 730 dementia
1208 677 1366 731 adversum
1382 694 1437 732 nos
1455 679 1625 751 insurrexit,
1642 686 1672 737 ut
1692 702 1783 755 quos·

948 765 1265 835 damnosum-umque
1277 765 1784 843 partibuscjusnoufovebantque·

946 860 1026 907 reret
1042 854 1219 923 interficere,
1232 855 1399 924 militesque
1419 872 1502 925 suos,
1519 859 1568 928 qui
1585 875 1685 913 seeum
1701 866 1783 917 crant

947 943 1201 1007 excommunicati,
1216 943 1531 1013 majoremaeeclesiam
1546 953 1656 1002 sauctae
1668 950 1781 1019 itariae,

946 1030 1080 1100 aliasque
1092 1031 1245 1086 aecclesias
1269 1032 1412 1088 violenter
1423 1035 1738 1105 conpelleretintroire.
1748 1039 1782 1094 Et

945 1119 1012 1173 ideo
1024 1121 1588 1194 mugnanecessitasnobisincubuit,ut
1605 1127 1782 1184 aecclesiasa

945 1207 1150 1262 divinooiiicio
1159 1209 1326 1265 laceremus
1335 1226 1466 1266 cessare.
1480 1213 1569 1267 Multa
1580 1231 1697 1286 quoque
1708 1219 1783 1272 mala

944 1296 1031 1349 nobis
1048 1301 1075 1350 et
1096 1298 1209 1352 nostris
1230 1298 1309 1367 lecit,
1326 1316 1393 1371 quae
1413 1301 1534 1373 longum
1563 1309 1608 1358 est
1629 1320 1779 1362 enarrare.

944 1383 1249 1440 Tandemnonvalens
1261 1387 1328 1458 ejus
1351 1389 1498 1444 insanium
1512 1391 1622 1446 diutius
1638 1393 1727 1464 ferre,
1743 1397 1783 1449 ni·

943 1472 984 1526 hil
1000 1473 1036 1526 de
1047 1489 1102 1528 suo
1112 1474 1291 1543 auferentes,
1302 1478 1545 1546 expulimuseum
1561 1485 1691 1536 anostra
1706 1483 1781 1537 civi-

942 1564 1010 1617 tate.
1024 1563 1174 1632 Expulsus
1193 1568 1289 1618 autem
1306 1565 1381 1635 cepit
1396 1567 1555 1623 adversum
1572 1586 1626 1624 nos
1654 1572 1781 1642 amplius

943 1650 1052 1717 sevire,
1068 1652 1213 1723 villasque
1230 1657 1349 1708 nostras
1366 1671 1432 1708 cum
1448 1659 1585 1711 ecclesiis
1600 1675 1674 1729 quas
1690 1664 1783 1730 potuit

943 1740 1783 1824 deproedariatqueigniconcremare.Postoajussunostri

61 1835 121 1887 dare
132 1833 236 1899 nollet,
246 1836 296 1887 aut
306 1849 365 1887 non
381 1836 494 1901 posset,
512 1847 669 1902 numquam
679 1831 715 1884 ab
728 1832 777 1885 illo
787 1836 837 1884 aut
852 1831 888 1885 de
902 1834 929 1896 Β
943 1830 1072 1883 senioris
1087 1847 1102 1882 n
1125 1831 1230 1884 comite
1246 1833 1387 1887 llulduino
1407 1839 1434 1888 et
1447 1834 1507 1889 illio
1522 1835 1589 1905 ejus
1618 1836 1784 1897 Turnacum

61 1923 114 1976 suis
134 1923 284 1977 auxilium
303 1922 367 1976 sive
389 1921 546 1976 consilium
572 1920 637 1976 sive
657 1922 886 1990 receptaculum,

62 2012 130 2082 quod
141 2011 179 2064 ad
189 2011 351 2080 dampnum
371 2010 486 2064 veniret
507 2010 657 2079 episcopo,
684 2009 889 2080 aecclesiaeque

61 2101 110 2155 eibi
125 2101 321 2168 commissae3
337 2115 392 2153 nec
409 2113 483 2152 suus
499 2102 591 2163 esset,
604 2114 658 2153 nec
674 2113 761 2152 suum
780 2098 891 2152 lieneli-

61 2191 128 2243 cium
143 2192 263 2244 teneret
277 2189 343 2242 sine
358 2188 484 2242 consilio
500 2187 633 2256 episcopi
647 2182 705 2253 2533
727 2190 755 2241 et
766 2187 889 2257 juravit,

65 2279 135 2349 quod
155 2278 214 2333 hoe
232 2277 493 2331 secundumsuum
513 2275 591 2329 scire
611 2291 664 2345 per
683 2280 792 2329 rectam
805 2276 890 2330 tidem

62 2366 315 2421 tidemattendaret
330 2365 396 2419 sine
407 2364 619 2436 maloingenio.
627 2363 802 2434 lvojuravit,
814 2366 891 2434 quod

63 2454 433 2510 eomesOttosuoconsilio
454 2469 512 2508 nou
522 2453 690 2520 dimitteret,
708 2454 779 2522 quin
793 2469 891 2507 sacra-

62 2550 184 2599 mentum
199 2544 404 2613 supradictum
417 2542 590 2611 attenderet,
607 2545 645 2609 et,
657 2542 683 2595 si
697 2541 778 2595 exire
792 2542 889 2608 vellet,

63 2637 236 2704 perrectum
252 2632 435 2702 lidemsoqui
456 2630 567 2684 taceret
583 2631 608 2684 si
619 2634 738 2699 posset3
762 2634 790 2684 et
814 2631 840 2683 si
862 2631 892 2685 in

64 2723 169 2794 culpam
179 2722 311 2789 caderet,
336 2719 809 2791 quamemendarenolletautaou
820 2735 891 2789 pos·

65 2816 109 2877 set,
124 2811 288 2866 consilium
305 2810 370 2864 sive
382 2809 532 2876 auxilium,
549 2808 613 2862 sive
637 2807 853 2876 receptaculum
865 2809 891 2862 ei

62 2898 364 2970 noupraesturetquod
380 2898 504 2952 esselud
514 2897 820 2966 clumpnumepiscopo
836 2898 890 2951 Ge·

63 2989 142 3042 tardo
157 2988 368 3058 aecclesiaeque
391 2987 449 3041 sibi
466 2985 653 3049 commissie3
677 2989 705 3039 et
731 2988 809 3056 quod
835 2988 891 3041 hoc

63 3092 107 3147 per
130 3081 246 3132 rectam
270 3076 358 3130 fldem
380 3076 555 3130 observaret
578 3074 644 3128 sine
671 3074 747 3128 malo
762 3075 890 3151 ingenio,

63 3168 137 3220 salva
148 3165 293 3220 fidelitate
309 3164 418 3218 domini
429 3165 487 3217 sui.

90 3256 121 3310 li
143 3255 311 3309 Duodecim
335 3253 457 3308 obsides
483 3251 635 3307 Walterus
657 3251 736 3323 dedit
751 3253 892 3323 episcopo

63 3343 199 3414 (letardo,
215 3358 343 3414 quorum
360 3343 423 3395 haeo
434 3344 503 3395 sunt
514 3341 676 3396 nomina...
692 3338 733 3381 ²5⁸
744 3342 792 3412 qui
805 3341 892 3413 iura-

45 3440 172 3499 ,vemnh
195 3430 278 3503 quod
297 3446 357 3485 non
375 3430 534 3484 dimitteret
548 3444 649 3484 eorum
674 3430 799 3484 consilio
827 3431 892 3500 ipse

63 3519 221 3590 lt'alterus,
237 3520 310 3591 quin
334 3519 409 3572 hanc
426 3518 563 3572 fidelitem
583 3518 763 3586 attenderet3
779 3521 807 3573 et
820 3520 847 3574 si
862 3520 892 3573 in

63 3609 314 3681 commendaret,
328 3607 578 3678 quumemcndare
594 3607 684 3661 nollet
692 3613 741 3662 aut
750 3624 808 3662 nou
820 3623 892 3677 pos-

64 3705 112 3768 aet,
125 3702 288 3769 postquam
303 3696 452 3750 ammoniti
469 3699 581 3764 essent,
602 3696 680 3751 infru
695 3700 760 3751 octo
776 3697 840 3752 dias
855 3698 892 3751 ad

61 3788 200 3858 justitiam
208 3787 353 3840 ducerent
363 3785 389 3838 si
400 3789 532 3852 possent.
543 3782 662 3846 Quodni
679 3785 799 3854 laceret,
817 3785 892 3840 intra

65 3877 131 3930 alios
141 3875 284 3931 octodies
295 3874 332 3927 ad
344 3873 515 3943 episcopum
527 3888 593 3926 cum
611 3873 765 3928 beneflciis
776 3889 889 3944 eorum,

66 3965 88 4018 ai
108 3961 261 4018 ammoniti
277 3965 389 4029 essent,
414 3963 593 4031 perrectum
609 3961 697 4016 tldem
712 3962 846 4017 venirent
861 3967 892 4018 ot

67 4069 218 4125 numquam
234 4052 263 4106 ei
279 4050 435 4104 consilium
451 4051 515 4103 sive
526 4050 667 4105 auxilium
683 4050 796 4120 darent,
813 4052 891 4123 quod

67 4142 97 4195 ad
110 4142 271 4212 dampnum
282 4139 422 4208 episcopo
433 4137 639 4209 aecclesiaeque
651 4139 708 4193 sibi
724 4141 892 4195 commissae

68 4235 149 4300 esset,
161 4235 190 4284 et
200 4225 521 4301 episcopumjuvarent
530 4231 631 4281 contra
643 4243 710 4282 eum
723 4244 776 4298 per
783 4232 892 4284 rectam

68 4316 156 4373 fidem.

97 4407 139 4462 ta.
156 4407 229 4462 llaec
245 4408 292 4461 est
308 4419 425 4476 quoque
447 4404 602 4460 conventio
627 4403 791 4460 novissimo
814 4408 891 4477 apud

944 1919 1119 1985 conductus,
1130 1919 1562 1979 ubiinteriueruutduxGozelo
1581 1930 1608 1979 et
1624 1928 1787 1999 episcopus

946 2006 1151 2077 leodicensis,
1163 2009 1272 2062 nullam
1282 2011 1369 2065 nobis
1378 2010 1524 2081 justitiam
1536 2014 1612 2084 lecit,
1624 2017 1676 2070 sed
1687 2017 1789 2074 fraude

947 2097 1147 2150 suaomnibus
1174 2098 1371 2166 iuuuilcstata,
1390 2100 1420 2153 in
1441 2102 1556 2156 malicia
1575 2108 1787 2173 perseveravit.

947 2183 1047 2239 Scdut
1062 2186 1178 2240 taudem
1212 2192 1337 2257 cogente
1355 2191 1534 2244 necessitato
1563 2195 1787 2261 oportunitatem

948 2273 1068 2340 invenit,
1079 2274 1134 2328 hoo
1146 2274 1282 2342 placitum
1295 2277 1323 2329 in
1336 2279 1485 2345 presentia
1511 2280 1647 2352 lingonis
1671 2285 1787 2353 episco-

947 2364 977 2432 pi
992 2362 1076 2431 (eto),
1089 2364 1205 2417 comitis
1217 2380 1334 2435 quoque
1347 2365 1658 2438 lietduiniatssliiejus,
1670 2388 1787 2430 necnon

948 2450 1062 2505 Ottouis
1073 2455 1101 2505 et
1112 2451 1273 2519 Eustachii,
1291 2453 1448 2509 nobiscum
1461 2455 1586 2512 tlrmavit
1601 2455 1650 2514 236.
1665 2484 1676 2508 a

984 2539 1019 2593 te
1036 2539 1150 2610 Exque
1167 2541 1293 2596 domnus
1322 2542 1482 2614 episeopus
1502 2547 1654 2603 Gerardus
1678 2550 1784 2606 urbem

948 2629 1137 2683 commissam
1155 2629 1282 2698 primum
1307 2633 1436 2702 intravit,
1459 2633 1564 2690 videus
1588 2638 1705 2708 quidem
1727 2642 1787 2695 tam

948 2720 1075 2788 augusta
1095 2733 1181 2789 quam
1206 2722 1322 2773 vetusta
1351 2724 1521 2776 monasterii
1551 2730 1661 2780 sancta
1687 2728 1787 2784 Maria)

948 2806 1082 2874 aedilicia,
1112 2823 1145 2860 uc
1161 2823 1342 2862 annosorum
1357 2811 1502 2879 parietum
1519 2813 1659 2868 tlssuram
1680 2831 1788 2887 suspe-

948 2897 1042 2963 ctans,
1072 2911 1140 2949 mox
1155 2896 1284 2950 animum
1313 2897 1347 2951 ad
1367 2899 1581 2955 meliorandum
1601 2903 1733 2973 intendit,
1760 2889 1787 2960 si

948 2982 1035 3052 sorte,
1048 2984 1108 3037 Deo
1124 2989 1294 3052 prestante,
1305 2989 1420 3055 tempus
1437 2988 1463 3042 ei
1480 2995 1649 3059 suppeteret
1665 2997 1786 3062 oportu-

948 3088 1038 3141 num3
1055 3073 1109 3126 sed
1123 3074 1201 3143 quia,
1212 3077 1243 3127 ut
1259 3090 1347 3144 supra
1359 3075 1539 3144 retulimusti
1547 3095 1567 3146 1,
1584 3080 1621 3148 2),
1639 3083 1695 3134 tam
1711 3082 1786 3137 inte-

910 3176 933 3237 0
949 3162 1037 3215 stinis
1048 3163 1292 3231 quamextruneis
1304 3163 1512 3235 seditionibus,
1525 3167 1682 3237 inpeditus,
1691 3185 1787 3241 usque

948 3250 985 3304 ad
1014 3266 1121 3307 annum
1145 3251 1306 3305 Dominicae
1322 3251 1531 3308 incarnationis
1556 3254 1633 3325 1093,
1651 3259 1699 3312 sui
1716 3275 1785 3314 vero

949 3339 1130 3409 praesulatus
1140 3336 1178 3380 257
1189 3339 1502 3409 inchoarenonpotuit.
1515 3342 1597 3398 Tunc
1607 3361 1678 3400 vero
1688 3347 1786 3404 divina

949 3428 1153 3482 misericordia
1169 3427 1272 3497 frctus,
1289 3443 1324 3481 ac
1335 3429 1492 3484 multorum
1504 3431 1634 3488 fidelium
1651 3435 1704 3490 Dei
1719 3451 1784 3490 ora-

949 3517 1196 3587 tionibusquibus
1207 3518 1472 3574 oderatroboratus
1487 3522 1556 3588 tam,
1573 3523 1711 3594 antiquae
1721 3540 1786 3580 mo-

949 3605 994 3659 les
1005 3605 1147 3675 parietum
1156 3605 1289 3661 demoliri
1301 3608 1441 3677 precepit.
1454 3608 1518 3673 Quo
1533 3610 1620 3679 lacto,
1633 3613 1712 3667 omni
1723 3617 1787 3668 atu·

950 3694 998 3748 dio
1013 3694 1174 3762 accinctus,
1202 3699 1300 3764 utpote
1324 3697 1445 3764 sapiens
1460 3699 1652 3770 architectus,
1670 3702 1786 3772 incepto

949 3782 1198 3837 laborisollioitus
1208 3784 1306 3853 instat,
1323 3789 1350 3838 et
1364 3782 1404 3825 25⁸
1419 3788 1601 3842 necessariis
1617 3790 1786 3860 sumptibus

949 3874 1110 3944 prudenter
1119 3873 1269 3943 expensiS,
1278 3874 1313 3927 nd
1323 3874 1553 3931 reedificandum
1564 3879 1652 3932 tantae
1664 3879 1788 3935 difficul-

950 3964 1018 4017 tatis
1047 3978 1121 4032 opus
1147 3960 1282 4029 anhelat,
1303 3964 1410 4033 quippe
1427 3965 1544 4035 timens,
1567 3983 1603 4022 ue
1628 3971 1678 4022 aut
1692 3972 1787 4024 morte

950 4054 1110 4121 preventus
1127 4053 1175 4103 aut
1188 4050 1316 4120 qualibet
1327 4050 1383 4103 alia
1399 4067 1489 4107 causa
1506 4057 1636 4120 coactus
1650 4071 1726 4126 opus
1742 4058 1786 4110 iu·

950 4140 1113 4211 perlectum
1138 4139 1292 4209 relinquat.
1315 4138 1358 4191 hd
1375 4138 1430 4193 hoe
1450 4155 1521 4195 vero
1546 4142 1697 4198 difficilius
1712 4145 1785 4198 nihil

950 4244 1030 4297 esse,
1048 4229 1125 4299 quod
1141 4243 1227 4281 suum
1239 4224 1419 4280 desiderium
1444 4233 1621 4300 remoretur,
1651 4232 1785 4301 advertit,

950 4334 1036 4388 quam
1053 4317 1129 4370 lenta
1145 4315 1298 4370 convectio
1314 4314 1527 4388 columnarum,
1550 4334 1616 4390 quaa
1630 4319 1735 4389 procul
1749 4320 1787 4374 ab

950 4406 1024 4462 urbe
1049 4406 1110 4460 lere
1127 4406 1155 4458 iu
1172 4403 1326 4474 trigesimo
1347 4405 1472 4462 miliario
1488 4406 1686 4463 cedebantur.
1704 4407 1787 4461 Divi-

69 4493 213 4551 Sehelnias
226 4491 268 4536 ²53
278 4493 417 4563 oppidum
426 4493 511 4560 lacta,
522 4508 620 4563 quam,
637 4495 789 4549 utcunctis
804 4496 890 4551 inno·
905 4484 933 4546 D
949 4512 1017 4550 nam
1032 4510 1104 4565 crgo
1123 4494 1307 4551 clementiam
1335 4498 1510 4568 deprecatus
1541 4499 1571 4550 ut
1587 4497 1644 4551 sibi
1664 4497 1786 4566 propius

9 4590 12 4633 ι
70 4589 196 4654 tesceret,
222 4581 389 4638 semilatino
413 4596 550 4636 sermone
575 4579 747 4653 hujusmodi
763 4583 890 4639 domnus

949 4584 1082 4639 solamen
1096 4584 1213 4655 aliquod
1229 4589 1371 4655 praestare
1387 4586 1536 4657 dignetur,
1553 4586 1679 4656 quadam
1695 4585 1787 4655 siqui·

719 4724 865 4787 VARIAE
888 4725 1132 4788 LECTIONES.

98 4854 204 4912 wecil.
212 4856 368 4919 obtineret,
382 4852 430 4908 vel
437 4853 591 4922 reciperet.
628 4850 669 4894 ²5⁴
683 4855 1054 4912 nominadesuntomnibus
1063 4877 1072 4921 ;
1084 4859 1114 4911 in
1127 4853 1164 4912 θ’.
1184 4855 1201 4912 3
1221 4855 1247 4913 t.
1270 4875 1306 4914 ue
1321 4860 1446 4930 spatium
1459 4855 1576 4931 quidem
1585 4858 1624 4913 iis
1639 4858 1789 4915 relictum·

70 4923 158 4983 ffita
177 4927 205 4982 l.
228 4925 256 4982 ἓ.
276 4927 303 4980 ⁴2¹
323 4923 478 4978 Schelinas
503 4924 529 4978 t.
550 4923 689 4978 Chelmus
704 4925 730 4979 3.
749 4924 909 4997 Sequentia
921 4929 1296 4999 oppidum-ornamenta
1320 4931 1452 4985 adhibuit
1467 4931 1587 4984 deerant
1601 4931 1632 4984 in
1660 4929 1687 4985 t.
1717 4930 1789 4988 folio

72 5003 172 5055 exciso.
186 4997 302 5054 Eadem
319 4991 570 5074 desunt2‘‚spatio
581 4995 670 5048 trium
681 4995 850 5050 litterarum
859 4999 975 5067 relicto,
984 5005 1013 5053 et
1026 5000 1154 5071 mai-qim
1162 5002 1324 5073 inscripto:
1336 5001 1443 5055 desunt
1457 5001 1579 5070 reliqua.
1617 4998 1657 5044 atta
1670 5024 1680 5049 a
1691 5001 1788 5058 Verba

65 5070 166 5139 placiti,
176 5071 280 5126 exciso
290 5073 380 5123 etiam
391 5064 499 5119 lolium
510 5065 673 5136 exemplari
683 5068 770 5121 Santi
784 5067 931 5136 Gliisleni,
944 5069 1167 5137 desiderantur,
1181 5078 1221 5137 et,
1234 5079 1263 5125 ut
1282 5071 1448 5127 verisimile
1457 5079 1513 5136 est,
1527 5071 1584 5126 alia
1597 5071 1736 5128 nonnulla
1746 5075 1784 5129 de

70 5140 120 5196 lae
133 5141 271 5209 lt·'aIteri,
286 5161 296 5189 i
309 5137 384 5195 dicit
396 5134 600 5190 Golvenerius.
609 5136 672 5191 Sed
680 5154 764 5209 quum
777 5155 869 5221 ncqqo
880 5139 909 5194 i.
921 5156 974 5195 neo
985 5140 1095 5212 reliqui
1107 5142 1250 5214 quicquan
1262 5142 1310 5197 liic
1322 5142 1483 5198 exhibeant
1495 5142 1639 5268 {asmodi
1649 5145 1737 5200 immo
1751 5161 1789 5200 ne

74 5215 219 5285 vestigiium

268 5210 365 5265 uidem
389 5207 504 5261 lacunae
518 5208 549 5260 iu
578 5206 636 5262 ullo
650 5215 800 5279 appareat,
818 5210 864 5265 nil
876 5211 1029 5266 excidisse
1038 5213 1069 5266 in
1087 5213 1115 5266 t.
1133 5214 1294 5269 credimus.
1311 5212 1388 5268 Nam
1404 5214 1478 5285 quod

1524 5213 1788 5271 olvenerioiolium

71 5287 190 5339 excisum
205 5229 374 5349 visebatur,
386 5278 509 5360 hocjem
521 5277 624 5334 sariba
639 5280 704 5360 ipse
722 5279 872 5335 delevisse
889 5287 998 5353 potest,
1010 5289 1165 5357 antequam
1176 5283 1401 5344 conscriberet:
1414 5284 1488 5357 quod
1498 5284 1694 5358 sepelietur
1708 5287 1789 5343 vide·

70 5371 126 5410 nus
158 5353 198 5396 att
215 5367 339 5408 numero
352 5355 476 5422 spelcum
492 5349 671 5405 relicturum
683 5350 767 5406 codd.
805 5347 845 5394 2⁸5⁸
864 5353 949 5408 deest
963 5352 990 5407 3.

856 5475 995 5542 NOTAE.

100 5615 169 5692 imo)
182 5608 395 5672 Toruaceusia.
416 5606 495 5665 Gouv
