3900 6112
134 295 193 358 257
376 290 599 388 summe.
620 291 656 356 S.
679 290 871 353 ANDREAE
893 289 1045 353 castet
1066 288 1367 355 cammenata.
1389 324 1426 335 -
1449 289 1528 352 LlB.
1551 289 1600 359 11..
1783 288 1843 356 258

121 496 197 561 1000,
215 493 295 564 quod
315 493 469 548 lohannes
493 492 609 563 petebat
634 491 800 561 spopondit.
823 489 954 558 Denique
969 472 997 532 Α
1013 486 1066 557 gii,
1077 486 1132 543 sed
1148 486 1214 557 quis
1230 487 1278 541 vel
1293 496 1397 556 parum
1411 489 1555 559 gustaret,
1573 490 1623 560 qui
1644 490 1702 544 sihi
1715 491 1843 548 01010000

123 581 279 652 multiplici
293 582 457 637 secundum
474 581 588 652 regiam
603 582 761 649 potentiam
777 579 850 633 inea
866 593 956 647 erpe-
1013 577 1136 629 mertem
1147 575 1300 630 imminere
1316 575 1448 630 videret?
1463 576 1592 631 Tandem
1606 582 1709 635 vocate
1724 596 1760 635 eo
1776 587 1843 638 ante

124 670 235 725 ditione
250 673 393 741 apparatu
408 685 485 724 enne
500 670 553 724 Dei
568 668 678 723 Christi
690 668 781 737 tour,
791 667 878 738 regni
889 681 958 720 vero
1012 678 1146 717 mensam
1157 678 1252 732 suam,
1268 663 1425 734 imperator·
1437 665 1625 733 multasuper
1640 669 1841 744 0000110οο01-

123 758 169 811 001
184 756 244 826 15⁰,
260 758 370 826 paratis
381 758 574 825 exercitibus,
589 757 624 810 ad
635 755 883 827 proficiscendum
894 769 959 809 eas·
1012 756 1089 820 tans,
1101 751 1239 806 cochlear
1249 755 1422 823 argenteum
1440 752 1519 822 quod
1533 755 1650 808 tenebat
1665 758 1691 809 ei
1707 761 1841 831 porrigit,

120 849 163 899 tra
186 847 291 915 movit,
308 845 573 916 pertransiensque
598 843 802 914 interjacentia
825 843 889 897 loce
906 856 960 912 per
1012 840 1158 910 novisque
1173 840 1309 894 vestibus
1324 854 1391 894 eum
1407 841 1488 894 indui
1508 844 1537 895 et
1551 856 1628 913 equo
1641 847 1772 916 precepit
1785 849 1842 902 im-

119 934 264 1004 regiones
280 933 316 989 ad
331 934 431 989 villam
446 949 513 1005 quse
531 936 578 987 est
589 932 683 1000 llaen,
695 932 812 986 duobus
828 932 890 987 lere
906 932 957 987 mi·
1010 928 1090 997 poni,
1108 935 1138 981 ut
1162 928 1211 999 qui
1230 943 1284 982 aas
1304 928 1407 998 inquit,
1424 929 1572 1000 speculari
1595 934 1674 986 remi
1687 944 1798 1003 prorue
1811 937 1843 990 10

119 1021 200 1076 libus
215 1037 234 1077 a
249 1021 433 1077 valentianis
447 1021 574 1090 distans,
586 1035 677 1091 super
687 1019 822 1074 Scaldam
836 1021 958 1076 tlavium
1011 1016 1161 1082 scabellis,
1179 1016 1325 1070 sublimus
1342 1018 1373 1070 1'12
1390 1032 1462 1087 equo
1476 1018 1582 1072 redeat
1598 1035 1614 1073 0
1629 1022 1842 1080 001010110οο-

117 1111 216 1163 castra
234 1111 360 1163 metatus
377 1108 521 1163 consedit.
1010 1119 1138 1175 gressus
1152 1106 1261 1174 quanto
1277 1105 1385 1177 gaudio
1402 1109 1434 1158 ut
1458 1110 1579 1175 ereptus
1600 1122 1617 1161 a
1639 1114 1733 1164 morte
1748 1112 1843 1182 tripu·

157 1194 202 1250 17.
223 1194 307 1262 Quod
316 1211 414 1252 comes
428 1196 602 1268 imperatori
612 1196 761 1250 resistere
776 1201 896 1250 cenatus
906 1197 956 1250 sit.
1011 1193 1144 1261 diaverit,
1160 1197 1267 1263 quanta
1291 1193 1376 1247 laude
1391 1195 1639 1264 magnificentiam
1654 1197 1842 1269 imperatoris

118 1282 255 1356 Cumque
272 1285 308 1338 ad
324 1285 540 1340 transeundum
560 1287 665 1354 pontes
681 1283 744 1338 lteri
770 1284 956 1354 imperasset,
1011 1281 1097 1335 etiam
1113 1281 1189 1351 apud
1205 1281 1309 1336 hostes
1333 1281 1486 1352 extulerit,
1497 1283 1563 1352 ipse
1577 1286 1667 1357 longo
1683 1292 1751 1357 post
1766 1292 1842 1344 tem-

118 1387 192 1428 ecce
210 1389 250 1427 ex
265 1373 322 1428 alia
336 1377 419 1443 parte
444 1373 574 1427 lluminis
590 1387 691 1428 cemes
711 1372 872 1427 Balduinus
892 1388 958 1428 cum
1010 1386 1082 1441 pore
1096 1369 1157 1441 jam
1174 1372 1258 1426 senio
1275 1387 1388 1426 curvus
1404 1371 1493 1425 nobis
1511 1387 1633 1427 narrare
1648 1376 1771 1432 solebat.

119 1461 215 1516 multa
244 1460 346 1516 militia
367 1462 474 1517 obvius
498 1460 599 1515 adluit.
625 1461 734 1532 Sicque
758 1466 882 1532 uterque
909 1461 958 1516 hic
1045 1457 1089 1513 90.
1107 1459 1150 1513 De
1171 1458 1326 1514 obsidione
1350 1459 1475 1514 Teranei
1488 1462 1526 1517 ab
1541 1462 1724 1533 imperitare.
1740 1464 1799 1520 Sed
1814 1469 1844 1521 et

119 1564 222 1616 unam,
249 1550 299 1604 ille
324 1549 446 1604 alteram
468 1550 561 1605 tenuit
584 1549 688 1620 ripam,
712 1550 806 1605 donee
827 1552 901 1604 clam
920 1550 957 1605 ab
1005 1547 1070 1618 jam
1084 1548 1120 1601 ad
1132 1548 1316 1616 propesitum
1328 1552 1522 1603 revertamur.
1532 1549 1616 1619 Apud
1626 1551 1840 1609 lslenseeaelel

114 1636 300 1707 imperatore
315 1638 418 1693 missis
429 1655 483 1709 per
493 1637 683 1692 Camaracum
693 1639 883 1705 exercitibus,
895 1643 957 1693 ter·
1010 1630 1183 1690 tumcomite
1193 1635 1335 1689 Balduino
1346 1639 1544 1692 commorante
1555 1643 1584 1692 et
1593 1640 1746 1710 regionem
1757 1656 1841 1697 suam

115 1725 199 1780 ritus
220 1742 322 1782 comes
346 1728 411 1782 loce
436 1727 547 1796 cessit;
570 1726 656 1781 etsie
680 1728 840 1796 imperator
863 1727 955 1782 libere
1012 1740 1110 1779 ceram
1127 1740 1160 1778 se
1176 1724 1205 1776 in
1221 1725 1289 1795 igne
1307 1729 1336 1778 et
1350 1725 1450 1793 praeda
1462 1725 1598 1780 devorari
1615 1729 1749 1783 cominus
1764 1730 1842 1800 sepi·

112 1815 251 1884 transiit,
268 1819 297 1869 et
312 1815 414 1869 dextra
431 1816 563 1886 laevaque
578 1815 714 1869 incendio
731 1820 835 1870 cuncta
850 1816 954 1871 devas-
970 1809 997 1872 B
1012 1814 1117 1882 ciente,
1131 1813 1254 1867 maxima
1265 1828 1337 1883 pars
1351 1813 1500 1868 exereitus
1516 1815 1619 1885 ejuset
1635 1817 1716 1871 multi
1726 1818 1841 1873 nobiles

107 1910 199 1971 tans,
215 1903 339 1958 transite
355 1906 442 1973 pente
454 1903 586 1958 deCheri
603 1919 693 1973 prope
709 1903 806 1958 lecum
824 1905 873 1974 qui
885 1904 952 1959 Bul·
1012 1903 1048 1957 ad
1063 1902 1262 1971 perturbanda
1287 1905 1385 1956 cestra
1407 1903 1595 1972 imperatoris
1620 1908 1737 1977 egressi
1760 1909 1840 1961 sunt.

107 1988 197 2043 tiens
214 1988 308 2044 aives
323 1990 440 2059 dicitur,
457 1990 522 2044 suis
537 1991 673 2046 tentoriis
689 1991 811 2045 resedit.
822 1988 831 2062 l
1010 1990 1019 2063 [
1031 1989 1305 2061 (aestumatum.)
1317 1990 1374 2044 Sed
1386 1991 1638 2047 moxLambertus
1649 2009 1750 2048 comes
1761 1995 1841 2050 Len·

153 2073 259 2130 1000
270 2078 462 2148 imperatoris
478 2078 606 2132 transitu
620 2077 867 2133 iuMeIeatosum.
885 2079 954 2148 (Αο.
1011 2080 1111 2135 sensis
1126 2079 1304 2134 interiectus
1319 2078 1478 2151 occubuitl,
1491 2081 1659 2136 ceterirerc
1675 2082 1755 2154 lagae
1765 2096 1841 2154 pree·

113 2161 445 2234 105⁴.).Quemlocum,
455 2169 512 2220 tam
524 2165 957 2238 clausuleungustaerioequam
1011 2168 1086 2222 sidie
1102 2168 1160 2222 sibi
1186 2169 1390 2236 consulentes,
1406 2168 1589 2223 caedentibus
1604 2172 1687 2241 terge
1702 2171 1841 2226 hostibus

109 2251 200 2307 rivis
211 2268 354 2322 aquarum
365 2268 420 2307 seu
431 2253 626 2322 profonditate
636 2252 787 2308 fossarum
798 2255 957 2311 munitissi·
1010 2256 1108 2312 villum
1122 2257 1217 2326 ipsam
1233 2256 1344 2310 intrare
1358 2271 1416 2310 non
1431 2257 1564 2311 valentes
1579 2272 1614 2312 ac
1627 2258 1708 2312 velut
1717 2259 1839 2328 trepidae

105 2354 213 2409 mum,
227 2340 408 2410 cumpaucis
424 2341 545 2394 armatis
561 2340 712 2395 loliannes
729 2346 818 2397 noctu
831 2343 911 2412 adiit,
928 2347 956 2398 et
1010 2345 1150 2399 volucres
1165 2349 1231 2398 ante
1247 2343 1353 2397 lactem
1367 2345 1516 2414 accipitris
1526 2344 1725 2416 diffugientes,
1738 2347 1840 2418 lugam

106 2443 151 2481 se
165 2427 335 2498 quempiam
356 2425 427 2498 luga
442 2427 557 2497 lapsum
576 2427 720 2482 simulans
740 2431 827 2499 atque
842 2429 954 2485 dolosis
1010 2447 1094 2487 suam
1110 2447 1218 2486 versus
1234 2431 1398 2486 Ternacum
1414 2431 1554 2503 dirigunt,
1565 2435 1594 2486 et
1608 2433 1839 2504 abinsequenti-

103 2514 263 2586 precibus
276 2515 384 2584 aperiri
400 2515 460 2569 sibi
475 2515 672 2583 inclamitans,
684 2516 801 2570 tandem
816 2532 954 2574 sermone
1009 2519 1066 2576 bus
1078 2520 1226 2591 oppressi,
1234 2520 1395 2590 inquodam
1406 2520 1838 2590 municipioiueluduntur.Que

106 2603 231 2658 blando
247 2603 378 2672 deceptis
397 2603 582 2671 custodibus,
600 2608 698 2674 aperta
716 2603 806 2674 janua
826 2605 953 2672 introiit;
1009 2609 1361 2678 perveniensimperater,
1371 2607 1549 2677 pesitaapud
1559 2608 1698 2663 Sanctum
1707 2611 1839 2667 Brittium

106 2696 144 2746 et
162 2690 331 2745 interfectis
345 2692 525 2761 janitoribus
541 2692 700 2762 multisque
711 2694 788 2762 aliis,
803 2695 832 2747 ia
849 2710 956 2750 aurora
999 2698 1164 2752 mansione
1179 2712 1232 2751 sue
1247 2695 1311 2768 [eos
1323 2696 1407 2767 gravi
1416 2696 1571 2751 obsidione
1586 2701 1616 2750 et
1629 2696 1707 2752 lame
1717 2698 1842 2752 coustri-

108 2779 193 2836 dieit
207 2779 282 2835 dans
297 2781 417 2850 signum
435 2780 465 2834 in
475 2796 551 2835 sono
561 2780 640 2835 tubae
655 2783 816 2837 exercitum
826 2783 955 2838 advoca·
1010 2790 1073 2840 ctos
1089 2785 1123 2838 ad
1136 2784 1313 2839 deditionem
1329 2785 1477 2854 compulit,
1495 2787 1524 2839 et
1538 2789 1675 2855 acceptes
1690 2802 1743 2855 per
1757 2800 1841 2857 erga·

109 2871 173 2922 011.
191 2868 227 2923 Et
242 2869 287 2923 sie
297 2870 446 2923 turmatim
459 2871 658 2938 transeuntes,
671 2870 834 2926 illelcntesii
846 2876 955 2928 1000000
1010 2874 1086 2928 stula
1103 2874 1225 2927 militum
1243 2888 1364 2927 suorum
1381 2873 1411 2926 in
1427 2873 1560 2927 custodia
1575 2871 1839 2945 reclusit.]Sicque

111 2955 955 3031 ingrediuntur,accircumjacentiacunctudepepulando
1010 2960 1690 3031 victororatoriumsuumingressus,hymnum
1703 2961 1840 3018 TeDeum

112 3046 186 3119 igni
202 3045 362 3115 tradentes,
379 3045 408 3099 in
425 3045 493 3100 villa
503 3061 571 3116 quat
586 3050 631 3101 est
646 3043 879 3120 Falempintbtld)
889 3066 955 3105 cas·
1010 3049 1162 3104 laudamus
1173 3048 1397 3105 concinentibus
1404 3048 1462 3102 sibi
1475 3049 1554 3102 sacri
1569 3048 1683 3103 ordinis
1695 3049 1841 3105 ministris

114 3139 167 3188 tra
182 3135 327 3189 metantes
342 3134 528 3189 resederunt.
971 3138 1203 3207 cdevotissime
1219 3137 1394 3204 decantans,
1411 3137 1514 3207 grates
1528 3136 1652 3192 Domine
1665 3138 1802 3192 exsolvite

159 3218 204 3277 19.
222 3222 266 3278 De
280 3223 402 3295 quodam
418 3223 528 3279 clerieo
542 3239 558 3277 a
581 3224 687 3279 comite
701 3226 802 3281 misso.
823 3227 912 3282 Multa
923 3230 952 3282 et
1044 3227 1088 3281 at.
1108 3225 1189 3290 Quod
1202 3242 1254 3280 ras
1264 3240 1385 3279 aureum
1395 3225 1510 3279 murcie
1520 3225 1635 3278 caldam
1650 3224 1778 3280 dederit.
1789 3225 1840 3281 Fe·

119 3311 270 3383 praeclara
297 3312 329 3366 in
361 3311 417 3366 hac
443 3313 628 3381 expeditione
655 3314 842 3384 imperatoris
871 3320 956 3387 gesta
1007 3319 1112 3371 runtet
1121 3315 1197 3369 eliud
1207 3313 1398 3368 memorabile
1408 3328 1475 3366 eum
1489 3312 1530 3367 ibi
1545 3311 1665 3382 iecisse,
1682 3314 1761 3384 qued
1771 3325 1840 3369 eum

121 3399 253 3454 describi
276 3399 366 3473 digna
381 3399 497 3469 lereut3
522 3399 577 3456 sed
591 3401 660 3471 quia
673 3401 703 3455 id
723 3418 781 3457 non
797 3407 844 3458 est
866 3405 956 3460 debiti
1008 3405 1126 3477 quidam
1150 3404 1267 3473 legatus
1283 3402 1318 3456 de
1344 3416 1438 3473 regno
1453 3400 1520 3471 ejus
1535 3402 1660 3457 veniens
1681 3404 1839 3474 nuntiaret,-

122 3490 220 3544 nestri
234 3504 289 3543 nec
312 3488 469 3559 prepositi,
485 3490 589 3544 saltem
609 3489 645 3543 ad
661 3490 873 3547 ostendendam
888 3492 955 3564 ejus
1008 3508 1102 3564 nuper
1116 3496 1214 3546 uatum
1226 3491 1252 3545 ei
1267 3490 1370 3561 illium,
1380 3489 1609 3545 illumvidelicet
1620 3491 1840 3563 Henrioumqui

129 3577 232 3631 miram
246 3577 432 3632 clementiam
448 3592 541 3648 pauca
556 3577 592 3634 de
611 3578 711 3632 multis
726 3581 955 3652 perstringendo
1008 3585 1076 3651 post
1099 3579 1312 3651 quinquaginta
1329 3593 1424 3632 annos
1439 3578 1469 3632 in
1484 3577 1560 3632 benc
1576 3582 1685 3633 terram
1707 3578 1792 3635 venit·
1811 3585 1841 3636 et

127 3656 336 3720 memoramus.
353 3664 427 3719 Nam
441 3681 508 3719 cum
522 3666 661 3721 clericum
677 3668 832 3739 quemdam
845 3671 956 3724 1100101-
1009 3670 1257 3736 casteltaButcen,
1268 3667 1413 3736 Solusam,
1425 3667 1506 3736 incy,
1517 3667 1651 3739 aliasque
1662 3670 1840 3724 munitiones

133 3753 189 3807 lum
203 3754 239 3807 ad
251 3754 439 3824 imperatoris
454 3758 549 3809 castra
561 3756 833 3828 explorandigraliu
847 3762 874 3811 et
884 3773 956 3812 aus·
1009 3758 1152 3828 imperiali
1163 3755 1411 3812 virtutediruit-
1429 3772 1494 3810 oum
1516 3757 1572 3810 hoc
1584 3756 1704 3826 inquam
1719 3758 1842 3812 nuncia-

133 3842 553 3897 cultendiconsiliacemesut.
576 3885 583 3897 .
602 3885 608 3897 .
631 3884 637 3898 .
660 3886 666 3899 .
685 3886 691 3899 .
710 3886 716 3899 .
735 3885 741 3899 .
762 3841 956 3917 ³⁸2misisset,
1008 3851 1062 3913 ret,
1074 3861 1194 3901 auream
1205 3860 1340 3914 cuppam,
1352 3860 1438 3914 quam
1449 3844 1656 3899 abhibendum
1667 3846 1843 3903 0000010010

136 3928 232 4000 illeque
248 3946 282 3985 se
298 3933 481 3985 contractum
497 3932 635 4002 fingendo
646 3933 787 3988 scabellis
803 3950 911 4004 repens
921 3937 956 3991 ad
1009 3935 1136 4002 tenebat,
1148 3934 1174 3988 ei
1186 3934 1262 3987 deire
1274 3932 1413 4002 perrexit.
1423 3930 1544 4003 [(Gesta
1561 3933 1658 3988 Lictb.
1672 3932 1715 4004 ll)
1726 3934 1761 3989 Et
1771 3951 1839 4005 per·

137 4017 311 4087 imperatoris
327 4019 518 4074 elemosinam
536 4020 565 4073 in
576 4021 701 4076 tentorio
718 4022 795 4076 inter
810 4039 955 4094 pauperes
1010 4024 1084 4078 aclis
1101 4021 1239 4078 omnibus
1251 4036 1317 4075 cum
1333 4019 1427 4091 gloria
1437 4020 1473 4074 ad
1488 4021 1621 4076 civitates
1633 4023 1719 4093 regni
1733 4025 1780 4077 sni
1796 4036 1840 4078 re·

138 4107 313 4162 consedisset
330 4123 337 4162 :
353 4107 477 4162 intuitus
494 4108 645 4163 iohannes
659 4111 856 4182 agnoviteum
868 4113 958 4166 sicuti
1009 4113 1125 4166 meavit.
1139 4112 1270 4165 Domnus
1283 4124 1353 4163 vero
1368 4109 1707 4178 episcopusLietbertus
1720 4114 1842 4182 accepta

138 4193 600 4252 00000011010010000100811011
616 4199 724 4267 tamen,
744 4200 798 4254 sed
816 4203 885 4270 post
899 4201 955 4254 ali·
1010 4200 1153 4254 missione
1170 4196 1273 4251 urbem
1288 4211 1372 4250 suam
1388 4211 1454 4249 cum
1471 4195 1536 4249 suis
1552 4197 1697 4265 repetivit.

140 4296 212 4350 quam
222 4284 488 4340 deambulationem
499 4302 597 4341 coram
609 4288 786 4356 imperatore
797 4294 825 4343 01
833 4290 955 4358 optima·
969 4336 995 4396 D
1045 4288 1088 4341 12.
1100 4283 1336 4357 Deproieotione
1352 4283 1451 4337 dalani
1459 4283 1587 4354 episcopi
1598 4283 1748 4338 Lietberti
1755 4285 1786 4340 10
1792 4286 1840 4341 Je-

141 4370 636 4444 trbusejusadjacentemaccessit,
650 4376 783 4447 dansque
799 4379 955 4433 cimanum
1011 4376 1151 4431 rusalem.
1168 4374 1224 4441 (lb.
1244 4374 1286 4438 13,
1300 4372 1343 4440 te,
1356 4371 1400 4440 ⁶29,
1417 4371 1534 4441 31131.)
1552 4370 1610 4426 Sed
1630 4387 1702 4426 ecce
1719 4373 1787 4427 dum
1805 4389 1844 4429 ex-

141 4460 229 4529 erexit,
245 4464 273 4515 et
286 4461 319 4515 in
334 4466 496 4532 conspectu
507 4463 730 4535 omniumjubet
738 4466 882 4521 adsistere
894 4483 957 4522 rec·
1011 4464 1169 4520 occasione
1184 4462 1315 4516 loannes
1337 4459 1557 4513 castellaturam
1575 4460 1763 4515 reclamantis
1786 4463 1846 4516 ud·-

57 4602 59 4607 ,
141 4547 190 4601 lum
202 4553 231 4602 et
244 4565 367 4604 currere
378 4567 494 4605 sanum.
513 4553 621 4621 Stupor
636 4553 830 4624 apprehendit
843 4555 958 4610 intuen·
1010 4559 1130 4608 0001000
1146 4550 1335 4621 imperatoris
1350 4549 1413 4602 vias
1430 4548 1497 4620 ejus
1514 4551 1543 4602 et
1556 4548 1653 4619 aliqua
1669 4554 1756 4621 gesta
1775 4550 1847 4621 ejus

142 4635 192 4699 tes;
204 4638 234 4692 lit
244 4654 378 4694 murmur
392 4639 600 4695 admirantium
613 4642 699 4712 quasi
713 4641 789 4697 lacto
803 4644 956 4712 miraculo,
1010 4642 1182 4698 describere
1196 4637 1607 4706 curavimus,ulextu'coeptaa
1622 4639 1799 4693 narrationis
1814 4642 1847 4694 01

143 4725 256 4781 0101100
277 4742 365 4799 quam
389 4728 468 4783 credi
490 4732 587 4798 potest
612 4730 762 4786 admirans
784 4732 958 4802 imperator,
1010 4725 1843 4801 0000110110ωηί110110001110031000030000000.Πο

57 4820 60 4877 ζ
146 4811 523 4887 quidisteatpercunctatur.
533 4818 696 4889 Postquam
707 4820 892 4875 manifestata
909 4836 959 4875 res
1010 4837 1068 4891 qua
1083 4816 1338 4874 castellaturahec
1354 4814 1539 4869 selummodo
1550 4813 1751 4882 inserendum,
1764 4816 1844 4886 quod
1885 4869 1888 4872 ,

57 4894 59 4903 ’
146 4902 191 4968 est,
211 4903 363 4974 suspendii
388 4919 458 4959 reus
484 4909 512 4960 et
536 4907 640 4960 mortis
659 4907 820 4976 judicatur.
850 4909 958 4981 Virgae
1011 4908 1242 4977 semiepiscopus
1253 4901 1706 4977 110011001100010010010000,0001
1717 4906 1841 4975 cogente

146 4986 274 5047 allatasad
285 4994 567 5063 sesuspendendum
577 4994 707 5064 ipsesibi
723 4996 959 5067 torquerejubc-
1011 4998 1186 5067 imperatore
1204 4993 1310 5048 doanni
1323 4989 1497 5053 reddiderit;
1514 5004 1602 5059 quem
1617 4993 1713 5044 tamen
1729 4992 1777 5046 ille
1792 4993 1843 5049 diu

147 5070 582 5151 1008010000,011100000100,
596 5084 957 5158 comedamus3postquam
1010 5100 1067 5140 nen
1083 5084 1191 5150 tennit,
1213 5081 1282 5152 quia
1296 5079 1399 5150 Hugo,
1416 5077 1452 5131 de
1471 5092 1529 5147 quo
1550 5093 1640 5147 supra
1661 5079 1799 5152 diximus,
1821 5098 1844 5140 ,a

150 5168 299 5238 comederit,
309 5168 622 5241 Iatiorsuspendetur.
635 5172 830 5242 Apponuntur
844 5175 901 5229 cibi
913 5192 958 5230 00-
1010 5173 1134 5229 custode
1148 5186 1205 5226 suo
1221 5165 1429 5237 Anselmejem
1444 5165 1620 5221 adolescens
1635 5181 1699 5223 eam
1715 5170 1841 5242 recepit,

781 5289 937 5351 VARIAE⁴
949 5287 1183 5352 LECTIONES

178 5384 209 5431 ἢ
219 5392 300 5449 unitis
313 5392 394 5450 recia
407 5392 533 5465 spatium
547 5394 670 5466 reliquit
680 5395 772 5466 copia.

900 5492 1040 5558 NOTAE.

179 5590 239 5666 (501)
250 5595 433 5673 Phalempie,
447 5598 524 5657 inter
538 5597 613 5659 bille
627 5601 657 5658 et
670 5599 774 5658 Densi.
