<?xml version="1.0" encoding="UTF-8"?>
<!DOCTYPE html PUBLIC "-//W3C//DTD XHTML 1.0 Transitional//EN"
    "http://www.w3.org/TR/xhtml1/DTD/xhtml1-transitional.dtd">
<html xmlns="http://www.w3.org/1999/xhtml" xml:lang="en" lang="en">
 <head>
  <title>
</title>
<meta http-equiv="Content-Type" content="text/html;charset=utf-8" />
  <meta name='ocr-system' content='tesseract 3.04.00' />
  <meta name='ocr-capabilities' content='ocr_page ocr_carea ocr_par ocr_line ocrx_word'/>
</head>
<body>
  <div class='ocr_page' id='page_1' title='image "./patrologiaecurs66unkngoog_0717.png"; bbox 0 0 3900 6112; ppageno 0'>
   <div class='ocr_carea' id='block_1_1' title="bbox 153 276 1871 345">
    <p class='ocr_par' dir='ltr' id='par_1_1' title="bbox 153 276 1871 345">
     <span class='ocr_line' id='line_1_1' title="bbox 153 276 1871 345; baseline 0.002 -3"><span class='ocrx_word' id='word_1_1' title='bbox 153 281 232 345; x_wconf 76' lang='lat'><strong>1423</strong></span> <span class='ocrx_word' id='word_1_2' title='bbox 279 278 467 344; x_wconf 83' lang='lat' dir='ltr'>DURANDI</span> <span class='ocrx_word' id='word_1_3' title='bbox 490 277 982 344; x_wconf 77' lang='lat' dir='ltr'><strong>ABBATISTROARNENSIS</strong></span> <span class='ocrx_word' id='word_1_4' title='bbox 1005 278 1273 343; x_wconf 82' lang='lat' dir='ltr'><strong>EPlTAPHlUM</strong></span> <span class='ocrx_word' id='word_1_5' title='bbox 1297 276 1493 342; x_wconf 85' lang='lat' dir='ltr'>MABILIAE</span> <span class='ocrx_word' id='word_1_6' title='bbox 1513 279 1751 344; x_wconf 71' lang='lat' dir='ltr'><strong>coulll&#39;lssAE</strong></span> <span class='ocrx_word' id='word_1_7' title='bbox 1798 281 1871 345; x_wconf 70' lang='lat'><strong>1424</strong></span> 
     </span>
    </p>
   </div>
   <div class='ocr_carea' id='block_1_2' title="bbox 153 464 1883 1606">
    <p class='ocr_par' dir='ltr' id='par_1_2' title="bbox 153 464 1883 1606">
     <span class='ocr_line' id='line_1_2' title="bbox 154 464 1875 538; baseline 0 -15"><span class='ocrx_word' id='word_1_8' title='bbox 154 469 219 523; x_wconf 86' lang='lat' dir='ltr'><strong>erat</strong></span> <span class='ocrx_word' id='word_1_9' title='bbox 239 466 328 537; x_wconf 90' lang='lat' dir='ltr'><strong>enim)</strong></span> <span class='ocrx_word' id='word_1_10' title='bbox 349 465 484 537; x_wconf 90' lang='lat' dir='ltr'><strong>protulit:</strong></span> <span class='ocrx_word' id='word_1_11' title='bbox 503 465 561 520; x_wconf 63' lang='lat' dir='ltr'><strong>“Et</strong></span> <span class='ocrx_word' id='word_1_12' title='bbox 582 465 744 536; x_wconf 86' lang='lat' dir='ltr'><strong>proecipiut,</strong></span> <span class='ocrx_word' id='word_1_13' title='bbox 762 465 865 537; x_wconf 89' lang='lat' dir='ltr'><strong>inquit,</strong></span> <span class='ocrx_word' id='word_1_14' title='bbox 887 467 986 522; x_wconf 85' lang='lat' dir='ltr'><strong>vestra</strong></span> <span class='ocrx_word' id='word_1_15' title='bbox 1001 464 1026 519; x_wconf 87' lang='grc' dir='ltr'>Α</span> <span class='ocrx_word' id='word_1_16' title='bbox 1039 467 1252 522; x_wconf 84' lang='lat' dir='ltr'><strong>convenissent</strong></span> <span class='ocrx_word' id='word_1_17' title='bbox 1261 482 1296 522; x_wconf 91' lang='lat' dir='ltr'><strong>eo</strong></span> <span class='ocrx_word' id='word_1_18' title='bbox 1308 482 1404 538; x_wconf 86' lang='lat' dir='ltr'><strong>usquo</strong></span> <span class='ocrx_word' id='word_1_19' title='bbox 1420 467 1641 536; x_wconf 88' lang='lat' dir='ltr'><strong>obsiderentur,</strong></span> <span class='ocrx_word' id='word_1_20' title='bbox 1650 467 1746 522; x_wconf 89' lang='lat' dir='ltr'><strong>donec</strong></span> <span class='ocrx_word' id='word_1_21' title='bbox 1757 470 1875 523; x_wconf 86' lang='lat' dir='ltr'><strong>autcon-</strong></span> 
     </span>
     <span class='ocr_line' id='line_1_3' title="bbox 153 555 1876 626; baseline -0.001 -14"><span class='ocrx_word' id='word_1_22' title='bbox 153 556 296 612; x_wconf 86' lang='lat' dir='ltr'><strong>scnctitus</strong></span> <span class='ocrx_word' id='word_1_23' title='bbox 312 556 366 610; x_wconf 88' lang='lat' dir='ltr'><strong>has</strong></span> <span class='ocrx_word' id='word_1_24' title='bbox 378 556 506 623; x_wconf 85' lang='lat' dir='ltr'><strong>littores,</strong></span> <span class='ocrx_word' id='word_1_25' title='bbox 517 572 533 609; x_wconf 84' lang='lat' dir='ltr'>a</span> <span class='ocrx_word' id='word_1_26' title='bbox 544 556 724 626; x_wconf 80' lang='lat' dir='ltr'><strong>Berengario</strong></span> <span class='ocrx_word' id='word_1_27' title='bbox 740 555 845 622; x_wconf 88' lang='lat' dir='ltr'><strong>editas,</strong></span> <span class='ocrx_word' id='word_1_28' title='bbox 863 555 890 609; x_wconf 90' lang='lat' dir='ltr'><strong>si</strong></span> <span class='ocrx_word' id='word_1_29' title='bbox 903 555 984 623; x_wconf 88' lang='lat' dir='ltr'><strong>libet,</strong></span> <span class='ocrx_word' id='word_1_30' title='bbox 1040 557 1184 611; x_wconf 80' lang='lat' dir='ltr'><strong>sentirent</strong></span> <span class='ocrx_word' id='word_1_31' title='bbox 1205 555 1357 610; x_wconf 76' lang='lat' dir='ltr'><strong>catholicae</strong></span> <span class='ocrx_word' id='word_1_32' title='bbox 1374 556 1451 624; x_wconf 82' lang='lat' dir='ltr'><strong>fidoi,</strong></span> <span class='ocrx_word' id='word_1_33' title='bbox 1468 562 1518 610; x_wconf 87' lang='lat' dir='ltr'><strong>aut</strong></span> <span class='ocrx_word' id='word_1_34' title='bbox 1539 559 1645 611; x_wconf 90' lang='lat' dir='ltr'><strong>mortis</strong></span> <span class='ocrx_word' id='word_1_35' title='bbox 1657 573 1765 626; x_wconf 86' lang='lat' dir='ltr'><strong>poenas</strong></span> <span class='ocrx_word' id='word_1_36' title='bbox 1780 556 1876 611; x_wconf 83' lang='lat' dir='ltr'><strong>luituri</strong></span> 
     </span>
     <span class='ocr_line' id='line_1_4' title="bbox 154 644 1877 716; baseline 0.001 -16"><span class='ocrx_word' id='word_1_37' title='bbox 154 645 361 716; x_wconf 88' lang='lat' dir='ltr'><strong>recitari,quas</strong></span> <span class='ocrx_word' id='word_1_38' title='bbox 373 660 429 715; x_wconf 81' lang='lat' dir='ltr'><strong>ego</strong></span> <span class='ocrx_word' id='word_1_39' title='bbox 444 644 562 714; x_wconf 90' lang='lat' dir='ltr'><strong>quidem</strong></span> <span class='ocrx_word' id='word_1_40' title='bbox 574 645 873 715; x_wconf 75' lang='lat' dir='ltr'><strong>alripsouequaquam</strong></span> <span class='ocrx_word' id='word_1_41' title='bbox 885 644 987 714; x_wconf 89' lang='lat' dir='ltr'><strong>accepi</strong></span> <span class='ocrx_word' id='word_1_42' title='bbox 1040 649 1226 715; x_wconf 86' lang='lat' dir='ltr'><strong>caperentur.</strong></span> <span class='ocrx_word' id='word_1_43' title='bbox 1242 644 1440 709; x_wconf 82' lang='lat' dir='ltr'><strong>Quamobrem</strong></span> <span class='ocrx_word' id='word_1_44' title='bbox 1456 646 1561 713; x_wconf 87' lang='lat' dir='ltr'><strong>territi,</strong></span> <span class='ocrx_word' id='word_1_45' title='bbox 1582 662 1643 700; x_wconf 92' lang='lat' dir='ltr'><strong>non</strong></span> <span class='ocrx_word' id='word_1_46' title='bbox 1660 647 1752 700; x_wconf 88' lang='lat' dir='ltr'><strong>multo</strong></span> <span class='ocrx_word' id='word_1_47' title='bbox 1769 650 1837 716; x_wconf 89' lang='lat' dir='ltr'><strong>post</strong></span> <span class='ocrx_word' id='word_1_48' title='bbox 1851 649 1877 701; x_wconf 92' lang='lat' dir='ltr'><strong>in</strong></span> 
     </span>
     <span class='ocr_line' id='line_1_5' title="bbox 155 733 1878 804; baseline -0.001 -14"><span class='ocrx_word' id='word_1_49' title='bbox 155 734 210 790; x_wconf 84' lang='lat' dir='ltr'><strong>sed</strong></span> <span class='ocrx_word' id='word_1_50' title='bbox 232 750 299 788; x_wconf 91' lang='lat' dir='ltr'><strong>cum</strong></span> <span class='ocrx_word' id='word_1_51' title='bbox 314 748 366 788; x_wconf 93' lang='lat' dir='ltr'><strong>eas</strong></span> <span class='ocrx_word' id='word_1_52' title='bbox 381 733 497 787; x_wconf 92' lang='lat' dir='ltr'><strong>cuidam</strong></span> <span class='ocrx_word' id='word_1_53' title='bbox 513 749 567 788; x_wconf 88' lang='lat' dir='ltr'><strong>suo</strong></span> <span class='ocrx_word' id='word_1_54' title='bbox 584 733 730 800; x_wconf 77' lang='lat' dir='ltr'><strong>familiari,</strong></span> <span class='ocrx_word' id='word_1_55' title='bbox 754 734 871 786; x_wconf 88' lang='lat' dir='ltr'><strong>nomine</strong></span> <span class='ocrx_word' id='word_1_56' title='bbox 886 733 987 803; x_wconf 84' lang='lat' dir='ltr'><strong>Paulo,</strong></span> <span class='ocrx_word' id='word_1_57' title='bbox 1038 733 1163 788; x_wconf 88' lang='lat' dir='ltr'><strong>concilio</strong></span> <span class='ocrx_word' id='word_1_58' title='bbox 1179 744 1270 804; x_wconf 86' lang='lat' dir='ltr'><strong>super</strong></span> <span class='ocrx_word' id='word_1_59' title='bbox 1286 734 1353 788; x_wconf 83' lang='lat' dir='ltr'><strong>fidei</strong></span> <span class='ocrx_word' id='word_1_60' title='bbox 1367 749 1431 788; x_wconf 89' lang='lat' dir='ltr'><strong>suoe</strong></span> <span class='ocrx_word' id='word_1_61' title='bbox 1442 736 1518 788; x_wconf 85' lang='lat' dir='ltr'><strong>statu</strong></span> <span class='ocrx_word' id='word_1_62' title='bbox 1543 736 1716 788; x_wconf 72' lang='lat' dir='ltr'><strong>consentite</strong></span> <span class='ocrx_word' id='word_1_63' title='bbox 1739 751 1774 788; x_wconf 88' lang='lat' dir='ltr'><strong>se</strong></span> <span class='ocrx_word' id='word_1_64' title='bbox 1805 736 1878 790; x_wconf 90' lang='lat' dir='ltr'><strong>sicut</strong></span> 
     </span>
     <span class='ocr_line' id='line_1_6' title="bbox 155 821 1879 894; baseline 0.001 -16"><span class='ocrx_word' id='word_1_65' title='bbox 155 838 209 894; x_wconf 88' lang='lat' dir='ltr'><strong>per</strong></span> <span class='ocrx_word' id='word_1_66' title='bbox 226 822 411 877; x_wconf 78' lang='lat' dir='ltr'><strong>veredarium</strong></span> <span class='ocrx_word' id='word_1_67' title='bbox 426 821 577 894; x_wconf 84' lang='lat' dir='ltr'><strong>dirigeret,</strong></span> <span class='ocrx_word' id='word_1_68' title='bbox 604 822 746 875; x_wconf 86' lang='lat' dir='ltr'><strong>violenter</strong></span> <span class='ocrx_word' id='word_1_69' title='bbox 762 822 864 892; x_wconf 72' lang='lat' dir='ltr'><strong>rapui,</strong></span> <span class='ocrx_word' id='word_1_70' title='bbox 893 846 903 868; x_wconf 67' lang='lat' dir='ltr'><strong>a</strong></span> <span class='ocrx_word' id='word_1_71' title='bbox 921 822 988 893; x_wconf 88' lang='lat' dir='ltr'><strong>qui·</strong></span> <span class='ocrx_word' id='word_1_72' title='bbox 1042 822 1176 876; x_wconf 79' lang='lat' dir='ltr'><strong>b&#39;cclosia</strong></span> <span class='ocrx_word' id='word_1_73' title='bbox 1187 825 1266 877; x_wconf 90' lang='lat' dir='ltr'><strong>tenet</strong></span> <span class='ocrx_word' id='word_1_74' title='bbox 1281 822 1424 877; x_wconf 86' lang='lat' dir='ltr'><strong>catholice</strong></span> <span class='ocrx_word' id='word_1_75' title='bbox 1448 824 1570 878; x_wconf 86' lang='lat' dir='ltr'><strong>credere</strong></span> <span class='ocrx_word' id='word_1_76' title='bbox 1588 823 1717 878; x_wconf 88' lang='lat' dir='ltr'><strong>lldcliler</strong></span> <span class='ocrx_word' id='word_1_77' title='bbox 1731 827 1762 877; x_wconf 88' lang='lat' dir='ltr'><strong>ct</strong></span> <span class='ocrx_word' id='word_1_78' title='bbox 1778 840 1879 892; x_wconf 86' lang='lat' dir='ltr'><strong>sapere</strong></span> 
     </span>
     <span class='ocr_line' id='line_1_7' title="bbox 156 908 1880 984; baseline 0 -18"><span class='ocrx_word' id='word_1_79' title='bbox 156 913 215 967; x_wconf 90' lang='lat' dir='ltr'><strong>bus</strong></span> <span class='ocrx_word' id='word_1_80' title='bbox 245 911 396 980; x_wconf 81' lang='lat' dir='ltr'><strong>susceptis</strong></span> <span class='ocrx_word' id='word_1_81' title='bbox 420 910 498 964; x_wconf 88' lang='lat' dir='ltr'><strong>etad</strong></span> <span class='ocrx_word' id='word_1_82' title='bbox 523 910 703 964; x_wconf 80' lang='lat' dir='ltr'><strong>recitandum</strong></span> <span class='ocrx_word' id='word_1_83' title='bbox 719 910 843 979; x_wconf 87' lang='lat' dir='ltr'><strong>traditis,</strong></span> <span class='ocrx_word' id='word_1_84' title='bbox 859 912 989 965; x_wconf 88' lang='lat' dir='ltr'><strong>omnium</strong></span> <span class='ocrx_word' id='word_1_85' title='bbox 1041 911 1158 982; x_wconf 89' lang='lat' dir='ltr'><strong>publice</strong></span> <span class='ocrx_word' id='word_1_86' title='bbox 1174 910 1303 981; x_wconf 82' lang='lat' dir='ltr'><strong>professi</strong></span> <span class='ocrx_word' id='word_1_87' title='bbox 1315 914 1394 965; x_wconf 89' lang='lat' dir='ltr'><strong>sunt.</strong></span> <span class='ocrx_word' id='word_1_88' title='bbox 1407 912 1577 983; x_wconf 91' lang='lat' dir='ltr'><strong>Delatisque</strong></span> <span class='ocrx_word' id='word_1_89' title='bbox 1593 908 1880 984; x_wconf 68' lang='lat' dir='ltr'><strong>sa‘nctorumpigno·</strong></span> 
     </span>
     <span class='ocr_line' id='line_1_8' title="bbox 158 998 1879 1071; baseline 0 -16"><span class='ocrx_word' id='word_1_90' title='bbox 158 1015 247 1055; x_wconf 89' lang='lat' dir='ltr'><strong>aures</strong></span> <span class='ocrx_word' id='word_1_91' title='bbox 270 1000 435 1070; x_wconf 80' lang='lat' dir='ltr'><strong>eriguntur,</strong></span> <span class='ocrx_word' id='word_1_92' title='bbox 466 1014 517 1052; x_wconf 84' lang='lat' dir='ltr'><strong>ore</strong></span> <span class='ocrx_word' id='word_1_93' title='bbox 535 998 564 1052; x_wconf 90' lang='lat' dir='ltr'><strong>in</strong></span> <span class='ocrx_word' id='word_1_94' title='bbox 592 999 741 1052; x_wconf 89' lang='lat' dir='ltr'><strong>silentium</strong></span> <span class='ocrx_word' id='word_1_95' title='bbox 761 1003 988 1069; x_wconf 87' lang='lat' dir='ltr'><strong>componuntur,</strong></span> <span class='ocrx_word' id='word_1_96' title='bbox 1044 1001 1137 1068; x_wconf 75' lang='lat' dir='ltr'><strong>ribuS,</strong></span> <span class='ocrx_word' id='word_1_97' title='bbox 1162 1002 1193 1054; x_wconf 95' lang='lat' dir='ltr'><strong>ut</strong></span> <span class='ocrx_word' id='word_1_98' title='bbox 1222 1001 1360 1055; x_wconf 86' lang='lat' dir='ltr'><strong>omnibus</strong></span> <span class='ocrx_word' id='word_1_99' title='bbox 1375 1001 1585 1055; x_wconf 78' lang='lat' dir='ltr'><strong>satisfacerent</strong></span> <span class='ocrx_word' id='word_1_100' title='bbox 1599 1006 1691 1071; x_wconf 83' lang='lat' dir='ltr'><strong>etque</strong></span> <span class='ocrx_word' id='word_1_101' title='bbox 1708 1002 1748 1055; x_wconf 88' lang='lat' dir='ltr'><strong>dc</strong></span> <span class='ocrx_word' id='word_1_102' title='bbox 1760 1002 1879 1055; x_wconf 84' lang='lat' dir='ltr'><strong>veritate</strong></span> 
     </span>
     <span class='ocr_line' id='line_1_9' title="bbox 158 1086 1879 1160; baseline 0.001 -17"><span class='ocrx_word' id='word_1_103' title='bbox 158 1088 249 1145; x_wconf 87' lang='lat' dir='ltr'><strong>corda</strong></span> <span class='ocrx_word' id='word_1_104' title='bbox 263 1088 300 1141; x_wconf 92' lang='lat' dir='ltr'><strong>ad</strong></span> <span class='ocrx_word' id='word_1_105' title='bbox 322 1088 545 1158; x_wconf 80' lang='lat' dir='ltr'><strong>intelligendum</strong></span> <span class='ocrx_word' id='word_1_106' title='bbox 567 1104 632 1158; x_wconf 78' lang='lat' dir='ltr'><strong>queo</strong></span> <span class='ocrx_word' id='word_1_107' title='bbox 650 1088 876 1143; x_wconf 87' lang='lat' dir='ltr'><strong>continebantur</strong></span> <span class='ocrx_word' id='word_1_108' title='bbox 899 1089 928 1142; x_wconf 89' lang='lat' dir='ltr'><strong>in</strong></span> <span class='ocrx_word' id='word_1_109' title='bbox 945 1090 989 1144; x_wconf 89' lang='lat' dir='ltr'><strong>eis</strong></span> <span class='ocrx_word' id='word_1_110' title='bbox 1045 1089 1209 1160; x_wconf 84' lang='lat' dir='ltr'><strong>fideiquam</strong></span> <span class='ocrx_word' id='word_1_111' title='bbox 1225 1086 1355 1157; x_wconf 80' lang='lat' dir='ltr'><strong>professi</strong></span> <span class='ocrx_word' id='word_1_112' title='bbox 1371 1089 1486 1143; x_wconf 88' lang='lat' dir='ltr'><strong>fuerent</strong></span> <span class='ocrx_word' id='word_1_113' title='bbox 1500 1105 1552 1144; x_wconf 89' lang='lat' dir='ltr'><strong>eos</strong></span> <span class='ocrx_word' id='word_1_114' title='bbox 1573 1090 1623 1159; x_wconf 89' lang='lat' dir='ltr'><strong>qui</strong></span> <span class='ocrx_word' id='word_1_115' title='bbox 1640 1089 1769 1143; x_wconf 89' lang='lat' dir='ltr'><strong>aderant</strong></span> <span class='ocrx_word' id='word_1_116' title='bbox 1785 1094 1879 1145; x_wconf 88' lang='lat' dir='ltr'><strong>certos</strong></span> 
     </span>
     <span class='ocr_line' id='line_1_10' title="bbox 158 1175 1878 1249; baseline 0.001 -17"><span class='ocrx_word' id='word_1_117' title='bbox 158 1181 371 1249; x_wconf 82' lang='lat' dir='ltr'><strong>prosperantur.</strong></span> <span class='ocrx_word' id='word_1_118' title='bbox 389 1176 446 1231; x_wconf 86' lang='lat' dir='ltr'><strong>Sed</strong></span> <span class='ocrx_word' id='word_1_119' title='bbox 462 1177 539 1231; x_wconf 88' lang='lat' dir='ltr'><strong>inter</strong></span> <span class='ocrx_word' id='word_1_120' title='bbox 553 1175 712 1248; x_wconf 81' lang='lat' dir='ltr'><strong>legendum</strong></span> <span class='ocrx_word' id='word_1_121' title='bbox 732 1178 854 1232; x_wconf 90' lang='lat' dir='ltr'><strong>multum</strong></span> <span class='ocrx_word' id='word_1_122' title='bbox 871 1181 990 1247; x_wconf 89' lang='lat' dir='ltr'><strong>repente</strong></span> <span class='ocrx_word' id='word_1_123' title='bbox 1044 1179 1175 1232; x_wconf 90' lang='lat' dir='ltr'><strong>facerent</strong></span> <span class='ocrx_word' id='word_1_124' title='bbox 1188 1183 1405 1233; x_wconf 87' lang='lat' dir='ltr'><strong>sacramentum</strong></span> <span class='ocrx_word' id='word_1_125' title='bbox 1417 1179 1572 1234; x_wconf 88' lang='lat' dir='ltr'><strong>dederunt.</strong></span> <span class='ocrx_word' id='word_1_126' title='bbox 1590 1179 1649 1234; x_wconf 86' lang='lat' dir='ltr'><strong>Sed</strong></span> <span class='ocrx_word' id='word_1_127' title='bbox 1662 1180 1781 1233; x_wconf 86' lang='lat' dir='ltr'><strong>omissa</strong></span> <span class='ocrx_word' id='word_1_128' title='bbox 1792 1180 1827 1234; x_wconf 88' lang='lat' dir='ltr'><strong>dc</strong></span> <span class='ocrx_word' id='word_1_129' title='bbox 1841 1183 1878 1233; x_wconf 83' lang='lat' dir='ltr'><strong>ta·</strong></span> 
     </span>
     <span class='ocr_line' id='line_1_11' title="bbox 159 1265 1882 1339; baseline 0.001 -18"><span class='ocrx_word' id='word_1_130' title='bbox 159 1265 191 1321; x_wconf 85' lang='lat' dir='ltr'><strong>fit</strong></span> <span class='ocrx_word' id='word_1_131' title='bbox 213 1280 355 1334; x_wconf 90' lang='lat' dir='ltr'><strong>murmur,</strong></span> <span class='ocrx_word' id='word_1_132' title='bbox 372 1268 400 1320; x_wconf 86' lang='lat' dir='ltr'><strong>et</strong></span> <span class='ocrx_word' id='word_1_133' title='bbox 413 1281 467 1336; x_wconf 83' lang='lat' dir='ltr'><strong>per</strong></span> <span class='ocrx_word' id='word_1_134' title='bbox 496 1265 613 1337; x_wconf 83' lang='lat' dir='ltr'><strong>singula</strong></span> <span class='ocrx_word' id='word_1_135' title='bbox 638 1266 759 1321; x_wconf 90' lang='lat' dir='ltr'><strong>absurdi</strong></span> <span class='ocrx_word' id='word_1_136' title='bbox 775 1282 885 1321; x_wconf 87' lang='lat' dir='ltr'><strong>sensus</strong></span> <span class='ocrx_word' id='word_1_137' title='bbox 900 1267 991 1321; x_wconf 86' lang='lat' dir='ltr'><strong>verba</strong></span> <span class='ocrx_word' id='word_1_138' title='bbox 1043 1269 1122 1323; x_wconf 90' lang='lat' dir='ltr'><strong>libus</strong></span> <span class='ocrx_word' id='word_1_139' title='bbox 1151 1267 1302 1336; x_wconf 80' lang='lat' dir='ltr'><strong>relatione,</strong></span> <span class='ocrx_word' id='word_1_140' title='bbox 1332 1283 1408 1339; x_wconf 88' lang='lat' dir='ltr'><strong>quos</strong></span> <span class='ocrx_word' id='word_1_141' title='bbox 1431 1268 1578 1337; x_wconf 79' lang='lat' dir='ltr'><strong>posthaec</strong></span> <span class='ocrx_word' id='word_1_142' title='bbox 1602 1267 1640 1322; x_wconf 92' lang='lat' dir='ltr'><strong>ad</strong></span> <span class='ocrx_word' id='word_1_143' title='bbox 1657 1269 1841 1339; x_wconf 85' lang='lat' dir='ltr'><strong>apostasiam</strong></span> <span class='ocrx_word' id='word_1_144' title='bbox 1857 1275 1882 1323; x_wconf 89' lang='lat' dir='ltr'><strong>et</strong></span> 
     </span>
     <span class='ocr_line' id='line_1_12' title="bbox 158 1353 1881 1429; baseline 0.001 -20"><span class='ocrx_word' id='word_1_145' title='bbox 158 1353 880 1429; x_wconf 76' lang='lat' dir='ltr'><strong>gravisinstrepitfremitusltoqueomnibustalis</strong></span> <span class='ocrx_word' id='word_1_146' title='bbox 892 1356 990 1427; x_wconf 89' lang='lat' dir='ltr'><strong>lectio,</strong></span> <span class='ocrx_word' id='word_1_147' title='bbox 1044 1357 1173 1427; x_wconf 84' lang='lat' dir='ltr'><strong>priorem</strong></span> <span class='ocrx_word' id='word_1_148' title='bbox 1187 1357 1329 1412; x_wconf 84' lang='lat' dir='ltr'><strong>vomitum</strong></span> <span class='ocrx_word' id='word_1_149' title='bbox 1344 1357 1511 1411; x_wconf 82' lang='lat' dir='ltr'><strong>audivimus</strong></span> <span class='ocrx_word' id='word_1_150' title='bbox 1533 1357 1666 1425; x_wconf 86' lang='lat' dir='ltr'><strong>redisse,</strong></span> <span class='ocrx_word' id='word_1_151' title='bbox 1684 1358 1781 1411; x_wconf 83' lang='lat' dir='ltr'><strong>libelli</strong></span> <span class='ocrx_word' id='word_1_152' title='bbox 1797 1357 1881 1428; x_wconf 85' lang='lat' dir='ltr'><strong>hujus</strong></span> 
     </span>
     <span class='ocr_line' id='line_1_13' title="bbox 159 1443 1883 1518; baseline 0.001 -19"><span class='ocrx_word' id='word_1_153' title='bbox 159 1443 784 1518; x_wconf 86' lang='lat' dir='ltr'><strong>quoniomnequissimasordebatheercsi,</strong></span> <span class='ocrx_word' id='word_1_154' title='bbox 803 1445 993 1500; x_wconf 81' lang='lat' dir='ltr'><strong>veliementer</strong></span> <span class='ocrx_word' id='word_1_155' title='bbox 1045 1450 1188 1514; x_wconf 89' lang='lat' dir='ltr'><strong>tenorem,</strong></span> <span class='ocrx_word' id='word_1_156' title='bbox 1218 1446 1247 1499; x_wconf 92' lang='lat' dir='ltr'><strong>in</strong></span> <span class='ocrx_word' id='word_1_157' title='bbox 1277 1461 1336 1517; x_wconf 92' lang='lat' dir='ltr'><strong>quo</strong></span> <span class='ocrx_word' id='word_1_158' title='bbox 1365 1446 1434 1500; x_wconf 84' lang='lat' dir='ltr'><strong>fidei</strong></span> <span class='ocrx_word' id='word_1_159' title='bbox 1448 1451 1559 1500; x_wconf 77' lang='lat' dir='ltr'><strong>nostrae</strong></span> <span class='ocrx_word' id='word_1_160' title='bbox 1574 1446 1794 1514; x_wconf 84' lang='lat' dir='ltr'><strong>sinceritatem,</strong></span> <span class='ocrx_word' id='word_1_161' title='bbox 1804 1446 1883 1517; x_wconf 83' lang='lat' dir='ltr'><strong>juxta</strong></span> 
     </span>
     <span class='ocr_line' id='line_1_14' title="bbox 157 1533 1882 1606; baseline -0.001 -17"><span class='ocrx_word' id='word_1_162' title='bbox 157 1533 598 1604; x_wconf 78' lang='lat' dir='ltr'><strong>displicuit,damnatopr01nde</strong></span> <span class='ocrx_word' id='word_1_163' title='bbox 613 1534 760 1588; x_wconf 93' lang='lat' dir='ltr'><strong>communi</strong></span> <span class='ocrx_word' id='word_1_164' title='bbox 781 1534 927 1589; x_wconf 85' lang='lat' dir='ltr'><strong>sententia</strong></span> <span class='ocrx_word' id='word_1_165' title='bbox 947 1539 991 1590; x_wconf 91' lang='lat' dir='ltr'><strong>ta·</strong></span> <span class='ocrx_word' id='word_1_166' title='bbox 1047 1536 1231 1606; x_wconf 76' lang='lat' dir='ltr'><strong>antiquorum</strong></span> <span class='ocrx_word' id='word_1_167' title='bbox 1259 1536 1377 1589; x_wconf 80' lang='lat' dir='ltr'><strong>Patrtlm</strong></span> <span class='ocrx_word' id='word_1_168' title='bbox 1404 1535 1618 1604; x_wconf 89' lang='lat' dir='ltr'><strong>auctoritatem,</strong></span> <span class='ocrx_word' id='word_1_169' title='bbox 1652 1535 1760 1589; x_wconf 90' lang='lat' dir='ltr'><strong>multis</strong></span> <span class='ocrx_word' id='word_1_170' title='bbox 1785 1550 1882 1589; x_wconf 90' lang='lat' dir='ltr'><strong>eorum</strong></span> 
     </span>
    </p>
   </div>
   <div class='ocr_carea' id='block_1_3' title="bbox 72 1622 1884 1695">
    <p class='ocr_par' dir='ltr' id='par_1_3' title="bbox 72 1622 1884 1695">
     <span class='ocr_line' id='line_1_15' title="bbox 72 1622 1884 1695; baseline 0 -17"><span class='ocrx_word' id='word_1_171' title='bbox 72 1643 78 1652; x_wconf 63' lang='lat'><strong><em>¹</em></strong></span> <span class='ocrx_word' id='word_1_172' title='bbox 159 1624 232 1680; x_wconf 90' lang='lat' dir='ltr'><strong>lium</strong></span> <span class='ocrx_word' id='word_1_173' title='bbox 248 1622 994 1694; x_wconf 82' lang='lat' dir='ltr'><strong>auctore,damnatisejuscomplicibus,tumcodice</strong></span> <span class='ocrx_word' id='word_1_174' title='bbox 1048 1623 1884 1695; x_wconf 67' lang='lat' dir='ltr'><strong>exemplisadhibitismtpotuimus,fideliterostendimus</strong></span> 
     </span>
    </p>
   </div>
   <div class='ocr_carea' id='block_1_4' title="bbox 160 1712 1886 1784">
    <p class='ocr_par' dir='ltr' id='par_1_4' title="bbox 160 1712 1886 1784">
     <span class='ocr_line' id='line_1_16' title="bbox 160 1712 1886 1784; baseline -0.002 -15"><span class='ocrx_word' id='word_1_175' title='bbox 160 1712 284 1769; x_wconf 76' lang='lat' dir='ltr'><strong>loannis</strong></span> <span class='ocrx_word' id='word_1_176' title='bbox 301 1713 391 1778; x_wconf 86' lang='lat' dir='ltr'><strong>Scoti,</strong></span> <span class='ocrx_word' id='word_1_177' title='bbox 408 1727 446 1767; x_wconf 88' lang='lat' dir='ltr'><strong>ex</strong></span> <span class='ocrx_word' id='word_1_178' title='bbox 457 1728 557 1783; x_wconf 81' lang='lat' dir='ltr'><strong>quoea</strong></span> <span class='ocrx_word' id='word_1_179' title='bbox 573 1730 639 1783; x_wconf 79' lang='lat' dir='ltr'><strong>qum</strong></span> <span class='ocrx_word' id='word_1_180' title='bbox 655 1714 992 1784; x_wconf 81' lang='lat' dir='ltr'><strong>damnabantursumpla</strong></span> <span class='ocrx_word' id='word_1_181' title='bbox 1048 1714 1165 1769; x_wconf 87' lang='lat' dir='ltr'><strong>tandem</strong></span> <span class='ocrx_word' id='word_1_182' title='bbox 1190 1714 1371 1781; x_wconf 66' lang='lat' dir='ltr'><strong>claudamus</strong></span> <span class='ocrx_word' id='word_1_183' title='bbox 1397 1714 1553 1774; x_wconf 89' lang='lat' dir='ltr'><strong>Dominum</strong></span> <span class='ocrx_word' id='word_1_184' title='bbox 1568 1713 1808 1783; x_wconf 88' lang='lat' dir='ltr'><strong>omnipotentem</strong></span> <span class='ocrx_word' id='word_1_185' title='bbox 1821 1716 1886 1766; x_wconf 82' lang='lat' dir='ltr'><strong>totis</strong></span> 
     </span>
    </p>
   </div>
   <div class='ocr_carea' id='block_1_5' title="bbox 56 1797 1885 1874">
    <p class='ocr_par' dir='ltr' id='par_1_5' title="bbox 56 1797 1885 1874">
     <span class='ocr_line' id='line_1_17' title="bbox 56 1797 1885 1874; baseline 0.001 -20"><span class='ocrx_word' id='word_1_186' title='bbox 56 1797 60 1803; x_wconf 83' lang='grc'><em>’</em></span> <span class='ocrx_word' id='word_1_187' title='bbox 160 1800 483 1857; x_wconf 81' lang='lat' dir='ltr'><strong>videbantur.l}0ncilio</strong></span> <span class='ocrx_word' id='word_1_188' title='bbox 500 1802 596 1855; x_wconf 89' lang='lat' dir='ltr'><strong>soluto</strong></span> <span class='ocrx_word' id='word_1_189' title='bbox 612 1803 836 1857; x_wconf 89' lang='lat' dir='ltr'><strong>discessumest</strong></span> <span class='ocrx_word' id='word_1_190' title='bbox 851 1803 993 1857; x_wconf 78' lang='lat' dir='ltr'><strong>escondi-</strong></span> <span class='ocrx_word' id='word_1_191' title='bbox 1011 1800 1035 1856; x_wconf 84' lang='lat'><strong>13</strong></span> <span class='ocrx_word' id='word_1_192' title='bbox 1049 1803 1223 1874; x_wconf 88' lang='lat' dir='ltr'><strong>praecordiis</strong></span> <span class='ocrx_word' id='word_1_193' title='bbox 1235 1803 1448 1874; x_wconf 80' lang='lat' dir='ltr'><strong>glorificantes,</strong></span> <span class='ocrx_word' id='word_1_194' title='bbox 1464 1802 1553 1874; x_wconf 81' lang='lat' dir='ltr'><strong>cujus</strong></span> <span class='ocrx_word' id='word_1_195' title='bbox 1564 1802 1736 1857; x_wconf 89' lang='lat' dir='ltr'><strong>estdonum</strong></span> <span class='ocrx_word' id='word_1_196' title='bbox 1747 1803 1885 1874; x_wconf 76' lang='lat' dir='ltr'><strong>etgratia,</strong></span> 
     </span>
    </p>
   </div>
   <div class='ocr_carea' id='block_1_6' title="bbox 92 1890 1888 2233">
    <p class='ocr_par' dir='ltr' id='par_1_6' title="bbox 92 1890 1888 2142">
     <span class='ocr_line' id='line_1_18' title="bbox 92 1890 1887 1963; baseline -0.001 -16"><span class='ocrx_word' id='word_1_197' title='bbox 92 1948 99 1959; x_wconf 75' lang='grc'><em>,</em></span> <span class='ocrx_word' id='word_1_198' title='bbox 162 1892 253 1960; x_wconf 85' lang='lat' dir='ltr'><strong>tione,</strong></span> <span class='ocrx_word' id='word_1_199' title='bbox 270 1893 313 1961; x_wconf 90' lang='lat' dir='ltr'><strong>ut,</strong></span> <span class='ocrx_word' id='word_1_200' title='bbox 328 1890 386 1945; x_wconf 89' lang='lat' dir='ltr'><strong>nisi</strong></span> <span class='ocrx_word' id='word_1_201' title='bbox 416 1890 608 1961; x_wconf 89' lang='lat' dir='ltr'><strong>resipisceret</strong></span> <span class='ocrx_word' id='word_1_202' title='bbox 624 1891 772 1963; x_wconf 79' lang='lat' dir='ltr'><strong>ejusmodi</strong></span> <span class='ocrx_word' id='word_1_203' title='bbox 790 1893 996 1962; x_wconf 86' lang='lat' dir='ltr'><strong>perversitatis</strong></span> <span class='ocrx_word' id='word_1_204' title='bbox 1049 1893 1215 1948; x_wconf 82' lang='lat' dir='ltr'><strong>utfideliter</strong></span> <span class='ocrx_word' id='word_1_205' title='bbox 1235 1891 1682 1963; x_wconf 81' lang='lat' dir='ltr'><strong>credamusetbcnecgamus,</strong></span> <span class='ocrx_word' id='word_1_206' title='bbox 1712 1892 1887 1962; x_wconf 83' lang='lat' dir='ltr'><strong>quivivitet</strong></span> 
     </span>
     <span class='ocr_line' id='line_1_19' title="bbox 161 1980 1888 2054; baseline 0.001 -19"><span class='ocrx_word' id='word_1_207' title='bbox 161 1984 274 2050; x_wconf 89' lang='lat' dir='ltr'><strong>auctor,</strong></span> <span class='ocrx_word' id='word_1_208' title='bbox 304 1995 370 2034; x_wconf 91' lang='lat' dir='ltr'><strong>cum</strong></span> <span class='ocrx_word' id='word_1_209' title='bbox 399 1981 578 2051; x_wconf 85' lang='lat' dir='ltr'><strong>sequacibus</strong></span> <span class='ocrx_word' id='word_1_210' title='bbox 611 1980 675 2035; x_wconf 85' lang='lat' dir='ltr'><strong>suis</strong></span> <span class='ocrx_word' id='word_1_211' title='bbox 706 1983 742 2036; x_wconf 87' lang='lat' dir='ltr'><strong>ab</strong></span> <span class='ocrx_word' id='word_1_212' title='bbox 767 1982 996 2037; x_wconf 81' lang='lat' dir='ltr'><strong>omniexorcitu</strong></span> <span class='ocrx_word' id='word_1_213' title='bbox 1049 1985 1155 2054; x_wconf 79' lang='lat' dir='ltr'><strong>regnet</strong></span> <span class='ocrx_word' id='word_1_214' title='bbox 1180 1983 1210 2036; x_wconf 91' lang='lat' dir='ltr'><strong>in</strong></span> <span class='ocrx_word' id='word_1_215' title='bbox 1234 1981 1475 2036; x_wconf 90' lang='lat' dir='ltr'><strong>Trinitateunica</strong></span> <span class='ocrx_word' id='word_1_216' title='bbox 1503 1985 1532 2035; x_wconf 86' lang='lat' dir='ltr'><strong>et</strong></span> <span class='ocrx_word' id='word_1_217' title='bbox 1557 1981 1670 2036; x_wconf 83' lang='lat' dir='ltr'><strong>unitate</strong></span> <span class='ocrx_word' id='word_1_218' title='bbox 1685 1980 1824 2051; x_wconf 83' lang='lat' dir='ltr'><strong>perfecte</strong></span> <span class='ocrx_word' id='word_1_219' title='bbox 1839 1996 1888 2050; x_wconf 88' lang='lat' dir='ltr'><strong>per</strong></span> 
     </span>
     <span class='ocr_line' id='line_1_20' title="bbox 163 2068 1483 2142; baseline -0.002 -16"><span class='ocrx_word' id='word_1_220' title='bbox 163 2068 347 2126; x_wconf 82' lang='lat' dir='ltr'><strong>Francorum</strong></span> <span class='ocrx_word' id='word_1_221' title='bbox 372 2069 576 2139; x_wconf 87' lang='lat' dir='ltr'><strong>praeeuntibus</strong></span> <span class='ocrx_word' id='word_1_222' title='bbox 596 2070 724 2140; x_wconf 81' lang='lat' dir='ltr'><strong>clericis,</strong></span> <span class='ocrx_word' id='word_1_223' title='bbox 747 2089 814 2126; x_wconf 90' lang='lat' dir='ltr'><strong>cum</strong></span> <span class='ocrx_word' id='word_1_224' title='bbox 828 2071 930 2141; x_wconf 60' lang='lat' dir='ltr'><strong>[forte</strong></span> <span class='ocrx_word' id='word_1_225' title='bbox 954 2072 997 2142; x_wconf 90' lang='lat' dir='ltr'><strong>in]</strong></span> <span class='ocrx_word' id='word_1_226' title='bbox 1050 2071 1147 2127; x_wconf 90' lang='lat' dir='ltr'><strong>omnia</strong></span> <span class='ocrx_word' id='word_1_227' title='bbox 1162 2071 1272 2127; x_wconf 89' lang='lat' dir='ltr'><strong>saecula</strong></span> <span class='ocrx_word' id='word_1_228' title='bbox 1287 2070 1483 2126; x_wconf 64' lang='lat' dir='ltr'><strong>saeculorum,</strong></span> 
     </span>
    </p>

    <p class='ocr_par' dir='ltr' id='par_1_7' title="bbox 164 2158 997 2233">
     <span class='ocr_line' id='line_1_21' title="bbox 164 2158 997 2233; baseline 0 -17"><span class='ocrx_word' id='word_1_229' title='bbox 164 2158 371 2216; x_wconf 80' lang='lat' dir='ltr'><strong>ecclesiastico</strong></span> <span class='ocrx_word' id='word_1_230' title='bbox 387 2161 527 2230; x_wconf 82' lang='lat' dir='ltr'><strong>apparatu</strong></span> <span class='ocrx_word' id='word_1_231' title='bbox 535 2158 817 2232; x_wconf 86' lang='lat' dir='ltr'><strong>instanterquaesiti,</strong></span> <span class='ocrx_word' id='word_1_232' title='bbox 828 2161 997 2233; x_wconf 90' lang='lat' dir='ltr'><strong>ubicunque</strong></span> 
     </span>
    </p>
   </div>
   <div class='ocr_carea' id='block_1_7' title="bbox 1687 2364 1884 2379">
    <p class='ocr_par' dir='ltr' id='par_1_8' title="bbox 1687 2364 1884 2379">
     <span class='ocr_line' id='line_1_22' title="bbox 1687 2364 1884 2379; baseline 0 0"><span class='ocrx_word' id='word_1_233' title='bbox 1687 2364 1884 2379; x_wconf 51' lang='grc'><strong>*-</strong></span> 
     </span>
    </p>
   </div>
   <div class='ocr_carea' id='block_1_8' title="bbox 296 2496 1763 2638">
    <p class='ocr_par' dir='ltr' id='par_1_9' title="bbox 296 2496 1763 2638">
     <span class='ocr_line' id='line_1_23' title="bbox 296 2496 1763 2638; baseline 0.001 -25"><span class='ocrx_word' id='word_1_234' title='bbox 296 2496 738 2614; x_wconf 77' lang='grc' dir='ltr'><strong>ΕΡΙΤΑΡΗΙΠΜ</strong></span> <span class='ocrx_word' id='word_1_235' title='bbox 767 2501 1059 2615; x_wconf 77' lang='lat' dir='ltr'><strong>arulum</strong></span> <span class='ocrx_word' id='word_1_236' title='bbox 1090 2499 1393 2616; x_wconf 78' lang='lat' dir='ltr'><strong>ABBATIS</strong></span> <span class='ocrx_word' id='word_1_237' title='bbox 1416 2498 1763 2638; x_wconf 82' lang='lat' dir='ltr'><strong>nlvllelS,</strong></span> 
     </span>
    </p>
   </div>
   <div class='ocr_carea' id='block_1_9' title="bbox 844 2730 1184 2793">
    <p class='ocr_par' dir='ltr' id='par_1_10' title="bbox 844 2730 1184 2793">
     <span class='ocr_line' id='line_1_24' title="bbox 844 2730 1184 2793; baseline -0.003 -1"><span class='ocrx_word' id='word_1_238' title='bbox 844 2730 990 2793; x_wconf 80' lang='lat' dir='ltr'><strong>Auctore</strong></span> <span class='ocrx_word' id='word_1_239' title='bbox 1012 2731 1184 2793; x_wconf 76' lang='lat' dir='ltr'><strong>Dnmuno.</strong></span> 
     </span>
    </p>
   </div>
   <div class='ocr_carea' id='block_1_10' title="bbox 171 2912 1882 2990">
    <p class='ocr_par' dir='ltr' id='par_1_11' title="bbox 171 2912 1882 2990">
     <span class='ocr_line' id='line_1_25' title="bbox 171 2912 1882 2990; baseline -0.001 -18"><span class='ocrx_word' id='word_1_240' title='bbox 171 2917 336 2987; x_wconf 73' lang='lat' dir='ltr'><strong>(Onusam.</strong></span> <span class='ocrx_word' id='word_1_241' title='bbox 358 2916 473 2988; x_wconf 69' lang='lat' dir='ltr'><strong>Virum,</strong></span> <span class='ocrx_word' id='word_1_242' title='bbox 488 2914 559 2971; x_wconf 87' lang='lat' dir='ltr'><strong>Hist</strong></span> <span class='ocrx_word' id='word_1_243' title='bbox 570 2915 675 2972; x_wconf 89' lang='lat' dir='ltr'><strong>eccles.</strong></span> <span class='ocrx_word' id='word_1_244' title='bbox 692 2915 742 2972; x_wconf 89' lang='lat' dir='ltr'><strong>lib.</strong></span> <span class='ocrx_word' id='word_1_245' title='bbox 759 2933 798 2987; x_wconf 81' lang='lat' dir='ltr'><strong>iv,</strong></span> <span class='ocrx_word' id='word_1_246' title='bbox 815 2916 892 2988; x_wconf 87' lang='lat' dir='ltr'><strong>apud</strong></span> <span class='ocrx_word' id='word_1_247' title='bbox 909 2915 1076 2986; x_wconf 81' lang='lat' dir='ltr'><strong>Ducunsun,</strong></span> <span class='ocrx_word' id='word_1_248' title='bbox 1092 2914 1240 2972; x_wconf 82' lang='lat' dir='ltr'><strong>Historioe</strong></span> <span class='ocrx_word' id='word_1_249' title='bbox 1249 2913 1521 2972; x_wconf 84' lang='lat' dir='ltr'><strong>Nortlrmennorum</strong></span> <span class='ocrx_word' id='word_1_250' title='bbox 1542 2912 1736 2988; x_wconf 80' lang='lat' dir='ltr'><strong>Scriptores,</strong></span> <span class='ocrx_word' id='word_1_251' title='bbox 1754 2915 1882 2990; x_wconf 55' lang='lat' dir='ltr'><strong>pop-itt</strong></span> 
     </span>
    </p>
   </div>
   <div class='ocr_carea' id='block_1_11' title="bbox 168 3231 1898 3845">
    <p class='ocr_par' dir='ltr' id='par_1_12' title="bbox 168 3231 1648 3308">
     <span class='ocr_line' id='line_1_26' title="bbox 168 3231 1648 3308; baseline -0.003 -16"><span class='ocrx_word' id='word_1_252' title='bbox 168 3236 224 3292; x_wconf 92' lang='lat' dir='ltr'><strong>Hic</strong></span> <span class='ocrx_word' id='word_1_253' title='bbox 236 3235 317 3308; x_wconf 78' lang='lat' dir='ltr'><strong>jacet</strong></span> <span class='ocrx_word' id='word_1_254' title='bbox 331 3238 480 3295; x_wconf 79' lang='lat' dir='ltr'><strong>Ainardus</strong></span> <span class='ocrx_word' id='word_1_255' title='bbox 499 3236 638 3293; x_wconf 88' lang='lat' dir='ltr'><strong>redolens</strong></span> <span class='ocrx_word' id='word_1_256' title='bbox 653 3238 684 3291; x_wconf 92' lang='lat' dir='ltr'><strong>ut</strong></span> <span class='ocrx_word' id='word_1_257' title='bbox 699 3235 805 3306; x_wconf 87' lang='lat' dir='ltr'><strong>pistica</strong></span> <span class='ocrx_word' id='word_1_258' title='bbox 820 3236 932 3290; x_wconf 89' lang='lat' dir='ltr'><strong>nardus</strong></span> <span class='ocrx_word' id='word_1_259' title='bbox 1093 3234 1214 3290; x_wconf 86' lang='lat' dir='ltr'><strong>Pollens</strong></span> <span class='ocrx_word' id='word_1_260' title='bbox 1230 3233 1367 3302; x_wconf 87' lang='lat' dir='ltr'><strong>consilio,</strong></span> <span class='ocrx_word' id='word_1_261' title='bbox 1381 3233 1480 3288; x_wconf 88' lang='lat' dir='ltr'><strong>clarus</strong></span> <span class='ocrx_word' id='word_1_262' title='bbox 1493 3231 1523 3287; x_wconf 92' lang='lat' dir='ltr'><strong>in</strong></span> <span class='ocrx_word' id='word_1_263' title='bbox 1537 3232 1648 3288; x_wconf 88' lang='lat' dir='ltr'><strong>oitlcio.</strong></span> 
     </span>
    </p>

    <p class='ocr_par' dir='ltr' id='par_1_13' title="bbox 170 3323 1778 3489">
     <span class='ocr_line' id='line_1_27' title="bbox 204 3323 1778 3396; baseline -0.001 -16"><span class='ocrx_word' id='word_1_264' title='bbox 204 3324 353 3383; x_wconf 89' lang='lat' dir='ltr'><strong>Virtutum</strong></span> <span class='ocrx_word' id='word_1_265' title='bbox 365 3328 466 3383; x_wconf 89' lang='lat' dir='ltr'><strong>multis</strong></span> <span class='ocrx_word' id='word_1_266' title='bbox 482 3327 606 3382; x_wconf 80' lang='lat' dir='ltr'><strong>floribus</strong></span> <span class='ocrx_word' id='word_1_267' title='bbox 622 3328 650 3380; x_wconf 94' lang='lat' dir='ltr'><strong>et</strong></span> <span class='ocrx_word' id='word_1_268' title='bbox 665 3325 790 3380; x_wconf 88' lang='lat' dir='ltr'><strong>meritis.</strong></span> <span class='ocrx_word' id='word_1_269' title='bbox 1058 3325 1165 3381; x_wconf 86' lang='lat' dir='ltr'><strong>ltlentis</strong></span> <span class='ocrx_word' id='word_1_270' title='bbox 1180 3324 1249 3379; x_wconf 91' lang='lat' dir='ltr'><strong>huic</strong></span> <span class='ocrx_word' id='word_1_271' title='bbox 1261 3323 1392 3396; x_wconf 77' lang='lat' dir='ltr'><strong>gravitas</strong></span> <span class='ocrx_word' id='word_1_272' title='bbox 1407 3325 1470 3378; x_wconf 85' lang='lat' dir='ltr'><strong>erat</strong></span> <span class='ocrx_word' id='word_1_273' title='bbox 1485 3324 1514 3378; x_wconf 88' lang='lat' dir='ltr'><strong>et</strong></span> <span class='ocrx_word' id='word_1_274' title='bbox 1525 3323 1668 3378; x_wconf 82' lang='lat' dir='ltr'><strong>maturior</strong></span> <span class='ocrx_word' id='word_1_275' title='bbox 1685 3325 1778 3390; x_wconf 70' lang='lat' dir='ltr'><strong>astae,</strong></span> 
     </span>
     <span class='ocr_line' id='line_1_28' title="bbox 170 3402 1710 3489; baseline -0.003 -17"><span class='ocrx_word' id='word_1_276' title='bbox 170 3402 269 3489; x_wconf 69' lang='lat' dir='ltr'><strong>liquo</strong></span> <span class='ocrx_word' id='word_1_277' title='bbox 284 3417 423 3472; x_wconf 89' lang='lat' dir='ltr'><strong>fundatus</strong></span> <span class='ocrx_word' id='word_1_278' title='bbox 439 3417 523 3471; x_wconf 90' lang='lat' dir='ltr'><strong>locus</strong></span> <span class='ocrx_word' id='word_1_279' title='bbox 536 3421 582 3471; x_wconf 89' lang='lat' dir='ltr'><strong>est</strong></span> <span class='ocrx_word' id='word_1_280' title='bbox 596 3416 654 3485; x_wconf 91' lang='lat' dir='ltr'><strong>hic,</strong></span> <span class='ocrx_word' id='word_1_281' title='bbox 670 3414 835 3470; x_wconf 72' lang='lat' dir='ltr'><strong>edificatus</strong></span> <span class='ocrx_word' id='word_1_282' title='bbox 1019 3427 1041 3483; x_wconf 62' lang='grc' dir='ltr'><strong>(ζ</strong></span> <span class='ocrx_word' id='word_1_283' title='bbox 1093 3414 1232 3485; x_wconf 85' lang='lat' dir='ltr'><strong>Canaque</strong></span> <span class='ocrx_word' id='word_1_284' title='bbox 1248 3413 1401 3482; x_wconf 88' lang='lat' dir='ltr'><strong>caesaries,</strong></span> <span class='ocrx_word' id='word_1_285' title='bbox 1423 3412 1477 3468; x_wconf 89' lang='lat' dir='ltr'><strong>sed</strong></span> <span class='ocrx_word' id='word_1_286' title='bbox 1491 3412 1589 3467; x_wconf 89' lang='lat' dir='ltr'><strong>tenuis</strong></span> <span class='ocrx_word' id='word_1_287' title='bbox 1598 3410 1710 3467; x_wconf 86' lang='lat' dir='ltr'><strong>facies.</strong></span> 
     </span>
    </p>

    <p class='ocr_par' dir='ltr' id='par_1_14' title="bbox 172 3487 1898 3666">
     <span class='ocr_line' id='line_1_29' title="bbox 208 3487 1898 3578; baseline -0.002 -18"><span class='ocrx_word' id='word_1_288' title='bbox 208 3506 326 3578; x_wconf 76' lang='lat' dir='ltr'><strong>Ingenti</strong></span> <span class='ocrx_word' id='word_1_289' title='bbox 339 3506 448 3575; x_wconf 91' lang='lat' dir='ltr'><strong>studio,</strong></span> <span class='ocrx_word' id='word_1_290' title='bbox 464 3487 519 3560; x_wconf 69' lang='lat' dir='ltr'><strong>ne‘c</strong></span> <span class='ocrx_word' id='word_1_291' title='bbox 529 3505 645 3560; x_wconf 91' lang='lat' dir='ltr'><strong>modico</strong></span> <span class='ocrx_word' id='word_1_292' title='bbox 660 3505 766 3575; x_wconf 89' lang='lat' dir='ltr'><strong>pretio.</strong></span> <span class='ocrx_word' id='word_1_293' title='bbox 1058 3504 1150 3570; x_wconf 83' lang='lat' dir='ltr'><strong>Quem</strong></span> <span class='ocrx_word' id='word_1_294' title='bbox 1179 3503 1424 3558; x_wconf 90' lang='lat' dir='ltr'><strong>nonusdecimus</strong></span> <span class='ocrx_word' id='word_1_295' title='bbox 1440 3500 1540 3557; x_wconf 83' lang='lat' dir='ltr'><strong>Febuo</strong></span> <span class='ocrx_word' id='word_1_296' title='bbox 1561 3506 1724 3572; x_wconf 89' lang='lat' dir='ltr'><strong>promente</strong></span> <span class='ocrx_word' id='word_1_297' title='bbox 1742 3502 1898 3571; x_wconf 84' lang='lat' dir='ltr'><strong>Kalendas,</strong></span> 
     </span>
     <span class='ocr_line' id='line_1_30' title="bbox 172 3590 1780 3666; baseline -0.001 -16"><span class='ocrx_word' id='word_1_298' title='bbox 172 3595 225 3650; x_wconf 83' lang='lat' dir='ltr'><strong>Vir</strong></span> <span class='ocrx_word' id='word_1_299' title='bbox 241 3595 296 3649; x_wconf 93' lang='lat' dir='ltr'><strong>fuit</strong></span> <span class='ocrx_word' id='word_1_300' title='bbox 310 3595 502 3666; x_wconf 79' lang='lat' dir='ltr'><strong>hicmagnus,</strong></span> <span class='ocrx_word' id='word_1_301' title='bbox 520 3594 665 3665; x_wconf 89' lang='lat' dir='ltr'><strong>probitate</strong></span> <span class='ocrx_word' id='word_1_302' title='bbox 685 3593 788 3648; x_wconf 89' lang='lat' dir='ltr'><strong>suavis</strong></span> <span class='ocrx_word' id='word_1_303' title='bbox 805 3597 833 3648; x_wconf 93' lang='lat' dir='ltr'><strong>et</strong></span> <span class='ocrx_word' id='word_1_304' title='bbox 843 3608 952 3666; x_wconf 79' lang='lat' dir='ltr'><strong>agnae,</strong></span> <span class='ocrx_word' id='word_1_305' title='bbox 1095 3592 1227 3648; x_wconf 84' lang='lat' dir='ltr'><strong>Abstulit</strong></span> <span class='ocrx_word' id='word_1_306' title='bbox 1241 3593 1342 3647; x_wconf 86' lang='lat' dir='ltr'><strong>ultima</strong></span> <span class='ocrx_word' id='word_1_307' title='bbox 1357 3607 1437 3661; x_wconf 87' lang='lat' dir='ltr'><strong>sors,</strong></span> <span class='ocrx_word' id='word_1_308' title='bbox 1448 3593 1475 3646; x_wconf 93' lang='lat' dir='ltr'><strong>et</strong></span> <span class='ocrx_word' id='word_1_309' title='bbox 1490 3591 1585 3662; x_wconf 90' lang='lat' dir='ltr'><strong>rapuit</strong></span> <span class='ocrx_word' id='word_1_310' title='bbox 1602 3590 1662 3645; x_wconf 80' lang='lat' dir='ltr'><strong>cita</strong></span> <span class='ocrx_word' id='word_1_311' title='bbox 1677 3607 1780 3648; x_wconf 87' lang='lat' dir='ltr'><strong>mors.</strong></span> 
     </span>
    </p>

    <p class='ocr_par' dir='ltr' id='par_1_15' title="bbox 176 3680 1834 3845">
     <span class='ocr_line' id='line_1_31' title="bbox 211 3680 1834 3756; baseline 0 -20"><span class='ocrx_word' id='word_1_312' title='bbox 211 3683 275 3737; x_wconf 91' lang='lat' dir='ltr'><strong>Vita</strong></span> <span class='ocrx_word' id='word_1_313' title='bbox 289 3684 481 3755; x_wconf 86' lang='lat' dir='ltr'><strong>conspicuus,</strong></span> <span class='ocrx_word' id='word_1_314' title='bbox 499 3684 636 3756; x_wconf 73' lang='lat' dir='ltr'><strong>dogmate</strong></span> <span class='ocrx_word' id='word_1_315' title='bbox 646 3684 828 3754; x_wconf 81' lang='lat' dir='ltr'><strong>proecipuus,</strong></span> <span class='ocrx_word' id='word_1_316' title='bbox 1059 3684 1118 3738; x_wconf 90' lang='lat' dir='ltr'><strong>Pro</strong></span> <span class='ocrx_word' id='word_1_317' title='bbox 1134 3698 1192 3753; x_wconf 86' lang='lat' dir='ltr'><strong>quo</strong></span> <span class='ocrx_word' id='word_1_318' title='bbox 1209 3682 1259 3752; x_wconf 88' lang='lat' dir='ltr'><strong>qui</strong></span> <span class='ocrx_word' id='word_1_319' title='bbox 1270 3681 1383 3737; x_wconf 88' lang='lat' dir='ltr'><strong>transis</strong></span> <span class='ocrx_word' id='word_1_320' title='bbox 1395 3680 1520 3752; x_wconf 85' lang='lat' dir='ltr'><strong>supplex</strong></span> <span class='ocrx_word' id='word_1_321' title='bbox 1536 3694 1624 3735; x_wconf 84' lang='lat' dir='ltr'><strong>orere</strong></span> <span class='ocrx_word' id='word_1_322' title='bbox 1640 3695 1764 3737; x_wconf 89' lang='lat' dir='ltr'><strong>memor</strong></span> <span class='ocrx_word' id='word_1_323' title='bbox 1778 3681 1834 3752; x_wconf 87' lang='lat' dir='ltr'><strong>sis,</strong></span> 
     </span>
     <span class='ocr_line' id='line_1_32' title="bbox 176 3768 1627 3845; baseline -0.004 -17"><span class='ocrx_word' id='word_1_324' title='bbox 176 3771 301 3828; x_wconf 87' lang='lat' dir='ltr'><strong>Sobrius</strong></span> <span class='ocrx_word' id='word_1_325' title='bbox 326 3776 354 3830; x_wconf 92' lang='lat' dir='ltr'><strong>et</strong></span> <span class='ocrx_word' id='word_1_326' title='bbox 369 3777 481 3845; x_wconf 86' lang='lat' dir='ltr'><strong>castus,</strong></span> <span class='ocrx_word' id='word_1_327' title='bbox 505 3774 648 3845; x_wconf 87' lang='lat' dir='ltr'><strong>prudens,</strong></span> <span class='ocrx_word' id='word_1_328' title='bbox 665 3772 793 3844; x_wconf 84' lang='lat' dir='ltr'><strong>simplex</strong></span> <span class='ocrx_word' id='word_1_329' title='bbox 808 3776 837 3828; x_wconf 88' lang='lat' dir='ltr'><strong>et</strong></span> <span class='ocrx_word' id='word_1_330' title='bbox 852 3772 1007 3842; x_wconf 87' lang='lat' dir='ltr'><strong>honestus,</strong></span> <span class='ocrx_word' id='word_1_331' title='bbox 1098 3772 1138 3827; x_wconf 91' lang='lat' dir='ltr'><strong>Ut</strong></span> <span class='ocrx_word' id='word_1_332' title='bbox 1152 3772 1192 3826; x_wconf 90' lang='lat' dir='ltr'><strong>sit</strong></span> <span class='ocrx_word' id='word_1_333' title='bbox 1207 3770 1234 3825; x_wconf 90' lang='lat' dir='ltr'><strong>ei</strong></span> <span class='ocrx_word' id='word_1_334' title='bbox 1250 3770 1342 3826; x_wconf 88' lang='lat' dir='ltr'><strong>saties</strong></span> <span class='ocrx_word' id='word_1_335' title='bbox 1357 3771 1432 3825; x_wconf 87' lang='lat' dir='ltr'><strong>alma</strong></span> <span class='ocrx_word' id='word_1_336' title='bbox 1452 3768 1507 3825; x_wconf 86' lang='lat' dir='ltr'><strong>Dei</strong></span> <span class='ocrx_word' id='word_1_337' title='bbox 1521 3768 1627 3825; x_wconf 88' lang='lat' dir='ltr'><strong>facies.</strong></span> 
     </span>
    </p>
   </div>
   <div class='ocr_carea' id='block_1_12' title="bbox 405 4098 1670 4359">
    <p class='ocr_par' dir='ltr' id='par_1_16' title="bbox 405 4098 1670 4359">
     <span class='ocr_line' id='line_1_33' title="bbox 405 4098 1670 4221; baseline -0.006 -23"><span class='ocrx_word' id='word_1_338' title='bbox 405 4104 836 4200; x_wconf 79' lang='lat' dir='ltr'><strong>EPl&#39;fAl’lllUlll</strong></span> <span class='ocrx_word' id='word_1_339' title='bbox 885 4101 1201 4195; x_wconf 67' lang='lat' dir='ltr'><strong>moenum</strong></span> <span class='ocrx_word' id='word_1_340' title='bbox 1265 4098 1670 4221; x_wconf 79' lang='lat' dir='ltr'><strong>coml&#39;llssAE,</strong></span> 
     </span>
     <span class='ocr_line' id='line_1_34' title="bbox 598 4283 1476 4359; baseline -0.007 -7"><span class='ocrx_word' id='word_1_341' title='bbox 598 4286 775 4352; x_wconf 83' lang='lat' dir='ltr'><strong>nocnnu</strong></span> <span class='ocrx_word' id='word_1_342' title='bbox 802 4286 860 4349; x_wconf 84' lang='lat' dir='ltr'><strong>on</strong></span> <span class='ocrx_word' id='word_1_343' title='bbox 888 4283 1262 4351; x_wconf 84' lang='lat' dir='ltr'><strong>uourncoumuco</strong></span> <span class='ocrx_word' id='word_1_344' title='bbox 1304 4283 1476 4359; x_wconf 85' lang='lat' dir='ltr'><strong>uxonrs,</strong></span> 
     </span>
    </p>
   </div>
   <div class='ocr_carea' id='block_1_13' title="bbox 862 4467 1213 4531">
    <p class='ocr_par' dir='ltr' id='par_1_17' title="bbox 862 4467 1213 4531">
     <span class='ocr_line' id='line_1_35' title="bbox 862 4467 1213 4531; baseline -0.006 -1"><span class='ocrx_word' id='word_1_345' title='bbox 862 4468 1007 4531; x_wconf 82' lang='lat' dir='ltr'><strong>Auctore</strong></span> <span class='ocrx_word' id='word_1_346' title='bbox 1041 4467 1213 4529; x_wconf 75' lang='lat' dir='ltr'><strong>Donerno.</strong></span> 
     </span>
    </p>
   </div>
   <div class='ocr_carea' id='block_1_14' title="bbox 536 4644 1545 4726">
    <p class='ocr_par' dir='ltr' id='par_1_18' title="bbox 536 4644 1545 4726">
     <span class='ocr_line' id='line_1_36' title="bbox 536 4644 1545 4726; baseline -0.011 -15"><span class='ocrx_word' id='word_1_347' title='bbox 536 4655 690 4726; x_wconf 81' lang='lat' dir='ltr'><strong>(Onusam.</strong></span> <span class='ocrx_word' id='word_1_348' title='bbox 711 4654 823 4724; x_wconf 71' lang='lat' dir='ltr'><strong>Virro,</strong></span> <span class='ocrx_word' id='word_1_349' title='bbox 849 4651 929 4708; x_wconf 87' lang='lat' dir='ltr'><strong>Hist.</strong></span> <span class='ocrx_word' id='word_1_350' title='bbox 954 4649 1060 4707; x_wconf 87' lang='lat' dir='ltr'><strong>eccles.</strong></span> <span class='ocrx_word' id='word_1_351' title='bbox 1086 4649 1137 4705; x_wconf 91' lang='lat' dir='ltr'><strong>lib.</strong></span> <span class='ocrx_word' id='word_1_352' title='bbox 1162 4667 1191 4720; x_wconf 86' lang='lat' dir='ltr'><strong>v,</strong></span> <span class='ocrx_word' id='word_1_353' title='bbox 1220 4647 1270 4704; x_wconf 92' lang='lat' dir='ltr'><strong>ubi</strong></span> <span class='ocrx_word' id='word_1_354' title='bbox 1296 4663 1397 4720; x_wconf 87' lang='lat' dir='ltr'><strong>supra,</strong></span> <span class='ocrx_word' id='word_1_355' title='bbox 1414 4665 1442 4719; x_wconf 89' lang='lat' dir='ltr'><strong>p.</strong></span> <span class='ocrx_word' id='word_1_356' title='bbox 1470 4644 1545 4715; x_wconf 78' lang='lat'>578.)</span> 
     </span>
    </p>
   </div>
   <div class='ocr_carea' id='block_1_15' title="bbox 184 4953 1863 5588">
    <p class='ocr_par' dir='ltr' id='par_1_19' title="bbox 184 4953 1744 5047">
     <span class='ocr_line' id='line_1_37' title="bbox 184 4953 1744 5047; baseline -0.014 -6"><span class='ocrx_word' id='word_1_357' title='bbox 184 4985 250 5041; x_wconf 78' lang='lat' dir='ltr'><strong>mu</strong></span> <span class='ocrx_word' id='word_1_358' title='bbox 266 4981 429 5041; x_wconf 87' lang='lat' dir='ltr'><strong>clarentum</strong></span> <span class='ocrx_word' id='word_1_359' title='bbox 444 4980 480 5035; x_wconf 90' lang='lat' dir='ltr'><strong>de</strong></span> <span class='ocrx_word' id='word_1_360' title='bbox 496 4978 589 5047; x_wconf 89' lang='lat' dir='ltr'><strong>stirpe</strong></span> <span class='ocrx_word' id='word_1_361' title='bbox 611 4978 708 5031; x_wconf 90' lang='lat' dir='ltr'><strong>creata</strong></span> <span class='ocrx_word' id='word_1_362' title='bbox 723 4975 876 5046; x_wconf 86' lang='lat' dir='ltr'><strong>parentum</strong></span> <span class='ocrx_word' id='word_1_363' title='bbox 1032 4953 1057 5008; x_wconf 85' lang='grc' dir='ltr'><strong>Ῑ)</strong></span> <span class='ocrx_word' id='word_1_364' title='bbox 1103 4967 1234 5039; x_wconf 88' lang='lat' dir='ltr'><strong>Dapsilis</strong></span> <span class='ocrx_word' id='word_1_365' title='bbox 1250 4966 1279 5021; x_wconf 91' lang='lat' dir='ltr'><strong>in</strong></span> <span class='ocrx_word' id='word_1_366' title='bbox 1296 4968 1425 5036; x_wconf 89' lang='lat' dir='ltr'><strong>sumptu,</strong></span> <span class='ocrx_word' id='word_1_367' title='bbox 1440 4964 1516 5018; x_wconf 87' lang='lat' dir='ltr'><strong>culta</strong></span> <span class='ocrx_word' id='word_1_368' title='bbox 1533 4963 1607 5016; x_wconf 87' lang='lat' dir='ltr'><strong>satis</strong></span> <span class='ocrx_word' id='word_1_369' title='bbox 1624 4962 1744 5019; x_wconf 89' lang='lat' dir='ltr'><strong>habitu.</strong></span> 
     </span>
    </p>

    <p class='ocr_par' dir='ltr' id='par_1_20' title="bbox 187 5052 1850 5227">
     <span class='ocr_line' id='line_1_38' title="bbox 220 5052 1850 5145; baseline -0.013 -17"><span class='ocrx_word' id='word_1_370' title='bbox 220 5074 283 5128; x_wconf 87' lang='lat' dir='ltr'><strong>Hoc</strong></span> <span class='ocrx_word' id='word_1_371' title='bbox 297 5071 410 5145; x_wconf 82' lang='lat' dir='ltr'><strong>tegitur</strong></span> <span class='ocrx_word' id='word_1_372' title='bbox 423 5069 524 5125; x_wconf 87' lang='lat' dir='ltr'><strong>tumba</strong></span> <span class='ocrx_word' id='word_1_373' title='bbox 535 5067 661 5122; x_wconf 82' lang='lat' dir='ltr'><strong>maxime</strong></span> <span class='ocrx_word' id='word_1_374' title='bbox 676 5063 804 5119; x_wconf 90' lang='lat' dir='ltr'><strong>llabilia.</strong></span> <span class='ocrx_word' id='word_1_375' title='bbox 1068 5059 1139 5113; x_wconf 84' lang='lat' dir='ltr'><strong>Hsec</strong></span> <span class='ocrx_word' id='word_1_376' title='bbox 1155 5059 1272 5112; x_wconf 87' lang='lat' dir='ltr'><strong>scutum</strong></span> <span class='ocrx_word' id='word_1_377' title='bbox 1288 5055 1392 5126; x_wconf 77' lang='lat' dir='ltr'><strong>patriae</strong></span> <span class='ocrx_word' id='word_1_378' title='bbox 1407 5054 1470 5122; x_wconf 90' lang='lat' dir='ltr'><strong>fuit,</strong></span> <span class='ocrx_word' id='word_1_379' title='bbox 1487 5052 1552 5106; x_wconf 80' lang='lat' dir='ltr'><strong>haec</strong></span> <span class='ocrx_word' id='word_1_380' title='bbox 1567 5053 1694 5136; x_wconf 82' lang='lat' dir='ltr'><strong>munitio</strong></span> <span class='ocrx_word' id='word_1_381' title='bbox 1711 5053 1850 5113; x_wconf 84' lang='lat' dir='ltr'><strong>marchae,</strong></span> 
     </span>
     <span class='ocr_line' id='line_1_39' title="bbox 187 5140 1708 5227; baseline -0.012 -12"><span class='ocrx_word' id='word_1_382' title='bbox 187 5160 258 5216; x_wconf 88' lang='lat' dir='ltr'><strong>Haec</strong></span> <span class='ocrx_word' id='word_1_383' title='bbox 273 5162 350 5216; x_wconf 89' lang='lat' dir='ltr'><strong>inter</strong></span> <span class='ocrx_word' id='word_1_384' title='bbox 365 5160 502 5215; x_wconf 88' lang='lat' dir='ltr'><strong>celebres</strong></span> <span class='ocrx_word' id='word_1_385' title='bbox 519 5159 633 5211; x_wconf 85' lang='lat' dir='ltr'><strong>famosa</strong></span> <span class='ocrx_word' id='word_1_386' title='bbox 648 5154 745 5227; x_wconf 79' lang='lat' dir='ltr'><strong>magis</strong></span> <span class='ocrx_word' id='word_1_387' title='bbox 759 5153 898 5208; x_wconf 87' lang='lat' dir='ltr'><strong>mulieres</strong></span> <span class='ocrx_word' id='word_1_388' title='bbox 1104 5148 1277 5217; x_wconf 82' lang='lat' dir='ltr'><strong>Vicinisque</strong></span> <span class='ocrx_word' id='word_1_389' title='bbox 1294 5144 1358 5199; x_wconf 90' lang='lat' dir='ltr'><strong>suis</strong></span> <span class='ocrx_word' id='word_1_390' title='bbox 1374 5147 1457 5215; x_wconf 80' lang='lat' dir='ltr'><strong>grata</strong></span> <span class='ocrx_word' id='word_1_391' title='bbox 1472 5141 1521 5196; x_wconf 87' lang='lat' dir='ltr'><strong>vel</strong></span> <span class='ocrx_word' id='word_1_392' title='bbox 1537 5140 1708 5196; x_wconf 76' lang='lat' dir='ltr'><strong>horribilis,</strong></span> 
     </span>
    </p>

    <p class='ocr_par' dir='ltr' id='par_1_21' title="bbox 188 5230 1863 5408">
     <span class='ocr_line' id='line_1_40' title="bbox 222 5230 1863 5308; baseline -0.012 -6"><span class='ocrx_word' id='word_1_393' title='bbox 222 5248 335 5304; x_wconf 87' lang='lat' dir='ltr'><strong>Claruit</strong></span> <span class='ocrx_word' id='word_1_394' title='bbox 349 5250 379 5304; x_wconf 92' lang='lat' dir='ltr'><strong>in</strong></span> <span class='ocrx_word' id='word_1_395' title='bbox 393 5249 452 5304; x_wconf 88' lang='lat' dir='ltr'><strong>lato</strong></span> <span class='ocrx_word' id='word_1_396' title='bbox 464 5248 536 5303; x_wconf 90' lang='lat' dir='ltr'><strong>orbe</strong></span> <span class='ocrx_word' id='word_1_397' title='bbox 552 5246 601 5301; x_wconf 93' lang='lat' dir='ltr'><strong>sui</strong></span> <span class='ocrx_word' id='word_1_398' title='bbox 615 5244 730 5300; x_wconf 89' lang='lat' dir='ltr'><strong>merito.</strong></span> <span class='ocrx_word' id='word_1_399' title='bbox 1067 5239 1125 5294; x_wconf 88' lang='lat' dir='ltr'><strong>Sed</strong></span> <span class='ocrx_word' id='word_1_400' title='bbox 1141 5237 1210 5308; x_wconf 90' lang='lat' dir='ltr'><strong>quia</strong></span> <span class='ocrx_word' id='word_1_401' title='bbox 1224 5234 1365 5289; x_wconf 81' lang='lat' dir='ltr'><strong>mortales</strong></span> <span class='ocrx_word' id='word_1_402' title='bbox 1381 5248 1440 5288; x_wconf 94' lang='lat' dir='ltr'><strong>non</strong></span> <span class='ocrx_word' id='word_1_403' title='bbox 1455 5230 1551 5286; x_wconf 86' lang='lat' dir='ltr'><strong>omnia</strong></span> <span class='ocrx_word' id='word_1_404' title='bbox 1574 5245 1744 5300; x_wconf 88' lang='lat' dir='ltr'><strong>possumus</strong></span> <span class='ocrx_word' id='word_1_405' title='bbox 1758 5245 1863 5293; x_wconf 89' lang='lat' dir='ltr'><strong>omues,</strong></span> 
     </span>
     <span class='ocr_line' id='line_1_41' title="bbox 188 5320 1768 5408; baseline -0.011 -14"><span class='ocrx_word' id='word_1_406' title='bbox 188 5339 294 5394; x_wconf 79' lang='lat' dir='ltr'><strong>Acrior</strong></span> <span class='ocrx_word' id='word_1_407' title='bbox 308 5339 438 5408; x_wconf 84' lang='lat' dir='ltr'><strong>ingenio,</strong></span> <span class='ocrx_word' id='word_1_408' title='bbox 451 5353 545 5393; x_wconf 88' lang='lat' dir='ltr'><strong>sensu</strong></span> <span class='ocrx_word' id='word_1_409' title='bbox 560 5335 644 5407; x_wconf 79' lang='lat' dir='ltr'><strong>vigil,</strong></span> <span class='ocrx_word' id='word_1_410' title='bbox 665 5334 791 5405; x_wconf 80' lang='lat' dir='ltr'><strong>impigra</strong></span> <span class='ocrx_word' id='word_1_411' title='bbox 806 5331 892 5400; x_wconf 87' lang='lat' dir='ltr'><strong>facto,</strong></span> <span class='ocrx_word' id='word_1_412' title='bbox 1104 5327 1176 5381; x_wconf 86' lang='lat' dir='ltr'><strong>llaec</strong></span> <span class='ocrx_word' id='word_1_413' title='bbox 1188 5325 1275 5395; x_wconf 89' lang='lat' dir='ltr'><strong>periit</strong></span> <span class='ocrx_word' id='word_1_414' title='bbox 1289 5322 1397 5395; x_wconf 82' lang='lat' dir='ltr'><strong>gladio,</strong></span> <span class='ocrx_word' id='word_1_415' title='bbox 1415 5323 1501 5377; x_wconf 89' lang='lat' dir='ltr'><strong>nocte</strong></span> <span class='ocrx_word' id='word_1_416' title='bbox 1512 5323 1670 5390; x_wconf 87' lang='lat' dir='ltr'><strong>perempta</strong></span> <span class='ocrx_word' id='word_1_417' title='bbox 1685 5320 1768 5376; x_wconf 91' lang='lat' dir='ltr'><strong>dolo.</strong></span> 
     </span>
    </p>

    <p class='ocr_par' dir='ltr' id='par_1_22' title="bbox 188 5408 1852 5588">
     <span class='ocr_line' id='line_1_42' title="bbox 224 5408 1851 5496; baseline -0.011 -16"><span class='ocrx_word' id='word_1_418' title='bbox 224 5423 313 5479; x_wconf 87' lang='lat' dir='ltr'><strong>Utilis</strong></span> <span class='ocrx_word' id='word_1_419' title='bbox 329 5424 457 5496; x_wconf 80' lang='lat' dir='ltr'><strong>eloquio,</strong></span> <span class='ocrx_word' id='word_1_420' title='bbox 475 5426 599 5496; x_wconf 73' lang='lat' dir='ltr'><strong>provida</strong></span> <span class='ocrx_word' id='word_1_421' title='bbox 614 5425 751 5480; x_wconf 90' lang='lat' dir='ltr'><strong>consilio.</strong></span> <span class='ocrx_word' id='word_1_422' title='bbox 1068 5416 1104 5470; x_wconf 85' lang='lat' dir='ltr'><strong>Et</strong></span> <span class='ocrx_word' id='word_1_423' title='bbox 1118 5416 1186 5487; x_wconf 87' lang='lat' dir='ltr'><strong>quia</strong></span> <span class='ocrx_word' id='word_1_424' title='bbox 1201 5429 1279 5469; x_wconf 90' lang='lat' dir='ltr'><strong>nunc</strong></span> <span class='ocrx_word' id='word_1_425' title='bbox 1292 5428 1367 5482; x_wconf 90' lang='lat' dir='ltr'><strong>opus</strong></span> <span class='ocrx_word' id='word_1_426' title='bbox 1380 5415 1426 5466; x_wconf 88' lang='lat' dir='ltr'><strong>est</strong></span> <span class='ocrx_word' id='word_1_427' title='bbox 1440 5409 1587 5465; x_wconf 85' lang='lat' dir='ltr'><strong>defunctae</strong></span> <span class='ocrx_word' id='word_1_428' title='bbox 1604 5408 1686 5464; x_wconf 88' lang='lat' dir='ltr'><strong>ferre</strong></span> <span class='ocrx_word' id='word_1_429' title='bbox 1700 5409 1851 5481; x_wconf 71' lang='lat' dir='ltr'><strong>,iuvamem</strong></span> 
     </span>
     <span class='ocr_line' id='line_1_43' title="bbox 188 5497 1852 5588; baseline -0.013 -17"><span class='ocrx_word' id='word_1_430' title='bbox 188 5513 286 5573; x_wconf 83' lang='lat' dir='ltr'><strong>Exilis</strong></span> <span class='ocrx_word' id='word_1_431' title='bbox 303 5513 407 5585; x_wconf 90' lang='lat' dir='ltr'><strong>forma,</strong></span> <span class='ocrx_word' id='word_1_432' title='bbox 433 5515 485 5569; x_wconf 89' lang='lat' dir='ltr'><strong>sed</strong></span> <span class='ocrx_word' id='word_1_433' title='bbox 499 5516 621 5588; x_wconf 77' lang='lat' dir='ltr'><strong>grandis</strong></span> <span class='ocrx_word' id='word_1_434' title='bbox 630 5529 756 5586; x_wconf 81' lang='lat' dir='ltr'><strong>prorsus</strong></span> <span class='ocrx_word' id='word_1_435' title='bbox 776 5513 928 5579; x_wconf 89' lang='lat' dir='ltr'><strong>honestas,</strong></span> <span class='ocrx_word' id='word_1_436' title='bbox 1104 5504 1247 5576; x_wconf 87' lang='lat' dir='ltr'><strong>Quisquis</strong></span> <span class='ocrx_word' id='word_1_437' title='bbox 1268 5502 1383 5556; x_wconf 87' lang='lat' dir='ltr'><strong>amicus</strong></span> <span class='ocrx_word' id='word_1_438' title='bbox 1407 5499 1492 5555; x_wconf 89' lang='lat' dir='ltr'><strong>adest</strong></span> <span class='ocrx_word' id='word_1_439' title='bbox 1511 5497 1723 5555; x_wconf 85' lang='lat' dir='ltr'><strong>subveniendo</strong></span> <span class='ocrx_word' id='word_1_440' title='bbox 1741 5498 1852 5571; x_wconf 87' lang='lat' dir='ltr'><strong>probet.</strong></span> 
     </span>
    </p>
   </div>
   <div class='ocr_carea' id='block_1_16' title="bbox 893 5701 1211 5752">
    <p class='ocr_par' dir='ltr' id='par_1_23' title="bbox 893 5701 1211 5752">
     <span class='ocr_line' id='line_1_44' title="bbox 893 5701 1211 5752; baseline -0.009 -12"><span class='ocrx_word' id='word_1_441' title='bbox 893 5701 1211 5752; x_wconf 56' lang='lat'><strong>-43830—</strong></span> 
     </span>
    </p>
   </div>
   <div class='ocr_carea' id='block_1_17' title="bbox 0 0 1996 6112">
    <p class='ocr_par' dir='ltr' id='par_1_24' title="bbox 0 0 1996 6112">
     <span class='ocr_line' id='line_1_45' title="bbox 0 0 1996 6112; baseline 0 0"><span class='ocrx_word' id='word_1_442' title='bbox 0 0 1996 6112; x_wconf 95' lang='lat' dir='ltr'><strong> </strong></span> 
     </span>
    </p>
   </div>
  </div>
 </body>
</html>
