3900 6112
98 241 162 305 193

503 239 807 323 CONTINUATIO.
825 273 864 288 -
882 240 1017 305 CES'l'h
1034 242 1225 315 canaam
1237 243 1266 305 11
1278 243 1412 308 Erlsc.

1761 250 1820 320 lea

97 448 148 498 tur
161 443 248 513 (166);
258 442 544 499 rerumabundantia
560 441 646 496 eitius
658 440 844 510 reformatur,
856 440 935 511 quod
947 421 978 486 Α
990 442 1134 498 66611661.
1146 443 1227 515 Ergo
1243 443 1399 501 Wibertus
1413 446 1463 501 ille
1471 448 1673 520 perjudicium
1689 452 1725 506 ad
1736 454 1818 524 stipi-

98 534 196 602 isopia
213 533 396 589 retrohabita
410 537 470 588 1616
486 533 683 588 obliviscitur.
988 535 1045 584 tem
1056 531 1172 602 ligatur,
1186 533 1300 588 duabus
1317 534 1412 604 virgis
1424 536 1578 592 crudeliter
1596 539 1775 612 flagellatur,
1788 546 1819 596 et

133 623 161 675 1.
180 622 212 674 16
227 620 408 692 plenitudine
423 639 495 694 ergo
510 622 593 692 pacis
605 620 741 692 etgaudii
752 621 833 674 clere
845 625 873 674 61
883 636 933 690 66·
986 622 1082 673 tamen
1097 619 1186 673 nichil
1208 620 1333 690 amplius
1349 623 1514 678 666116166.
1539 626 1635 690 Quare
1651 630 1818 686 servientes

95 710 168 779 pulo
179 711 297 765 1616661
313 710 506 781 forisposito,
523 710 654 764 decrevit
670 710 830 779 opiscopus
843 710 932 779 impe·
987 708 1119 779 episcopi
1133 708 1231 777 ipsum
1242 710 1352 764 nudum
1367 711 1466 782 ligatis
1478 715 1614 768 manibus
1625 721 1819 790 posttergum

94 805 229 854 retorem
254 800 345 867 adire,
374 800 410 854 16
435 815 492 870 666
522 800 587 868 1666
611 800 755 853 honorem
779 801 933 868 receperat
986 811 1039 864 per
1053 797 1179 850 mediam
1194 799 1341 852 civitatem
1357 800 1435 855 61661
1450 801 1640 872 proditorem,
1657 808 1741 859 extra
1755 823 1818 863 mu·

96 892 214 942 sanctae
223 887 450 942 Cameracensis
460 887 607 942 ecclesiae.
618 886 674 941 Sed
684 903 742 941 666
758 886 824 958 loge
836 886 932 940 adhuc
986 899 1037 937 ros
1047 884 1203 954 duxerunt,
1214 887 1344 958 linguam
1353 888 1543 944 abscidentes
1555 890 1816 961 oculeseruerunt;

95 977 224 1031 multem
236 979 412 1045 recesserat,
428 992 495 1031 cum
511 976 593 1030 cives
608 975 759 1031 Cameraci
775 976 931 1029 66616666-
985 973 1148 1029 novissimo
1164 975 1406 1030 161661661666661
1414 979 1757 1049 parentespudibundiet
1768 983 1818 1038 do·

96 1066 169 1121 sulti
187 1065 436 1135 conspirationem
451 1064 541 1119 multo
556 1068 688 1134 tompore
704 1068 888 1118 susurratam
903 1065 931 1117 et
984 1060 1079 1115 lentes
1089 1063 1818 1136 secusviampublicamsepelierunt.lnhomicidio

94 1154 146 1206 diu
158 1153 752 1224 desideratamjuraveruntcommuniam.
768 1153 850 1206 Adeo
862 1153 931 1206 sunt
985 1148 1091 1219 itaque,
1108 1151 1230 1221 666111
1244 1168 1298 1221 666
1313 1155 1419 1208 virtute
1429 1155 1554 1209 1666616
1564 1156 1707 1229 justiciae,
1724 1146 1818 1214 testa-

94 1244 175 1296 inter
197 1258 232 1297 66
253 1247 439 1297 sacramento
462 1242 622 1313 conjuncti,
648 1241 726 1312 quod
743 1240 798 1295 nisi
825 1241 931 1294 lectam
982 1240 1030 1290 tur
1043 1238 1230 1309 Augustinus
1241 1240 1413 1311 episcopum
1428 1258 1486 1297 non
1500 1257 1644 1313 peccasse
1657 1261 1664 1315 3
1676 1246 1815 1303 aitenim:

93 1332 275 1386 concederet
286 1331 531 1402 conjurationem,
543 1331 725 1402 denegarent
740 1329 872 1383 universi
884 1328 930 1381 in·
984 1323 1128 1381 Occidere
1143 1327 1289 1383 bominem
1305 1346 1360 1385 non
1388 1346 1508 1401 semper
1536 1337 1582 1387 est
1611 1335 1814 1408 criminosum,

93 1421 217 1474 troitum
230 1418 382 1475 Cameraei
397 1435 557 1474 reversuro
572 1419 713 1489 66611161.
734 1418 817 1483 Quod
833 1422 860 1471 et
888 1417 930 1471 la·
982 1413 1037 1466 sed
1051 1415 1163 1470 malitia
1179 1424 1280 1472 61666
1308 1418 1426 1491 1661166
1441 1421 1579 1476 66611666
1599 1428 1645 1477 661
1671 1424 1815 1482 crimino·

93 1511 244 1562 61666661.
256 1507 424 1578 Episcopus
440 1509 517 1563 enim
533 1506 930 1578 6116666611611166166661·
983 1515 1056 1555 sum.

92 1601 193 1665 turus,
210 1596 303 1652 asuis
317 1597 455 1651 fidelibus
470 1597 590 1666 audivit,
608 1596 686 1667 qued
702 1594 928 1665 1666661161661·
1021 1595 1047 1650 1.
1061 1594 1166 1651 Sedete
1195 1596 1430 1667 igiturpredicte
1460 1597 1568 1652 civium
1599 1599 1815 1673 conjuratione,

91 1687 163 1740 tatis
191 1686 338 1756 populus;
368 1687 525 1756 statimqne
551 1689 705 1739 revertens
738 1687 825 1754 atque
855 1669 1668 1756 666631666161116666616611616666666,6666111616
1689 1690 1816 1762 Hugone

92 1774 387 1829 bominesadversus
397 1775 529 1829 totcives
544 1775 648 1828 videns
663 1790 785 1828 numero
797 1788 865 1827 esee
880 1773 930 1827 im·
983 1775 1142 1829 castellano
1154 1776 1294 1828 renovata
1307 1776 1353 1827 est
1368 1774 1477 1827 malitia
1488 1774 1523 1828 da
1539 1776 1720 1847 castellania,
1728 1794 1817 1848 quam

93 1856 184 1932 pares
199 1866 229 1917 et
243 1863 353 1917 virtute
367 1862 535 1932 1616616666,
559 1863 672 1932 6666611
686 1878 787 1917 secum
804 1864 929 1916 amicum
983 1864 1057 1918 infra
1069 1863 1260 1917 Camaracum
1274 1863 1434 1917 retinuerat
1444 1864 1603 1934 opiscopus
1614 1866 1643 1919 16
1655 1881 1814 1924 manusua.

95 1967 195 2022 snum,
213 1951 330 2006 66111661
342 1951 518 2007 Balduinum
535 1951 718 2006 llontensem
731 1951 875 2016 comitem,
894 1950 929 2005 ad
983 1953 1065 2006 Bona
1090 1967 1206 2022 nanque
1225 1951 1358 2021 episcopi
1378 1951 1456 2022 apud
1467 1952 1640 2007 Atrebatum
1659 1957 1716 2007 tam
1737 1956 1817 2011 circa

95 2040 256 2094 arcendam
272 2040 381 2095 civium
396 2040 566 2110 superbiam
575 2042 604 2094 61
614 2039 650 2093 ad
666 2040 930 2094 delendameorum
984 2055 1071 2110 quam
1087 2040 1173 2109 intra,
1191 2042 1219 2094 et
1233 2039 1310 2108 apud
1325 2039 1517 2094 llariolumet
1528 2041 1696 2112 ubicunque
1710 2044 1814 2116 potuit,

95 2126 251 2196 protanam
267 2129 475 2183 communiam.
491 2126 544 2182 Cui
556 2129 690 2182 6666166
701 2127 802 2181 militia
815 2128 929 2182 comitis

95 2217 291 2271 Camaracum
319 2217 428 2272 intrare
455 2216 575 2284 volenti,
591 2218 718 2287 populus
742 2215 929 2286 conspiratus

97 2304 784 2376 contradixitingredi.Veruntamenepiscopus
795 2304 929 2358 stultitia

95 2393 192 2463 plebis
204 2392 750 2466 6666661666611666661666616161εοί,
761 2391 928 2462 optulitillis

94 2481 183 2534 fidem
199 2482 310 2550 lacere,
327 2481 406 2552 quod
422 2482 451 2535 16
467 2482 612 2537 66616666
624 2483 760 2536 tractaret
772 2479 928 2551 aliqnando

93 2570 224 2623 1616616
254 2575 356 2625 666166
384 2585 451 2624 eum
476 2571 704 2640 conspiratione.
732 2569 803 2622 Data
832 2569 928 2638 itaque

94 2657 301 2726 fidutia,eives
315 2659 434 2713 domum
446 2658 496 2713 leti
508 2659 708 2726 reversisunt,
725 2658 810 2727 quasi
826 2657 928 2712 sedata

93 2749 121 2799 et
135 2745 228 2800 oblita
243 2761 347 2800 eorum
363 2745 482 2816 injuria.
498 2745 557 2801 Sed
572 2747 637 2800 suis
653 2746 781 2800 sortasse
797 2745 927 2815 66666116
941 2747 943 2752 ’

91 2833 296 2905 exigentibus,
312 2835 408 2888 inscio
419 2834 549 2903 presule,
570 2835 687 2889 sublato
698 2834 740 2888 rei
756 2839 884 2902 auctore,
910 2849 926 2886 a

986 2128 1082 2182 omnia
1097 2128 1269 2199 dissipavit,
1294 2128 1371 2183 bona
1386 2129 1472 2182 etiam
1486 2129 1688 2184 ecclesiarum
1716 2131 1815 2187 Came·

985 2216 1816 2290 rocensiumubiquedepopulataeombussitetoonsump·

986 2305 1032 2358 sit.
1051 2304 1179 2359 Extensa
1203 2305 1293 2377 igitur
1306 2320 1359 2374 per
1383 2320 1476 2360 aenos
1494 2306 1637 2374 plurimos
1663 2308 1815 2363 castellani

984 2394 1337 2463 perseeutioetterrarum
1356 2394 1494 2448 continua
1511 2396 1636 2449 vastatio
1646 2395 1816 2451 indesinen-

984 2486 1030 2536 ter
1053 2482 1200 2552 compellit
1226 2481 1357 2536 rusticos
1380 2480 1467 2534 villas
1490 2481 1645 2552 dimittere,
1664 2482 1815 2554 rebusque

984 2570 1090 2624 ablatis
1106 2586 1200 2642 vagos
1211 2575 1240 2624 et
1250 2570 1352 2625 exules
1364 2585 1417 2639 per
1427 2569 1521 2624 aliena
1532 2571 1709 2626 mendicare.
1721 2570 1815 2642 Cujus

985 2660 1093 2713 malum
1109 2659 1292 2712 intolerabile
1308 2659 1428 2729 6661666
1454 2658 1613 2728 episcopus
1630 2674 1689 2713 non
1711 2661 1815 2715 valens

986 2748 1120 2817 tolerare,
1132 2746 1263 2801 secundo
1273 2747 1614 2801 llobertoFlandriarum
1631 2748 1729 2802 comiti
1744 2764 1818 2805 mar

986 2851 1037 2889 cas
1051 2835 1167 2907 argenti
1182 2836 1324 2890 16666166
1341 2835 1452 2904 tribuit,
1464 2829 1585 2906 6666166
1595 2836 1745 2890 miseriam
1756 2837 1816 2891 iao·

91 2921 239 2976 militibus
249 2922 720 2993 pecuniamciviumsuperborum
732 2922 926 2991 raperodesi-
947 2922 1055 2993 epum
1077 2927 1105 2978 61
1121 2924 1260 2995 gemitum
1285 2939 1457 2994 pauperum,
1475 2925 1601 2977 utillum
1619 2924 1775 2995 Hagonem
1798 2941 1815 2979 a

89 3009 268 3065 derantibus
278 3011 308 3064 16
323 3011 387 3065 suis
402 3011 539 3065 domibus
548 3010 646 3065 subito
662 3010 848 3078 invaduntur,
857 3014 884 3064 ct
896 3014 927 3064 ut
986 3012 1156 3067 castellania
1170 3010 1519 3079 omninoexbereditaret,
1532 3016 1587 3066 eta
1599 3011 1816 3067 1616666666-

86 3098 927 3170 quisquisebviuslnitinimicoinimieus,autvulneratur
983 3101 1163 3168 racensium,
1180 3099 1268 3155 immo
1283 3099 1496 3168 Flandriarum,
1521 3099 1624 3170 procul
1644 3099 1813 3170 expelleret.

87 3190 140 3240 aut
148 3186 336 3242 interficitur.
348 3186 397 3242 Sic
409 3203 481 3242 casu
491 3188 643 3262 repentine
660 3188 742 3242 61666
757 3187 880 3256 attoniti,
896 3187 926 3241 in
983 3186 1058 3252 Quid
1074 3188 1168 3242 dicam
1184 3187 1280 3242 ultra?
1296 3187 1405 3242 lactum
1427 3173 1546 3254 661’116;
1562 3187 1694 3259 iugatum
1710 3187 1815 3259 Hugo-

88 3273 926 3347 aecclesiamsanetiGangorieicouiugiuntuniversi,sed
984 3291 1050 3331 nem
1066 3277 1177 3347 recepit
1192 3276 1308 3348 anglia.
1334 3275 1379 3329 lbi
1397 3274 1527 3343 exilium,
1544 3274 1585 3329 ibi
1603 3279 1813 3348 paupertatem,

85 3364 124 3417 ad
143 3363 283 3418 ultimum
301 3363 419 3428 devicti,
437 3364 512 3418 ultro
529 3363 558 3418 16
574 3364 707 3434 66611666
727 3363 929 3419 deliberantur
981 3364 1023 3419 ibi
1037 3366 1125 3419 multa
1139 3364 1280 3419 sustinuit
1296 3365 1453 3418 contraria.
1471 3363 1627 3434 Nunquam
1643 3363 1702 3417 sibi
1717 3364 1815 3434 adpa-

84 3451 241 3523 episcopi.
257 3450 431 3521 Expoliatur
445 3453 543 3522 itaque
558 3452 673 3522 civitas,
691 3452 774 3507 cives
792 3453 928 3507 amittunt

86 3540 254 3611 66666166,
285 3539 428 3594 ultionem
451 3540 559 3609 pntitnr
584 3539 735 3610 iniquitas,
760 3539 929 3594 destituitur

82 3631 150 3681 tote
169 3627 344 3698 coniuratio,
370 3627 446 3682 16616
464 3627 570 3682 iterum
590 3627 715 3682 fidelitas
735 3627 853 3697 juratur
866 3627 927 3697 epi-

85 3731 200 3786 scopo.
689 3704 693 3711 ⁸

119 3813 154 3866 3.
182 3813 256 3867 Post
279 3812 353 3867 banc
377 3810 598 3868 exterminatam
621 3813 827 3883 communiam,
858 3830 926 3870 mox

82 3900 266 3955 machinata
285 3905 330 3956 est
345 3902 470 3973 quedam
492 3902 633 3972 iniquitas
652 3901 799 3956 adversus
814 3903 927 3973 666111·

78 4006 170 4057 cem,
187 4006 254 4061 6666
265 3990 377 4059 perllei
383 3989 596 4058 providentiam
607 4005 665 4044 non
683 3990 784 4046 hahuit
796 3992 925 4046 radicem

77 4094 146 4135 nec
160 4078 244 4132 venit
257 4077 293 4131 ad
304 4077 525 4148 perlectionem.
537 4078 661 4142 Quidam
676 4079 751 4133 civis
767 4080 925 4135 venerabi-

984 3454 1068 3508 triam
1084 3453 1251 3508 revertendi
1267 3454 1399 3507 occurrit
1414 3452 1542 3519 animus,
1552 3451 1681 3522 quandiu
1691 3452 1815 3523 virpro-

984 3543 1071 3597 vidus
1083 3543 1210 3597 domnus
1224 3540 1375 3596 Gerardus
1390 3540 1463 3595 vixit
1474 3541 1643 3611 episcopus.

1018 3633 1045 3686 5.
1062 3632 1137 3686 Dum
1148 3646 1218 3687 vero
1234 3630 1348 3685 videret
1367 3629 1573 3700 episcopusin
1590 3628 1689 3684 futuro
1712 3628 1814 3698 provi-

983 3720 1186 3791 dentissimus,
1212 3718 1290 3790 quod
1318 3721 1405 3774 terrae
1430 3734 1493 3773 suae
1503 3717 1539 3773 16
1553 3717 1672 3771 inimico
1688 3717 1814 3789 lingone

981 3824 1084 3879 pacem
1100 3812 1290 3863 concesserat
1305 3808 1396 3878 Deus,
1406 3807 1574 3876 intempore
1581 3806 1662 3877 pacis
1671 3805 1815 3861 laboravit

982 3898 1096 3966 lieri,ut
1104 3897 1130 3951 si
1147 3897 1303 3968 aliquando
1314 3897 1361 3950 vel
1377 3894 1425 3950 ille
1437 3895 1525 3966 llugo
1540 3896 1587 3949 vel
1602 3894 1650 3948 alii
1664 3898 1765 3950 eontra
1780 3909 1814 3950 se

983 3986 1290 4058 exurgerentinimici,
1300 3984 1583 4040 salteminurbetam
1595 3984 1659 4054 ipse
1668 3999 1756 4054 quam
1767 3984 1814 4038 sui

983 4078 1085 4130 centra
1092 4075 1195 4129 hostes
1213 4074 1376 4129 existerent
1387 4075 1480 4128 166166
1488 4077 1517 4128 61
1528 4073 1638 4128 securi.
1649 4072 1726 4127 Ecce
1736 4073 1814 4128 bona

78 4168 138 4235 lis,
161 4165 281 4221 nomine
296 4165 451 4220 Wibertus
473 4169 501 4220 et
519 4170 664 4221 mercator
678 4182 731 4237 per
746 4168 853 4223 multas
868 4166 966 4229 ter-D
982 4163 1125 4233 provisio,
1142 4178 1212 4218 eece
1225 4165 1345 4232 paterna
1361 4161 1539 4230 sollicitudo,
1556 4175 1625 4215 6666
1644 4175 1720 4230 6666
1740 4160 1814 4230 6611-

77 4272 139 4310 666
152 4254 305 4326 cognitus,
315 4255 346 4309 in
353 4252 465 4324 6661616
475 4254 641 4309 communia
651 4256 797 4325 quendam
808 4257 926 4312 tratrem

77 4357 182 4399 suum
197 4329 378 4411 Fulbertum,
388 4343 540 4398 concivem
550 4345 578 4398 et
586 4350 847 4400 commercatorem
857 4363 926 4416 pru·

78 4431 312 4500 dentissimum,
326 4431 526 4486 interoccises
541 4431 729 4488 interfectum
744 4434 924 4503 perdiderat.

84 4518 183 4576 L‘ndc
199 4519 271 4572 iram
288 4520 453 4574 continuam
468 4523 497 4574 61
510 4521 630 4575 mortale
645 4521 743 4576 odium
758 4538 850 4593 super
864 4523 926 4593 epi-

83 4622 224 4676 scopum
240 4609 351 4662 occulte
372 4608 493 4663 larebat.
515 4608 865 4680 Quapropterpactionom
881 4612 928 4665 ba-

79 4698 155 4750 buit
170 4710 240 4749 cam
260 4696 385 4750 inimicis
395 4696 543 4766 episcopi,
560 4697 638 4767 qued
653 4698 697 4752 eis
712 4699 841 4753 traderet
857 4700 926 4753 civi-

85 4789 186 4839 tatem
204 4782 363 4838 Cameraci.
380 4783 437 4838 Sed
452 4785 602 4854 quomedo
626 4786 783 4841 666111116
800 4788 927 4858 cogitata

84 4871 271 4943 proditione,
288 4887 347 4926 666
361 4872 458 4927 solum
473 4872 675 4944 presentibus,
689 4874 744 4929 sed
759 4876 846 4929 etiam
862 4890 926 4944 pes·

83 4961 165 5015 teris
173 4959 242 5014 volo
253 4960 435 5032 significare.
448 4960 528 5015 Idem
536 4961 613 5016 enim
622 4962 780 5018 Wibertus
792 4964 870 5018 illam
878 4965 925 5018 16-

87 5049 116 5102 ri
132 5048 308 5118 dispositam
322 5047 481 5104 confessus
496 5054 543 5104 est
556 5051 698 5123 episcopo
717 5052 924 5122 proditionem,

90 5137 130 5189 ab
147 5151 182 5190 66
197 5132 305 5207 661666
320 5151 379 5191 666
394 5138 598 5208 machinatam,
616 5139 669 5194 sed
679 5155 807 5210 pereum
818 5141 880 5194 1661
889 5143 924 5196 ab

982 4268 1062 4306 mum
1074 4251 1190 4307 civibus
1201 4254 1229 4307 et
1242 4251 1364 4305 rusticis
1373 4249 1458 4304 valde
1472 4248 1687 4315 necessarium,
1698 4247 1813 4302 scilicet

980 4355 1139 4411 preparare
1154 4342 1183 4394 61
1198 4338 1323 4393 fideliter
1338 4337 1464 4408 operari,
1490 4341 1521 4390 ut
1540 4336 1646 4392 domus
1663 4351 1726 4389 sure
1744 4350 1813 4390 cor-

981 4444 1052 4499 pora
1076 4432 1103 4484 et
1120 4428 1295 4483 substantias
1311 4427 1346 4481 ab
1366 4425 1587 4496 impugnatione
1607 4424 1707 4479 hostili
1736 4422 1813 4479 16166

981 4518 1084 4572 urbem
1100 4517 1353 4588 66661611616611.
1372 4515 1456 4570 Unde
1472 4515 1585 4570 eisdem
1600 4514 1716 4569 civibus
1731 4511 1813 4567 nuxi-

980 4607 1131 4676 linntibuS,
1157 4608 1246 4661 totam
1261 4606 1291 4659 in
1306 4605 1431 4660 circuitu
1447 4604 1605 4672 civitatem,
1619 4603 1695 4658 valle
1710 4602 1811 4673 ligneo

980 4695 1063 4764 prius
1094 4695 1297 4765 compositam,
1314 4695 1378 4764 ipse
1399 4694 1559 4763 episcopus
1583 4691 1706 4746 munivit
1728 4703 1812 4744 muro

980 4782 1094 4854 lapidee
1114 4783 1230 4851 lortius,
1249 4782 1371 4846 fossatis
1389 4782 1527 4837 relevatis
1544 4783 1572 4835 et
1586 4779 1721 4850 plurimis
1737 4778 1813 4832 inter

981 4887 1096 4926 murum
1112 4865 1292 4926 coedificatis
1308 4871 1449 4926 turribus.
1466 4868 1624 4923 Castellum
1638 4867 1724 4920 etiam
1737 4865 1813 4921 16166

981 4961 1137 5028 civitatem,
1146 4961 1176 5014 in
1187 4976 1245 5031 quo
1256 4962 1339 5014 arant
1349 4962 1377 5014 et
1395 4959 1533 5012 66616616
1547 4955 1641 5010 beatae
1656 4954 1811 5028 genitricis

980 5050 1032 5105 Dei
1047 5052 1075 5104 61
1089 5050 1245 5104 cenobium
1260 5048 1355 5103 sancti
1370 5045 1514 5113 hutberti,
1531 5060 1615 5099 muro
1626 5043 1809 5099 excelsosrr·
1903 5106 1908 5116 .

979 5139 1078 5208 mavit,
1095 5137 1209 5193 1666616
1228 5138 1358 5191 66166616
1373 5136 1430 5190 alto
1448 5137 1475 5187 61
1483 5134 1617 5189 terribili.

92 5224 224 5278 inimicis
239 5225 372 5296 episcopi
384 5225 573 5281 sibilatenter
586 5228 742 5298 quesitam.
759 5227 840 5293 Ques
857 5229 925 5300 quia
1014 5227 1041 5293 6,
1057 5227 1169 5282 1616616
1185 5226 1313 5297 igiturin
1327 5224 1414 5280 bonis
1425 5223 1541 5280 actibus
1552 5224 1705 5294 episeopo,
1717 5221 1811 5295 gratia

91 5311 187 5367 noluit
200 5313 353 5368 nominare
367 5314 507 5384 66611161,
522 5314 685 5386 judicatum
701 5320 746 5370 est
761 5317 844 5372 illum
860 5322 921 5373 tan·
980 5317 1033 5370 Dei
1049 5315 1117 5371 16611
1133 5319 1202 5371 6661
1217 5313 1357 5369 66666661
1370 5312 1479 5367 milites
1495 5313 1552 5367 duo
1568 5312 1598 5367 id
1607 5316 1738 5383 tempore
1749 5312 1810 5383 illo,

94 5400 268 5457 diudebere
282 5401 382 5474 plecti,
398 5402 492 5459 donec
518 5403 684 5474 proditores
712 5405 781 5460 illos
802 5410 925 5478 cogatur
980 5406 1133 5462 Walterus
1158 5418 1230 5459 vero
1259 5417 1337 5460 unus
1362 5401 1478 5476 dieitur,
1508 5402 1624 5459 6161166
1648 5400 1808 5468 Sieherus,

880 5536 1019 5602 NOTAE.

133 5638 208 5717 (too)
223 5641 372 5721 Galtiver,
387 5643 622 5705 6666161161166.
