3900 6112
106 312 166 384 927
588 316 725 380 GESTA
746 319 958 381 DESIDERII
980 316 1166 380 ABBATIS
1189 318 1342 396 casin,

1764 318 1821 386 im

107 533 164 590 qua
175 520 404 575 contradictione
413 521 441 573 in
450 521 584 575 abbatem
594 521 785 592 congregatio
795 521 934 573 universa
949 534 983 611 Aa
992 520 1088 572 ettres
1100 517 1253 573 Desiderio
1263 518 1484 589 eqaoS,quibas
1494 519 1591 574 adbuc
1604 521 1826 593 indigebatdan

107 607 261 678 reciperet.
271 608 450 678 Stephanum
462 609 559 680 itaque
569 610 754 674 cardinalem,
769 615 796 663 et
809 609 935 662 ltainar-
991 608 1072 678 gitas
1083 611 1137 661 est.
1152 607 1202 660 Ita.
1216 608 1276 662 Deo
1287 608 1317 661 in
1327 607 1465 662 omnibus
1479 615 1687 679 prosperante,
1700 612 1766 665 sine
1777 611 1825 664 ali-

107 696 187 764 dum,
199 698 384 766 postmodam
399 698 486 752 Silva.
497 699 635 752 (trandidar
647 700 827 769 episcopam,
838 699 877 751 illi
889 712 937 751 so·
991 712 1048 766 qao
1059 695 1265 765 impedimento
1275 697 1400 765 reversi,
1413 696 1619 767 ipsopeschali
1629 698 1825 769 Sabbetojam

108 783 171 836 cios
185 785 302 838 itineris
317 786 440 855 alorians,
454 792 480 840 et
498 787 525 839 in
537 789 671 857 epistolis
683 804 758 858 ques
770 787 938 856 imperatori
991 784 1170 839 tardiuscule
1185 785 1222 837 ed
1238 784 1384 839 civitatem
1403 784 1502 840 Sancti
1517 785 1660 841 Germani
1676 788 1825 857 applicue-

108 872 264 925 mandabet
279 872 470 928 Cassinensis
487 877 610 930 abbatiae
626 876 707 930 illurn
722 877 849 930 electum
863 888 939 928 rom·
992 876 1067 926 runt.
1087 873 1236 927 Dominica
1258 889 1329 929 vero
1346 875 1440 928 sancti
1457 875 1580 930 Paschae
1595 876 1684 931 valde
1707 876 1825 932 diliculo

108 975 286 1026 memoraba,
302 965 400 1017 emisit
415 980 485 1031 ase,
498 967 674 1035 praeripiens
687 965 844 1034 atexpleta
859 964 940 1034 lega·
992 961 1049 1015 bac
1072 963 1278 1031 ascendentes,
1304 963 1339 1018 de
1364 979 1446 1018 more
1470 966 1643 1020 monasterii
1668 966 1836 1036 capitulum

107 1049 186 1103 tione
201 1053 308 1105 reverti
322 1069 407 1122 qaam
420 1055 618 1122 possetcitins
633 1055 794 1107 festinaret.
813 1052 938 1107 lleside-
992 1051 1116 1104 fratrum
1144 1052 1276 1122 ingressi
1301 1054 1379 1120 sunt,
1404 1053 1636 1122 praesidentibus
1664 1055 1841 1112 Humbcrtm

107 1137 170 1190 rius
187 1139 284 1210 igitar,
301 1141 464 1209 injunctum
482 1144 538 1195 eibi
556 1143 683 1197 etfaciam
700 1143 842 1212 perbreve
858 1145 938 1195 sate·
992 1139 1107 1194 Sanctae
1121 1140 1246 1209 liubase,
1259 1142 1383 1195 etPetro
1395 1142 1614 1196 Tusculaneasi
1625 1144 1849 1214 episeopiset

108 1239 192 1295 gens,
210 1229 372 1296 assumptis
387 1246 512 1300 quaeqae
525 1234 713 1285 assentiente
728 1230 823 1284 itineri
835 1245 939 1283 necee-
991 1226 1139 1298 Stephano
1159 1230 1310 1299 cardinali,
1327 1246 1361 1284 ac
1382 1231 1532 1286 blainerdo
1553 1232 1702 1287 besiderii
1725 1233 1841 1298 sociis,

108 1314 208 1383 sariiS,
220 1315 307 1369 simul
320 1332 385 1370 cam
399 1318 456 1372 sibi
466 1320 579 1372 traditis
592 1321 683 1373 scriis
695 1321 748 1373 iter
760 1334 936 1391 aggressae,
993 1316 1066 1370 Nam
1088 1318 1222 1386 praedicti
1241 1319 1382 1387 episcopi,
1405 1318 1587 1374 Humbertas
1607 1324 1637 1374 et
1658 1321 1776 1387 Petrus,
1796 1336 1840 1387 ut

108 1402 144 1456 ed
167 1406 376 1459 monasterium
402 1410 495 1461 sancti
518 1409 650 1478 loannis,
677 1409 754 1479 qued
777 1409 939 1478 appellatur
992 1404 1248 1476 longejamsupra
1261 1407 1416 1461 retulimus
1428 1407 1492 1477 (lib.
1504 1426 1534 1475 ιι,
1548 1424 1610 1480 eap.
1622 1409 1696 1479 lOl),
1708 1407 1833 1473 aliems

107 1491 138 1545 in
152 1491 288 1562 Veneria,
301 1499 331 1547 at
345 1495 386 1548 ibi
399 1512 477 1550 mare
490 1498 704 1568 ingrederetur,
716 1497 865 1567 protectus
881 1500 937 1550 est.
992 1499 1061 1549 tanc
1085 1494 1182 1547 Mincii
1208 1495 1420 1551 ordinationem
1441 1496 1600 1568 fugientes,
1627 1499 1828 1561 Beneventum

107 1577 179 1634 Cum
194 1584 290 1634 autem
306 1599 359 1652 per
381 1584 445 1638 dies
460 1587 570 1656 aliquot
585 1587 624 1638 ibi
640 1586 751 1640 naso-a
773 1590 938 1640 remoratus
996 1581 1112 1636 Pascha
1128 1582 1305 1636 celebraturi
1320 1584 1492 1655 pergebant;
1509 1585 1573 1653 sed,
1592 1586 1654 1641 Deo
1664 1586 1818 1658 ordinante,

107 1668 224 1739 fuisset,
241 1677 268 1726 et
279 1677 398 1742 propter
412 1675 491 1729 ueris
502 1676 717 1729 inclementiam
730 1692 808 1730 mare
823 1676 940 1747 ingredi
996 1672 1089 1742 gratia
1103 1674 1189 1725 tentae
1205 1671 1373 1727 festivitatis
1388 1689 1403 1726 e
1419 1675 1530 1727 nostris
1545 1675 1700 1744 prioribus
1717 1676 1816 1735 invitati

107 1773 293 1828 nequaquem
303 1767 508 1830 presumeret,
526 1763 679 1832 Sipontum
695 1765 761 1817 inde
774 1764 938 1828 contendit;
996 1764 1082 1829 atque
1106 1760 1210 1814 retenti
1226 1760 1350 1815 luerunt.
1376 1761 1448 1817 Post
1471 1762 1636 1818 solemnem
1660 1765 1755 1834 itaque
1769 1765 1812 1821 diei

108 1845 151 1899 ibi
174 1862 289 1916 navem,
313 1864 369 1917 qaa
388 1851 483 1904 Barim
505 1851 668 1922 navigaret,
692 1853 860 1923 ingressas,
887 1868 940 1922 per
971 1850 1066 1929 i,tanti
1082 1863 1259 1920 sermonem,
1276 1865 1345 1904 mox
1361 1850 1645 1906 Humbertustotius
1661 1852 1739 1906 illias
1754 1854 1808 1908 ordi·

109 1935 460 2008 quemdamepiscopam,
478 1941 685 2009 qaiomtionis
703 1943 794 2011 gratia
812 1920 978 1995 montemH
997 1937 1124 1991 nationis
1153 1938 1259 2007 optime
1293 1939 1444 2009 conscias,
1475 1940 1663 1995 Desideriuru
1696 1941 1804 2012 advocat,

108 2021 277 2094 Garganum
292 2025 413 2092 adierat,
431 2027 572 2082 iratribus
585 2045 617 2084 se
634 2032 832 2084 commendari
848 2046 940 2101 seque
996 2026 1803 2100 eique,qaemedmodamolimfueretapapadisposilan,

109 2128 190 2166 mere
206 2113 377 2184 ingressum
394 2116 451 2169 illis
472 2118 633 2188 significari
656 2120 786 2190 rogavit;
804 2120 857 2173 sed
874 2136 940 2173 eam
997 2115 1192 2169 obedientiam
1206 2115 1331 2169 abbatiae
1347 2117 1478 2186 recipere
1491 2133 1526 2171 ex
1537 2124 1620 2189 parte
1632 2117 1750 2173 fratrum
1760 2135 1802 2172 en-

109 2201 186 2270 apud
204 2201 301 2255 Barim
323 2219 440 2275 qaoque
460 2222 548 2260 eausa
575 2209 756 2277 tempestatis
772 2208 941 2279 aliquandiu
998 2205 1078 2256 nium
1094 2203 1226 2273 imperat·
1239 2203 1326 2258 Nulla
1340 2205 1369 2258 in
1384 2206 1514 2260 medium
1528 2209 1712 2277 moracella
1727 2223 1802 2277 exspe-

110 2290 280 2358 reserasset,
291 2292 379 2346 aliun
390 2295 807 2370 nemnantiamhuedaigere
818 2299 939 2369 studuit,
998 2293 1084 2347 ctatio
1109 2292 1323 2361 responsionis,
1350 2295 1485 2364 protinus
1509 2296 1645 2351 universi
1670 2299 1801 2368 surgente

110 2392 263 2448 perquem
277 2380 413 2436 videlicet
428 2383 622 2455 significando
639 2387 803 2454 mandabat,
820 2389 857 2443 ob
873 2393 942 2442 tem·
998 2381 1133 2435 eumdem
1149 2382 1335 2438 Desiderium
1351 2388 1536 2454 aeceperunt,
1553 2389 1641 2456 atque
1656 2401 1720 2439 eam
1733 2384 1803 2438 maxi·

109 2468 192 2535 poris
206 2468 408 2539 intemperiem
422 2475 562 2543 usquead
580 2477 655 2528 ittam
666 2477 741 2530 diem
756 2477 830 2546 apud
844 2478 941 2531 Barim
997 2470 1198 2526 mislaadibas
1208 2470 1242 2524 ad
1253 2471 1409 2526 ecelesiam
1420 2472 1620 2543 deportantes,
1631 2476 1659 2528 in
1671 2473 1804 2528 sedeillan

110 2556 230 2609 morari.
254 2555 382 2629 Contigit
405 2564 501 2615 autem
529 2563 722 2633 dispositione
751 2567 847 2618 divina
875 2582 941 2636 quae
997 2561 1112 2615 abbatis
1128 2560 1289 2614 honorilice
1305 2559 1487 2631 locaverant,
1509 2564 1670 2630 universis,
1687 2566 1742 2617 tum
1756 2578 1805 2632 pro-

110 2642 192 2698 illum
209 2644 245 2698 ad
262 2646 316 2699 loci
328 2646 418 2718 liujus
429 2651 628 2719 recipiendam
641 2653 782 2708 bonorem
798 2655 941 2708 haetenus
997 2648 1181 2703 solemnitate
1205 2648 1349 2717 paschali,
1365 2654 1426 2704 tam
1442 2667 1494 2721 pro
1514 2651 1611 2720 ipsias
1637 2651 1806 2716 ordinatione,

110 2732 320 2802 retardaverat,
338 2741 368 2788 at
383 2751 418 2789 eo
429 2738 475 2790 dic
487 2754 543 2807 que
561 2739 635 2792 idem
652 2743 773 2794 mintius
784 2743 839 2795 bae
851 2741 941 2811 appli-
998 2737 1471 2807 immensalaetitiaetJocanditate
1485 2738 1708 2810 repletisdnuo
1719 2740 1809 2794 scilieet

111 2820 180 2886 cuit,
198 2836 232 2874 co
247 2837 365 2892 qaoque
390 2824 436 2877 dic
462 2826 567 2880 tratres
582 2829 686 2895 nostri,
713 2830 762 2899 qni
786 2846 852 2883 cam
869 2846 941 2900 papa
999 2827 1160 2882 Dominicae
1176 2826 1390 2882 lnoarnationis
1408 2828 1486 2882 1058.

109 2909 235 2980 proiecti
250 2910 374 2979 fucrant,
392 2913 441 2967 illo
458 2915 534 2983 apud
550 2916 726 2971 Florentiam
741 2919 880 2973 elclnaeio
896 2925 941 2973 et·
1033 2916 1214 2970 Monasterii
1225 2915 1352 2970 oedidcia
1363 2923 1493 2988 reparat.
1507 2947 1541 2957 -
1551 2918 1646 2989 Igitur
1656 2914 1811 2971 abbatissi-

111 3013 167 3068 que
182 2998 308 3069 sepulto,
326 3002 495 3057 rediissent.
513 3005 581 3058 btox
596 3007 693 3077 itaque
709 3009 801 3061 nostri
817 3007 942 3062 consilio
999 3008 1100 3074 scepta
1130 3004 1301 3058 Desiderias
1326 3007 1414 3075 cepa
1429 3006 1524 3060 modis
1550 3006 1689 3062 omnibus
1713 3006 1812 3060 studere

110 3087 221 3157 habito,
233 3089 307 3143 aluos
324 3091 441 3159 fratres,
457 3093 506 3163 qai
519 3094 703 3149 llesidcrinm
720 3112 860 3152 revocare
870 3087 943 3150 nan·
999 3097 1086 3163 atqac
1097 3094 1359 3164 satagereutqaod
1371 3094 1813 3164 dicebatur,.dieiveraciterpos·

110 3177 180 3230 tiata
195 3179 348 3246 apostolici
365 3185 457 3236 morte
479 3183 630 3254 deberent,
655 3185 829 3239 festinanter
843 3190 943 3240 trans·
978 3186 1055 3267 (teet.
1071 3182 1203 3235 Cernens
1228 3181 1325 3252 itaque
1341 3183 1431 3236 totius
1446 3183 1619 3238 monasterii
1646 3183 1776 3238 officinas
1794 3184 1815 3234 et

110 3265 236 3320 mittunt.
959 3256 1258 3341 &angustasambita
1267 3271 1394 3326 etforma
1407 3271 1604 3341 deformes&
1615 3273 1815 3327 eumvetustatc

139 3353 944 3427 Mortaopapa,r·atectoitinereCassianam-odientem

111 3444 312 3499 constituitur.
322 3477 356 3486 -
367 3446 431 3500 inm
446 3450 562 3502 tandem
576 3450 692 3504 Desidet
701 3453 747 3505 ias
760 3451 944 3508 salt'icienter

110 3533 281 3585 necessaria
292 3549 417 3604 quaeque
426 3536 523 3591 itineri
536 3542 630 3606 empto
641 3540 944 3611 parareraajamjam·

111 3619 263 3689 quesimal
272 3636 338 3676 cum
348 3623 457 3694 Argiro
467 3625 793 3699 Berensiurnmngistro
802 3629 942 3700 navigare

111 3707 295 3779 disponebat,
305 3726 370 3763 eum
380 3712 943 3781 eeceipscl‘almarumllominicocirca

110 3799 941 3877 vesperameosdemnuntiosanostrisdircctosaccepit,

111 3883 281 3941 defunctum
296 3889 501 3957 apostolieum,
514 3895 542 3944 et
556 3908 589 3946 se
604 3893 640 3946 ad
654 3895 851 3948 revocandam
863 3896 945 3950 illam

112 3971 286 4029 festinanter
296 3979 490 4033 transmissos
501 3982 537 4034 ab
549 3983 700 4037 universis
710 3984 853 4038 tratribus
865 3999 946 4038 asse·

111 4064 222 4132 rentes;
239 4064 347 4119 rediret
360 4082 431 4137 ergo
447 4072 633 4138 qaantocius,
652 4076 679 4126 et
695 4075 828 4144 regimen
846 4089 945 4127 mona·

112 4152 206 4225 sterii,
224 4161 310 4225 prout
324 4155 468 4210 Dominus
480 4158 675 4231 ordinaverat,
694 4164 808 4217 cunctis
821 4180 854 4218 se
871 4163 948 4220 desi.

111 4245 281 4306 derabiliter
296 4251 547 4321 praestolantibus,
561 4258 702 4310 sumeret.
715 4256 850 4328 Obrigait
865 4256 946 4310 Desi-

110 4336 946 4414 deriastamsabitaapostolicimortepercalsasmoxque

110 4426 203 4482 sociis
229 4429 390 4498 advocatis,
409 4433 523 4499 aperuit
547 4433 616 4501 qaid
642 4433 735 4486 nuntii
751 4434 944 4502 detulissent3

111 4520 322 4587 coeperuntque
337 4519 446 4587 pariter
457 4534 523 4573 cam
537 4521 644 4591 argiro
658 4525 795 4592 satagere
808 4521 944 4592 qualiter,

999 3367 1060 3413 tam
1073 3359 1176 3413 inertie
1189 3360 1336 3425 ruinosas,
1345 3360 1418 3414 adeo
1432 3364 1462 3415 at
1473 3364 1502 3414 et
1512 3361 1653 3432 contiguo
1665 3362 1817 3415 viderentur

1000 3446 1817 3522 omncsdomatecoopertae,etegressasaniusingressui

1001 3550 1154 3590 connexus
1169 3540 1251 3591 esset
1266 3536 1396 3604 alterius,
1411 3537 1588 3592 incitabatur
1603 3539 1724 3609 quidem
1738 3538 1818 3592 enimc

1000 3625 1066 3678 illas
1078 3625 1202 3696 aggredi
1210 3625 1245 3678 ad
1256 3626 1468 3690 renovendam;
1477 3625 1529 3680 sed
1539 3627 1708 3695 angebatur
1718 3627 1817 3692 iterum,

1001 3715 1079 3784 qaia,
1106 3718 1136 3767 ut
1155 3719 1213 3767 tam
1241 3715 1365 3768 arduam
1395 3716 1535 3784 inciperet
1556 3731 1642 3784 opus,
1672 3715 1745 3769 nibil
1771 3714 1818 3767 lare

1001 3802 1087 3872 pensi
1099 3802 1234 3857 babebat.
1247 3803 1345 3857 Primo
1356 3804 1453 3873 itaque
1463 3803 1547 3873 quasi
1560 3804 1689 3873 experiri
1701 3803 1816 3874 capiens,

1003 3891 1113 3961 siquid
1136 3890 1258 3958 valeret,
1275 3892 1423 3961 palatium,
1440 3891 1518 3963 quod
1542 3891 1653 3946 dudum
1678 3892 1817 3947 Rieherias

1002 3980 1095 4034 abbas
1118 3980 1154 4034 ab
1171 3981 1305 4036 orientali
1319 3985 1403 4050 parte
1427 3981 1598 4034 monasterii
1614 3981 1777 4036 inchoatam
1790 3977 1815 4031 ad

1004 4068 1144 4122 solariam
1169 4084 1265 4139 asqac
1285 4069 1473 4140 perduxerat,
1499 4084 1589 4139 opere
1615 4071 1689 4125 satis
1713 4070 1815 4123 decente

1003 4156 1813 4229 perfecit,justaqueipsumversusecclesiamparvam

1004 4248 1132 4318 quidem,
1149 4247 1200 4299 sed
1219 4248 1430 4315 competentem
1446 4246 1541 4314 plene,
1569 4247 1597 4298 in
1624 4262 1681 4316 qna
1696 4247 1760 4301 libri
1779 4258 1813 4297 re·

1003 4335 1210 4403 conderentur,
1228 4334 1383 4388 aediculam
1402 4334 1567 4388 fabricavit.
1588 4335 1671 4399 Quod
1692 4352 1755 4389 cam
1769 4329 1810 4385 sibi

1001 4438 1146 4494 prospero
1166 4425 1271 4476 cveutu
1284 4426 1417 4476 cerneret
1438 4423 1609 4492 obvenisse,
1620 4423 1737 4478 domum
1748 4421 1810 4475 etiarn

1001 4513 1031 4566 iu
1047 4528 1104 4582 qua
1124 4512 1246 4566 abbates
1263 4527 1380 4565 manere
1400 4516 1627 4577 consueverant,
1649 4529 1715 4583 quae
1731 4506 1810 4563 videli-

110 4609 267 4676 anteqaam
279 4608 944 4679 morspapaedivalgarctar,revertivalerent.
959 4589 1048 4679 15⁸⁰el
1067 4617 1084 4654 ἃ
1106 4600 1329 4670 S⁰P¹⁰sslli⁰⁰i¹¹l
1350 4603 1431 4669 llffl'le
1454 4600 1612 4654 ssffhaelfflls
1636 4601 1772 4664 ecclesis,
1791 4592 1809 4643 ⁰¹

110 4693 177 4750 Non
192 4697 260 4749 enin
275 4695 447 4751 dubitabant
463 4712 507 4764 se,
525 4698 721 4769 cognitoejas
732 4701 822 4767 obita,
840 4718 855 4753 a
870 4700 945 4755 Nor·

110 4783 227 4837 mannis
243 4785 290 4839 vel
305 4784 466 4855 capiendos
479 4787 525 4840 vol
537 4787 759 4844 disturbandos.
772 4789 946 4859 Redemptis

111 4870 201 4941 igitur
215 4875 361 4943 protinus,
379 4890 433 4928 sea
449 4875 604 4946 acquisitis
620 4893 672 4946 pro
689 4893 722 4931 se
737 4893 771 4931 ac
782 4878 874 4932 sociis
891 4878 946 4932 eli-

112 4962 947 5037 quotquibasveherenturjumentiS,secundaferiepost

110 5044 228 5101 Palmae
252 5051 309 5104 iter
323 5053 542 5123 aggredientes,
565 5054 758 5108 veneruntad
783 5055 945 5109 liebertum

112 5131 300 5204 viscardum,
331 5143 400 5194 tanc
429 5142 547 5211 quidem
575 5141 810 5197 Normaaaorum
834 5147 945 5198 tantam

112 5218 226 5288 Apuliae
246 5225 391 5295 comitem,
404 5230 590 5298 postmodum
602 5246 672 5286 vero
684 5231 773 5285 totius
789 5232 902 5302 Apuliae
919 5235 947 5287 et

114 5305 259 5363 Calabriae
275 5314 361 5383 atque
377 5316 485 5372 Siciliae
501 5320 616 5388 ducem,
637 5322 778 5391 rogantes
794 5325 824 5374 at
839 5336 946 5375 secure

112 5394 172 5451 illis
189 5412 240 5465 per
254 5401 363 5455 terrem
378 5403 474 5474 ipsias
494 5409 623 5463 transire
638 5409 749 5462 liceret.
766 5408 830 5476 Qui,
849 5422 878 5462 ιιι
894 5408 947 5465 luit

112 5486 160 5540 vir
185 5488 320 5542 maximae
344 5490 493 5563 bonitatis,
511 5495 577 5550 lieet
599 5495 660 5566 jam
685 5511 768 5565 papae
792 5497 947 5550 transitum

115 5580 298 5653 compertam
311 5577 442 5651 baberet,
458 5585 485 5638 et
499 5585 688 5642 securitatem
708 5585 766 5641 illis
787 5584 947 5655 concessit,

1003 4690 1159 4744 vilissimis
1168 4689 1240 4761 ligni
1255 4689 1379 4744 furculis
1391 4689 1427 4742 ab
1437 4689 1571 4743 interiori
1580 4693 1663 4759 parte
1675 4682 1809 4744 sustentur

1003 4783 1031 4832 et
1045 4779 1205 4832 viminibus
1217 4794 1252 4832 ex
1261 4783 1343 4848 parte
1352 4779 1477 4832 maxima
1487 4778 1643 4833 videbatur
1655 4773 1807 4833 constructa

1004 4884 1018 4920 a
1034 4866 1232 4921 fundamentis
1248 4867 1395 4921 aedificare
1409 4867 1544 4934 instituit,
1556 4867 1745 4938 adjunctoilli
1759 4857 1810 4932 pale·

1005 4955 1044 5008 tio
1060 4970 1126 5008 cam
1139 4955 1252 5024 absida,
1269 4956 1346 5026 quod
1364 4960 1479 5010 veteres
1499 4954 1677 5009 'rodericum
1692 4949 1810 5025 appellnt

1007 5045 1151 5099 solebant.
1169 5043 1290 5111 Dehine,
1313 5043 1476 5113 inspirante
1492 5058 1526 5096 eo
1548 5046 1742 5113 prosperante
1763 5038 1810 5091 bet.

1005 5134 1189 5188 mansionem
1206 5133 1292 5186 etiam
1305 5131 1385 5186 illam
1396 5147 1462 5202 quae
1472 5131 1581 5185 fratres
1597 5133 1778 5202 quiescentes
1787 5118 1813 5174 ὥ·

1006 5223 1104 5277 versis
1119 5238 1180 5293 prae
1197 5220 1243 5276 sai
1257 5221 1416 5292 exiguitate
1431 5220 1551 5275 soleriis
1563 5222 1732 5276 continebat
1747 5208 1813 5273 nihilo

1006 5312 1129 5383 segnius
1153 5326 1297 5364 renovare
1319 5325 1486 5382 aggressus
1502 5312 1558 5376 est,
1571 5310 1600 5363 in
1615 5309 1707 5364 latere
1727 5297 1816 5362 seilicet

1006 5403 1113 5472 prioris
1139 5418 1154 5455 a
1178 5400 1350 5470 meridiano,
1374 5415 1461 5470 qaam
1486 5398 1620 5453 funditas
1645 5401 1775 5453 evertere
1790 5387 1816 5444 ab

1005 5491 1124 5545 claustri
1145 5491 1271 5561 spatium
1297 5488 1481 5560 disponebat.
1505 5487 1580 5541 Nam
1600 5491 1723 5557 propter
1744 5482 1819 5556 ipsias

984 5598 987 5603 ·
1004 5581 1111 5636 montis
1128 5580 1267 5635 verticem
1283 5579 1330 5634 cui
1345 5578 1426 5633 nulla
1441 5577 1503 5633 lere
1515 5576 1671 5631 constabat
1692 5573 1821 5647 planities,
