3900 6112
118 301 179 375 839

476 300 681 371 vltultctll
703 298 879 365 calcum
902 297 1249 367 GEMMETICENSIS
1269 297 1467 367 MONAGHI

1780 259 1856 363 aro

118 500 230 559 militiae
242 501 474 559 commilitonum
480 517 603 556 suorum
612 500 879 571 praestantissimus
892 514 950 554 non
965 482 991 544 3
1008 497 1247 553 stere.Sentibus
1257 501 1286 553 et
1296 498 1391 568 spinis
1401 498 1564 571 aliiagrum
1573 497 1785 567 emundabant,
1795 497 1844 552 alii

118 605 199 660 esse,
224 591 381 661 impatiens
398 592 470 645 erat.
487 589 601 654 Quibus
616 590 652 643 de
668 588 759 643 rebus
778 604 838 642 111
853 588 949 643 solum

119 677 949 752 111311111111111111111111111111111111111,11111111
977 666 981 673 ’

118 767 196 838 apud
212 767 374 822 liebertum
388 768 476 822 totius
491 768 592 836 patriae
605 766 721 835 ducem,
733 768 762 820 et
772 766 848 835 apud
863 768 946 820 exte-

120 870 220 911 rarum
239 855 374 911 dominos
397 857 563 927 regionum,
591 858 743 925 pepererat
763 854 820 908 sibi
840 869 948 908 nomen

119 944 288 1015 plurimum,
296 959 509 1015 accessumque
517 943 701 998 familiarem.

155 1031 230 1087 Vitoe
241 1031 331 1102 hujus
343 1031 561 1102 jucundissimo
572 1034 647 1087 statu
659 1049 754 1089 annos
765 1032 882 1104 ilfejam
894 1047 948 1086 ex-

119 1121 254 1175 cesserat
271 1120 390 1191 triginta
407 1122 530 1191 septem,
547 1122 741 1176 eumtandem
756 1121 855 1175 divino
870 1123 948 1174 metu

119 1208 262 1263 succendi
283 1223 382 1262 amore
405 1225 488 1263 mens
516 1209 595 1263 illius
618 1211 716 1280 coepit,
737 1214 766 1264 et
789 1209 825 1264 ab
849 1224 949 1264 amore

118 1296 220 1351 mundi
231 1299 394 1366 tepescere,
406 1298 578 1369 sensimque
598 1300 605 1352 i
610 1315 628 1351 n
639 1299 703 1354 dies
719 1298 893 1370 frigescere.
904 1297 948 1351 Ab

118 1384 319 1439 exterioribus
335 1385 451 1439 oculum
462 1386 562 1440 cordis
573 1389 749 1441 convertens
759 1385 793 1440 ad
804 1386 947 1457 seipsum,

118 1471 179 1529 ibat
195 1472 380 1543 frequentius
400 1475 436 1529 ad
460 1475 628 1543 eeclesiam,
658 1476 760 1530 orabat
783 1475 898 1543 devote,
915 1489 949 1528 ac

118 1575 200 1632 saepe
210 1562 456 1632 prorumpebatur
470 1563 664 1634 inlacrymas.
681 1565 810 1619 Ludicra
822 1579 855 1618 re
867 1562 946 1618 omni

118 1649 241 1719 omissa,
255 1649 320 1721 ,jam
331 1652 430 1706 minus
446 1650 587 1722 frequens
598 1656 660 1707 erat
674 1653 705 1707 in
721 1653 803 1707 curia
815 1652 876 1718 Qun
891 1652 948 1706 hoc

118 1738 182 1793 solo
190 1738 467 1810 detinebatur,quod
476 1741 587 1808 praedia
596 1757 651 1795 sua
660 1742 719 1796 Deo
729 1756 830 1797 secum
841 1740 949 1795 lucrari

1008 587 1109 641 timum
1119 586 1475 656 scapuliscomportantes
1483 587 1675 658 spargebant.
1688 586 1725 640 111
1736 586 1841 641 sarria

1007 674 1088 745 baut,
1107 675 1149 728 illi
1159 675 1307 745 serebant,
1320 690 1406 729 nemo
1417 689 1523 745 panem
1534 675 1712 730 absumebat
1726 675 1758 728 11
1771 676 1841 730 otio.

1008 763 1052 818 hd
1060 763 1162 818 horam
1170 763 1375 836 egendiofticii
1384 764 1413 818 in
1425 764 1561 834 ecclesia,
1574 779 1679 819 omnes
1688 764 1726 818 ad
1737 779 1843 819 unam-

1008 867 1153 923 quamque
1168 852 1390 908 conveniebant.
1410 852 1514 910 Victus
1528 853 1731 924 quotidianus,
1758 852 1843 923 panis

1008 939 1177 1012 siligineus
1204 944 1231 995 ct
1245 940 1347 997 herbae
1365 957 1431 997 cum
1447 956 1523 1012 equa
1538 945 1566 996 et
1586 940 1660 997 sale.
1681 941 1769 1013 Aqua
1784 957 1841 996 nen

1008 1028 1064 1083 nisi
1079 1027 1230 1098 lutulenta,
1244 1029 1313 1101 quia
1327 1029 1395 1086 fons
1409 1045 1556 1102 nusquam
1575 1029 1611 1084 ad
1630 1029 1689 1084 due
1703 1030 1843 1085 milliaria

1007 1117 1180 1173 habebatur.

1042 1205 1137 1260 Simili
1150 1221 1183 1261 se
1198 1207 1269 1262 inibi
1281 1210 1402 1278 propter
1410 1207 1502 1263 Deum
1511 1207 1649 1263 servituti
1656 1206 1769 1263 nobilis
1782 1222 1841 1263 ma·

1008 1296 1054 1350 ter
1062 1294 1129 1365 eJus
1138 1294 1257 1365 addixit,
1274 1295 1841 1367 etconcessislleopraediisquaehabe·

1006 1381 1066 1452 bat,
1077 1383 1192 1438 ancillae
1204 1384 1383 1455 fungebatur
1396 1383 1512 1453 offici03
1525 1400 1683 1440 servorum
1698 1384 1753 1439 Dei
1768 1400 1839 1454 pan·

1006 1472 1839 1546 nosabluensetquidquidinjungebaturextremioperis

1006 1560 1229 1615 accuratissime
1244 1576 1349 1633 agens.

1041 1649 1125 1718 Dein,
1142 1652 1209 1719 post
1219 1649 1400 1721 aliquantum
1408 1651 1560 1720 temporis,
1577 1652 1744 1723 pervisum
1758 1666 1835 1707 com·

1007 1738 1135 1794 monitus
1152 1742 1197 1794 ast
1213 1741 1253 1808 ut,
1268 1739 1391 1793 dimissa
1411 1738 1569 1795 solitudine
1583 1741 1759 1810 campestri,
1774 1754 1834 1811 que

118 1826 283 1898 satagebat.
298 1826 382 1891 Quod
404 1832 433 1882 et
447 1829 591 1899 obtinuit,
616 1833 796 1900 extorquens
811 1846 845 1885 ea
860 1829 949 1884 sibia
966 1853 993 1918 Β
1006 1828 1183 1899 competenti
1197 1827 1410 1898 opportunitate
1434 1829 1552 1883 omnine
1569 1829 1701 1898 carebat,
1719 1844 1786 1884 eum
1802 1829 1834 1883 ad

118 1913 237 1970 domino
252 1930 307 1970 suo
319 1915 552 1971 multninstautia
563 1918 677 1972 servitii
690 1933 697 1988 3
711 1919 812 1972 ditioni
825 1917 904 1973 illius
915 1933 950 1973 uc
1006 1915 1104 1971 lecum
1119 1916 1167 1970 sui
1177 1914 1257 1986 juris
1273 1916 1456 1971 mansionem
1475 1916 1662 1984 transferret,
1679 1917 1732 1986 qui
1745 1933 1762 1970 a
1776 1917 1832 1973 rire

118 2003 240 2058 servitio
256 2004 321 2074 ipso
337 2004 950 2079 dominotradeniequidquidpaternijuris
1005 2003 1065 2059 illic
1087 2003 1217 2058 mananti
1240 2004 1354 2060 Beccus
1377 2004 1549 2075 appellatur,
1570 2004 1606 2059 ad
1632 2005 1832 2060 milliariuma

119 2090 268 2148 habebant
289 2092 396 2148 fratres
412 2095 470 2163 sui,
496 2095 546 2166 qui
574 2096 676 2151 cadem
704 2096 845 2168 dignitate
860 2096 952 2168 geniti
1007 2095 1106 2148 castro
1117 2092 1631 2164 (11οά1111111811111111111111111
1641 2093 1831 2164 locusinipse

117 2181 291 2237 exstiterant
305 2182 374 2237 sibi.
390 2182 463 2247 Quia
480 2183 597 2256 dignior
608 2188 635 2239 et
649 2201 721 2240 vera
736 2185 887 2240 nobilitata
902 2202 954 2258 ge·
1007 2183 1083 2236 saltu
1096 2181 1283 2251 Brionnensi,
1299 2181 1375 2236 valle
1385 2182 1602 2237 imamoutibus
1618 2182 1763 2237 saltuosis
1772 2183 1830 2237 hinc

123 2270 261 2326 neresier
288 2273 439 2343 germanis
466 2272 658 2343 efficiebatur,
682 2273 751 2345 jure
775 2275 811 2330 ab
841 2275 886 2330 eis
909 2274 952 2329 illi
1007 2270 1075 2326 inde
1099 2269 1250 2339 conclusa,
1279 2270 1357 2325 omni
1380 2271 1594 2340 opportunitate
1623 2271 1754 2326 humano
1772 2270 1829 2327 usui

116 2357 236 2429 subjici,
253 2374 309 2415 nec
324 2361 477 2433 indignum
492 2366 541 2416 aut
551 2361 728 2434 injuriosum
739 2363 950 2418 aestimabatur.
1008 2359 1826 2429 commodus.Propterdensitatemacrivirecreationem,

154 2447 331 2504 Protinusin
343 2449 412 2504 villa
424 2451 953 2522 quaediciturssurnenvilla,extruen-
1007 2447 1135 2502 terarum
1150 2447 1211 2502 illie
1225 2446 1335 2502 multae
1354 2450 1417 2503 erat
1437 2463 1593 2503 accursus.
1613 2448 1719 2504 Trium
1732 2451 1827 2503 111111

116 2533 186 2589 dum
202 2538 328 2592 servitio
344 2538 397 2593 Dei
412 2554 488 2609 epus
504 2539 627 2609 arripuit
641 2556 699 2595 111
718 2557 851 2610 parvum,
866 2541 953 2596 brevi
1006 2534 1241 2591 molendinorum
1255 2537 1317 2592 tres
1328 2536 1434 2591 demus
1446 2535 1612 2607 illicerent,
1628 2539 1657 2593 et
1672 2536 1769 2593 selum
1784 2535 1827 2591 ha-

76 2693 78 2696 ,
117 2627 282 2692 peractum.
303 2624 370 2694 lpse
388 2642 447 2683 111
469 2627 566 2683 solum
588 2628 669 2698 operi
690 2629 952 2699 praesidebat,.sed
1005 2624 1125 2679 bitabile
1140 2624 1353 2695 permodicum.

118 2724 196 2781 opus
208 2711 307 2781 ipsum
318 2713 476 2782 efficiebat,
492 2719 601 2771 terram
612 2716 739 2786 fodiens,
757 2716 952 2773 [1111111111-
1040 2713 1220 2768 Consecrata
1235 2713 1339 2784 paucis
1354 2716 1486 2769 extructa
1505 2713 1592 2768 annis
1611 2729 1672 2770 111
1689 2730 1774 2786 parva
1788 2729 1825 2769 ec

117 2813 199 2870 rens,
222 2799 347 2873 lapides,
369 2804 514 2872 sabulum,
536 2806 705 2875 calcemque
720 2806 852 2861 humeris
869 2821 952 2861 eom·
1005 2801 1109 2872 etesia,
1122 2802 1270 2857 columnis
1278 2817 1315 2856 ex
1330 2802 1438 2874 ligneis
1449 2802 1612 2857 claustrum
1622 2802 1825 2867 construxit,in

115 2889 290 2959 portans,ac
301 2905 335 2947 ea
344 2892 373 2946 iu
385 2893 525 2961 parietem
538 2893 664 2963 ipsemet
674 2909 866 2964 componens.
876 2894 949 2959 Qui·
1005 2906 1064 2961 quo
1073 2890 1109 2944 ad
1121 2891 1342 2960 morampatriae
1353 2891 1531 2962 fratresjam
1540 2907 1692 2964 nusquam
1701 2906 1825 2963 progres-

114 2975 184 3045 bus,
195 2975 245 3030 alii
254 2977 337 3035 horis
348 2979 480 3050 aberant,
491 2981 555 3052 ipse
563 2982 743 3053 congerebat
754 2998 820 3053 quae
831 2983 867 3038 ad
875 2999 950 3053 opus
1005 2995 1095 3034 suros
1108 2979 1265 3035 considere
1276 2980 1412 3034 instituit.
1428 2980 1527 3035 Variis
1537 2996 1612 3053 ergo
1627 2981 1823 3047 simultatibus,

114 3063 322 3137 exigebantur,
340 3069 485 3125 exclusus
510 3071 601 3125 otium
621 3070 657 3125 ab
681 3070 762 3126 omni
777 3074 861 3141 parte
880 3071 949 3128 diei.
1005 3082 1072 3138 quae
1092 3083 1173 3138 saepe
1187 3069 1338 3124 introrsus
1349 3069 1530 3140 oriebantur,
1547 3069 1637 3140 caepit
1652 3070 1752 3126 dolere
1764 3067 1823 3123 mul·

114 3150 227 3216 Quanto
242 3155 369 3212 vanitate
385 3158 496 3214 tumida
510 3157 579 3213 olim
595 3159 758 3229 delicatior,
784 3163 864 3215 tanto
879 3175 949 3215 vera
1004 3157 1066 3210 tum
1081 3159 1110 3211 et
1133 3157 1257 3212 anxiari.
1278 3157 1323 3212 Ad
1346 3172 1380 3211 ea
1401 3158 1480 3213 enim
1501 3159 1717 3228 componenda,
1732 3156 1823 3230 quiin
1862 3150 1865 3155 ’

115 3238 277 3298 bumilitate
289 3246 412 3300 nuncad
427 3261 544 3301 omnem
560 3247 863 3302 leboristolerantiam
878 3265 950 3319 pro·
965 3203 1135 3301 §claustro
1149 3244 1335 3315 praesideret,
1356 3244 1475 3301 minime
1490 3250 1561 3314 erat,
1573 3248 1747 3317 sumptuum
1763 3259 1821 3299 cen·

114 3330 179 3398 pter
201 3330 294 3387 Deum
316 3334 481 3403 patientior.
497 3334 603 3390 Cibum
623 3338 731 3405 praeter
758 3337 868 3407 quibus
892 3353 948 3391 nou
1005 3332 1202 3405 gerendorum
1212 3333 1380 3389 necessitas
1396 3332 1479 3388 illum
1493 3334 1644 3389 immorari
1659 3339 1741 3390 extra
1755 3347 1820 3389 com·

112 3415 182 3472 licet
196 3419 312 3490 diebus,
330 3422 423 3476 semel
448 3423 620 3494 accipiebat,
637 3438 692 3478 nec
717 3425 898 3496 exquisitum
922 3428 950 3481 et
1004 3420 1141 3491 pellebat.
1157 3421 1219 3475 Hac
1234 3422 1269 3477 de
1280 3436 1322 3489 re,
1340 3437 1406 3476 cum
1417 3420 1480 3492 iam
1496 3422 1590 3477 Deum
1604 3423 1752 3478 multoties
1765 3435 1819 3476 exe

113 3519 203 3574 parce
221 3507 304 3575 setis,
321 3509 436 3578 expleto
453 3511 577 3564 cumdio
594 3526 683 3581 opere
695 3527 760 3566 suo.
1003 3509 1819 3577 resset,divinasibimiseratioaccommodavitauxilium,

149 3593 248 3647 Prima
264 3594 427 3651 litterarum
441 3597 584 3652 elementa
599 3599 709 3667 didicit,
731 3599 948 3670 1111111111-
1005 3597 1160 3652 sufficiens
1180 3597 1216 3653 ad
1239 3597 1382 3653 universa
1403 3613 1469 3669 quae
1490 3599 1606 3672 agenda
1627 3597 1819 3670 forentteranll
1862 3596 1865 3661 ξ

60 3689 63 3693 ’
113 3682 205 3736 steret
221 3697 467 3755 annorumprope
478 3686 684 3759 quadraginta,
702 3693 730 3742 et
744 3688 948 3760 divinaopitu·
1005 3685 1191 3758 suffragium.
1863 3686 1865 3693 '

112 3769 192 3824 lente
203 3771 299 3840 gratia
318 3786 354 3828 eo
368 3789 464 3843 usque
479 3776 637 3843 processit,
655 3779 687 3831 11
701 3777 788 3831 etiam
803 3777 878 3848 ipsis
894 3795 949 3850 ap·
1038 3775 1129 3830 Ortus
1147 3774 1229 3830 ltalia
1245 3775 1365 3847 quidam
1380 3775 1510 3845 vireret,
1525 3790 1616 3847 quem
1633 3774 1816 3843 1111111111
1863 3769 1865 3773 ’

112 3856 207 3927 prime
222 3858 346 3914 eruditis
360 3863 827 3934 grammaticainexponendisac
841 3866 948 3922 intelli·
1002 3864 1155 3937 antiquum
1169 3864 1206 3918 ab
1227 3879 1262 3919 eo
1283 3866 1418 3920 restituta
1437 3863 1569 3920 scientim
1587 3867 1818 3936 statum,totesu·
1860 3862 1865 3939 ,³

112 3945 220 4016 gaudis
236 3947 402 4004 divinarum
424 3949 644 4021 Scripturarum
664 3954 821 4009 sententiis
843 3956 948 4011 merito
1003 3953 1249 4023 premumdebito
1266 3952 1819 4025 11111111111111111113111111,11
1857 3970 1865 4035 ·.'

41 4069 44 4073 J
112 4032 272 4091 baberetur
286 4037 479 4095 admirabilis.
493 4040 576 4106 Quod
599 4043 736 4113 11111111
754 4043 863 4098 divinar
875 4060 946 4117 gra·
1003 4041 1358 4112 mineLanfrancus.lpsa
1374 4039 1819 4112 quoqueinliberalibusstudiia
1860 4044 1865 4119 ξ

111 4121 170 4192 tiae,
183 4123 573 4201 efficaciaaetumoredatur‚
584 4132 736 4187 nocturnis
745 4136 855 4187 tantum
864 4133 946 4191 horis
1003 4131 1133 4202 gentium
1154 4131 1298 4201 magistra
1312 4129 1428 4186 Graecia
1439 4128 1603 4200 discipules
1614 4129 1696 4185 illius
1710 4130 1820 4185 libenter
1862 4166 1865 4189 ;

111 4210 289 4270 buicstudio
305 4217 439 4288 vacabat,
455 4219 524 4292 quia
548 4223 668 4291 propter
688 4221 845 4277 lectionem
869 4238 946 4276 nun·
1002 4218 1138 4274 audiebat
1153 4222 1182 4274 11
1194 4218 1403 4273 admirabatur.
1416 4217 1445 4273 11
1459 4218 1552 4288 patria
1560 4233 1720 4291 egressus,
1732 4231 1820 4289 quam·
1862 4238 1865 4243 ·

112 4303 577 4377 quamdiurnioperisintermisit
588 4310 818 4365 exsecutionem.
829 4312 947 4367 Avulsit
1001 4308 1104 4378 plures
1122 4307 1347 4364 multinominis
1370 4306 1525 4362 scholares
1541 4320 1648 4361 secum
1667 4304 1820 4374 habenae

109 4388 189 4447 illico
204 4396 343 4462 paternas
358 4396 473 4468 domos,
487 4398 565 4453 unde
581 4413 739 4454 serrorum
754 4399 808 4454 Dei
829 4399 945 4455 habita·
1001 4397 1243 4451 Northmanniem
1259 4395 1386 4451 devenit.
1408 4395 1536 4450 Beccum
1554 4394 1655 4466 itaque
1677 4394 1754 4464 adiit,
1774 4404 1820 4463 qno

110 4478 178 4534 eula
192 4483 368 4538 construxit.

1000 4486 1112 4541 nultum
1123 4500 1249 4556 usquam
1258 4485 1417 4556 pauperius
1428 4482 1631 4538 aestimabatur
1637 4481 1819 4554 velabjectiua

146 4567 943 4649 Sacrataveroquamoonstruxitecclesiaabepiseopo
959 4555 1179 4637 Dcoenoblum.
1196 4573 1283 4629 Forte
1306 4577 1376 4629 tune
1391 4572 1485 4627 abbas
1510 4572 1703 4627 exstruendae
1720 4566 1817 4627 fornaci

110 4654 944 4735 1111111111Η11111111,1ο1ι1ι11ο111(111,1111111111]

109 4743 240 4803 habitum
255 4750 407 4820 deponens
421 4753 459 4808 ab
474 4753 577 4809 codem
592 4753 730 4826 pontifice
745 4770 841 4811 sacrae
863 4756 943 4812 habi·

107 4835 170 4889 tum
189 4836 344 4910 religionis
360 4842 484 4912 accepit,
499 4842 586 4898 miles
608 4842 717 4898 Christi
734 4859 789 4914 per
801 4848 843 4900 tot
860 4845 942 4916 peri·

109 4923 174 4980 1111
192 4927 279 4983 fortis
294 4933 361 4986 ente
374 4934 524 5002 expertus.
539 4931 681 5004 Quadam
693 4933 807 4989 ordinis
825 4949 891 4988 cum
906 4950 941 4990 eo

106 5012 213 5084 jubum
236 5018 393 5075 subierunt
417 5019 474 5075 duo
490 5020 547 5076 sui.
574 5021 765 5077 Postmodum
782 5039 799 5076 e
817 5022 941 5092 praefato

107 5104 237 5172 praesule
249 5109 390 5164 sacerdos
408 5112 611 5180 consecratus,
621 5109 756 5180 pluribus
770 5110 888 5165 ducatui
904 5111 941 5164 il-

108 5188 940 5270 liusjamadditisfratribusabbaspraetlciturQuosergo

108 5277 260 5349 regendos
280 5284 443 5353 acceperat,
463 5285 624 5354 satissime,
651 5286 705 5341 sed
722 5301 805 5342 more
824 5288 941 5355 patrum

108 5366 349 5440 precedentium,
358 5373 491 5444 regebat.
503 5374 638 5445 Videres,
649 5379 768 5446 peracto
776 5374 806 5429 in
814 5374 942 5429 ecclesia

109 5454 218 5526 officio,
231 5455 367 5513 abbatem
378 5459 454 5514 collo
469 5466 642 5531 sementem,
659 5465 885 5517 mauurastrum
895 5462 942 5517 vel

1001 4664 1173 4732 occupatus,
1190 4661 1254 4731 ipse
1278 4661 1457 4732 operabatur
1482 4659 1620 4716 manibus
1644 4659 1720 4716 suis.
1740 4657 1818 4730 Gnjiu

1000 4751 1193 4807 bumilitatem
1220 4749 1320 4818 animi,
1354 4748 1561 4820 sermonisque
1585 4747 1757 4820 dignitatem
1780 4744 1817 4801 illa

1001 4839 1159 4913 plurimum
1173 4840 1332 4895 veneratus
1347 4841 1375 4893 11
1390 4851 1503 4906 amans,
1521 4836 1689 4893 monachus
1707 4836 1747 4893 ibi
1764 4831 1816 4891 eti·

1001 4930 1087 4986 citur.

1036 5018 1086 5072 Sic
1100 5031 1155 5087 per
1171 5020 1235 5071 tres
1251 5030 1346 5070 annos
1367 5015 1439 5070 vixit
1463 5014 1615 5071 solitarius
1639 5009 1816 5087 infrequentia

1002 5107 1163 5175 hominum,
1176 5104 1310 5177 gaudens
1326 5103 1816 5177 quoibinesciebatur,praeterpau·

1002 5191 1819 5267 cissimosquibusaliquandoloquebaturomuibusigna·

1002 5289 1060 5340 tus.
1078 5285 1199 5352 Rumor,
1224 5287 1255 5337 ut
1270 5283 1327 5338 hoc
1349 5282 1456 5337 fectum
1471 5281 1590 5351 prodiit,
1606 5282 1695 5354 louge
1718 5281 1819 5350 lalaqna

1001 5372 1130 5443 protulit,
1146 5376 1175 5427 et
1189 5370 1565 5442 tamavlripraeclarisaima
1573 5370 1703 5426 11111111
1713 5367 1814 5426 etabba

1001 5465 1058 5517 tem
1075 5461 1249 5516 Herluinum
1260 5459 1345 5515 brevi
1363 5475 1417 5528 per
1431 5459 1534 5514 orbem
1548 5462 1699 5514 terrerum
1719 5455 1821 5521 1111111,

107 5545 259 5607 sarculum
273 5550 439 5618 gestantem
459 5548 495 5603 ad
510 5551 722 5624 agriculturam
741 5551 858 5622 praeire,
876 5565 941 5605 mo·
998 5550 1163 5605 Occurrunt
1177 5550 1287 5619 clerici,
1301 5549 1409 5603 ducum
1425 5547 1486 5617 filii,
1498 5548 1730 5604 nominatissimi
1744 5545 1823 5602 sche-

107 5634 221 5702 nacbos
236 5650 339 5693 omnes
355 5636 435 5696 raris
450 5639 532 5714 operi
546 5639 603 5695 sub
619 5640 676 5696 diei
691 5642 849 5697 terminum
864 5639 940 5694 insi-
999 5638 1093 5693 larum
1108 5637 1274 5694 Latinitatis
1291 5637 1436 5711 magistri,
1449 5636 1517 5692 laici
1534 5638 1686 5709 petentes,
1702 5636 1760 5692 alta
1779 5648 1825 5691 uo
