<?xml version="1.0" encoding="UTF-8"?>
<!DOCTYPE html PUBLIC "-//W3C//DTD XHTML 1.0 Transitional//EN"
    "http://www.w3.org/TR/xhtml1/DTD/xhtml1-transitional.dtd">
<html xmlns="http://www.w3.org/1999/xhtml" xml:lang="en" lang="en">
 <head>
  <title>
</title>
<meta http-equiv="Content-Type" content="text/html;charset=utf-8" />
  <meta name='ocr-system' content='tesseract 3.04.00' />
  <meta name='ocr-capabilities' content='ocr_page ocr_carea ocr_par ocr_line ocrx_word'/>
</head>
<body>
  <div class='ocr_page' id='page_1' title='image "./patrologiaecurs66unkngoog_0670.png"; bbox 0 0 3900 6112; ppageno 0'>
   <div class='ocr_carea' id='block_1_1' title="bbox 129 204 1865 286">
    <p class='ocr_par' dir='ltr' id='par_1_1' title="bbox 129 204 1865 286">
     <span class='ocr_line' id='line_1_1' title="bbox 129 204 1865 286; baseline -0.005 -9"><span class='ocrx_word' id='word_1_1' title='bbox 129 212 222 278; x_wconf 76' lang='lat' dir='ltr'><strong>tora·</strong></span> <span class='ocrx_word' id='word_1_2' title='bbox 914 211 1056 279; x_wconf 74' lang='lat' dir='ltr'><strong>OEfllts.</strong></span> <span class='ocrx_word' id='word_1_3' title='bbox 1119 204 1124 212; x_wconf 81' lang='grc'><strong><em>’</em></strong></span> <span class='ocrx_word' id='word_1_4' title='bbox 1775 218 1865 286; x_wconf 65' lang='lat' dir='ltr'><strong>qm,</strong></span> 
     </span>
    </p>
   </div>
   <div class='ocr_carea' id='block_1_2' title="bbox 120 396 1873 1729">
    <p class='ocr_par' dir='ltr' id='par_1_2' title="bbox 122 396 1873 1641">
     <span class='ocr_line' id='line_1_2' title="bbox 128 396 1852 487; baseline 0.006 -23"><span class='ocrx_word' id='word_1_5' title='bbox 128 408 355 480; x_wconf 86' lang='lat' dir='ltr'><strong>hancpacemet</strong></span> <span class='ocrx_word' id='word_1_6' title='bbox 369 408 495 466; x_wconf 79' lang='lat' dir='ltr'><strong>treviam</strong></span> <span class='ocrx_word' id='word_1_7' title='bbox 508 408 563 466; x_wconf 87' lang='lat' dir='ltr'><strong>Dei</strong></span> <span class='ocrx_word' id='word_1_8' title='bbox 572 409 609 465; x_wconf 92' lang='lat' dir='ltr'><strong>de</strong></span> <span class='ocrx_word' id='word_1_9' title='bbox 623 410 713 467; x_wconf 86' lang='lat' dir='ltr'><strong>terris</strong></span> <span class='ocrx_word' id='word_1_10' title='bbox 728 412 779 465; x_wconf 88' lang='lat' dir='ltr'><strong>ant</strong></span> <span class='ocrx_word' id='word_1_11' title='bbox 796 411 832 465; x_wconf 91' lang='lat' dir='ltr'><strong>de</strong></span> <span class='ocrx_word' id='word_1_12' title='bbox 842 409 961 482; x_wconf 86' lang='lat' dir='ltr'><strong>bestiis,</strong></span> <span class='ocrx_word' id='word_1_13' title='bbox 976 396 1001 448; x_wconf 63' lang='lat'><strong>²¹</strong></span> <span class='ocrx_word' id='word_1_14' title='bbox 1014 411 1107 481; x_wconf 80' lang='lat' dir='ltr'><strong>episc.</strong></span> <span class='ocrx_word' id='word_1_15' title='bbox 1124 411 1196 465; x_wconf 88' lang='lat' dir='ltr'><strong>nibil</strong></span> <span class='ocrx_word' id='word_1_16' title='bbox 1212 411 1369 483; x_wconf 82' lang='lat' dir='ltr'>plusquam</span> <span class='ocrx_word' id='word_1_17' title='bbox 1385 412 1442 469; x_wconf 92' lang='lat' dir='ltr'><strong>sibi</strong></span> <span class='ocrx_word' id='word_1_18' title='bbox 1459 430 1493 470; x_wconf 91' lang='lat' dir='ltr'><strong>ac</strong></span> <span class='ocrx_word' id='word_1_19' title='bbox 1508 417 1573 471; x_wconf 89' lang='lat' dir='ltr'><strong>suis</strong></span> <span class='ocrx_word' id='word_1_20' title='bbox 1584 417 1852 487; x_wconf 86' lang='lat' dir='ltr'><strong>equisnecessaria</strong></span> 
     </span>
     <span class='ocr_line' id='line_1_3' title="bbox 127 498 1851 571; baseline 0.007 -19"><span class='ocrx_word' id='word_1_21' title='bbox 127 498 410 568; x_wconf 87' lang='lat' dir='ltr'><strong>insuperderebus</strong></span> <span class='ocrx_word' id='word_1_22' title='bbox 439 499 577 557; x_wconf 84' lang='lat' dir='ltr'><strong>crnnibus</strong></span> <span class='ocrx_word' id='word_1_23' title='bbox 606 516 672 570; x_wconf 88' lang='lat' dir='ltr'><strong>quae</strong></span> <span class='ocrx_word' id='word_1_24' title='bbox 700 499 810 555; x_wconf 88' lang='lat' dir='ltr'><strong>habere</strong></span> <span class='ocrx_word' id='word_1_25' title='bbox 836 505 963 570; x_wconf 76' lang='lat' dir='ltr'>possunt</span> <span class='ocrx_word' id='word_1_26' title='bbox 1016 502 1052 555; x_wconf 86' lang='lat' dir='ltr'><strong>ad</strong></span> <span class='ocrx_word' id='word_1_27' title='bbox 1069 501 1178 554; x_wconf 89' lang='lat' dir='ltr'><strong>victum</strong></span> <span class='ocrx_word' id='word_1_28' title='bbox 1194 501 1349 571; x_wconf 82' lang='lat' dir='ltr'><strong>accipiunt3</strong></span> <span class='ocrx_word' id='word_1_29' title='bbox 1380 509 1561 558; x_wconf 74' lang='lat' dir='ltr'><strong>mercatores</strong></span> <span class='ocrx_word' id='word_1_30' title='bbox 1591 511 1851 564; x_wconf 84' lang='lat' dir='ltr'><strong>mrtemetomnes</strong></span> 
     </span>
     <span class='ocr_line' id='line_1_4' title="bbox 127 587 1851 668; baseline 0.006 -28"><span class='ocrx_word' id='word_1_31' title='bbox 127 587 277 641; x_wconf 79' lang='lat' dir='ltr'><strong>tenebitis,</strong></span> <span class='ocrx_word' id='word_1_32' title='bbox 294 587 378 652; x_wconf 87' lang='lat' dir='ltr'><strong>Quod</strong></span> <span class='ocrx_word' id='word_1_33' title='bbox 406 588 515 659; x_wconf 86' lang='lat' dir='ltr'><strong>siquis</strong></span> <span class='ocrx_word' id='word_1_34' title='bbox 541 591 590 642; x_wconf 89' lang='lat' dir='ltr'><strong>aut</strong></span> <span class='ocrx_word' id='word_1_35' title='bbox 618 587 744 659; x_wconf 82' lang='lat' dir='ltr'><strong>aliquem</strong></span> <span class='ocrx_word' id='word_1_36' title='bbox 759 590 895 658; x_wconf 89' lang='lat' dir='ltr'><strong>bestiam,</strong></span> <span class='ocrx_word' id='word_1_37' title='bbox 913 594 962 644; x_wconf 90' lang='lat' dir='ltr'><strong>aut</strong></span> <span class='ocrx_word' id='word_1_38' title='bbox 1015 589 1151 644; x_wconf 83' lang='lat' dir='ltr'><strong>homines</strong></span> <span class='ocrx_word' id='word_1_39' title='bbox 1168 590 1851 668; x_wconf 75' lang='lat' dir='ltr'><strong>quiabaliisrogicnibusparvostransierint,</strong></span> 
     </span>
     <span class='ocr_line' id='line_1_5' title="bbox 129 675 1852 748; baseline 0.006 -18"><span class='ocrx_word' id='word_1_40' title='bbox 129 676 218 730; x_wconf 88' lang='lat' dir='ltr'><strong>etiam</strong></span> <span class='ocrx_word' id='word_1_41' title='bbox 232 675 352 731; x_wconf 87' lang='lat' dir='ltr'><strong>obolum</strong></span> <span class='ocrx_word' id='word_1_42' title='bbox 363 676 426 732; x_wconf 89' lang='lat' dir='ltr'><strong>sive</strong></span> <span class='ocrx_word' id='word_1_43' title='bbox 440 677 647 732; x_wconf 90' lang='lat' dir='ltr'><strong>vestimentum</strong></span> <span class='ocrx_word' id='word_1_44' title='bbox 662 678 692 731; x_wconf 92' lang='lat' dir='ltr'><strong>in</strong></span> <span class='ocrx_word' id='word_1_45' title='bbox 707 679 764 732; x_wconf 89' lang='lat' dir='ltr'><strong>ista</strong></span> <span class='ocrx_word' id='word_1_46' title='bbox 779 694 850 748; x_wconf 91' lang='lat' dir='ltr'><strong>pace</strong></span> <span class='ocrx_word' id='word_1_47' title='bbox 863 677 963 734; x_wconf 90' lang='lat' dir='ltr'><strong>tulerit</strong></span> <span class='ocrx_word' id='word_1_48' title='bbox 1013 679 1401 748; x_wconf 82' lang='lat' dir='ltr'><strong>paccmlmheantavobis.</strong></span> <span class='ocrx_word' id='word_1_49' title='bbox 1433 682 1516 736; x_wconf 84' lang='lat' dir='ltr'><strong>lianc</strong></span> <span class='ocrx_word' id='word_1_50' title='bbox 1547 684 1632 736; x_wconf 84' lang='lat' dir='ltr'><strong>etium</strong></span> <span class='ocrx_word' id='word_1_51' title='bbox 1656 685 1852 742; x_wconf 84' lang='lat' dir='ltr'><strong>Deitroviam</strong></span> 
     </span>
     <span class='ocr_line' id='line_1_6' title="bbox 128 762 1851 844; baseline 0.006 -26"><span class='ocrx_word' id='word_1_52' title='bbox 128 762 562 833; x_wconf 82' lang='lat' dir='ltr'><strong>alieni,sitexcommunicatus,</strong></span> <span class='ocrx_word' id='word_1_53' title='bbox 579 766 963 822; x_wconf 89' lang='lat' dir='ltr'><strong>donceadcmendationem</strong></span> <span class='ocrx_word' id='word_1_54' title='bbox 1010 769 1050 839; x_wconf 34' lang='lat' dir='ltr'><strong>,ab</strong></span> <span class='ocrx_word' id='word_1_55' title='bbox 1066 768 1149 837; x_wconf 79' lang='lat' dir='ltr'><strong>initio</strong></span> <span class='ocrx_word' id='word_1_56' title='bbox 1160 769 1305 822; x_wconf 88' lang='lat' dir='ltr'><strong>adventus</strong></span> <span class='ocrx_word' id='word_1_57' title='bbox 1315 769 1429 823; x_wconf 86' lang='lat' dir='ltr'><strong>Domini</strong></span> <span class='ocrx_word' id='word_1_58' title='bbox 1439 786 1534 842; x_wconf 91' lang='lat' dir='ltr'><strong>usquc</strong></span> <span class='ocrx_word' id='word_1_59' title='bbox 1545 772 1581 825; x_wconf 89' lang='lat' dir='ltr'><strong>ad</strong></span> <span class='ocrx_word' id='word_1_60' title='bbox 1589 775 1708 827; x_wconf 90' lang='lat' dir='ltr'><strong>octavas</strong></span> <span class='ocrx_word' id='word_1_61' title='bbox 1718 773 1851 844; x_wconf 83' lang='lat' dir='ltr'><strong>Epipha-</strong></span> 
     </span>
     <span class='ocr_line' id='line_1_7' title="bbox 126 853 1849 935; baseline 0.008 -29"><span class='ocrx_word' id='word_1_62' title='bbox 126 853 236 907; x_wconf 87' lang='lat' dir='ltr'><strong>veniat.</strong></span> <span class='ocrx_word' id='word_1_63' title='bbox 252 854 334 919; x_wconf 87' lang='lat' dir='ltr'><strong>Quod</strong></span> <span class='ocrx_word' id='word_1_64' title='bbox 350 855 377 909; x_wconf 89' lang='lat' dir='ltr'><strong>si</strong></span> <span class='ocrx_word' id='word_1_65' title='bbox 401 855 438 909; x_wconf 92' lang='lat' dir='ltr'><strong>ad</strong></span> <span class='ocrx_word' id='word_1_66' title='bbox 462 855 695 910; x_wconf 79' lang='lat' dir='ltr'><strong>emendationem</strong></span> <span class='ocrx_word' id='word_1_67' title='bbox 711 856 835 911; x_wconf 90' lang='lat' dir='ltr'><strong>voluerit</strong></span> <span class='ocrx_word' id='word_1_68' title='bbox 849 857 961 928; x_wconf 91' lang='lat' dir='ltr'><strong>venire,</strong></span> <span class='ocrx_word' id='word_1_69' title='bbox 1015 857 1071 911; x_wconf 71' lang='lat' dir='ltr'><strong>niae</strong></span> <span class='ocrx_word' id='word_1_70' title='bbox 1088 860 1116 911; x_wconf 91' lang='lat' dir='ltr'><strong>ct</strong></span> <span class='ocrx_word' id='word_1_71' title='bbox 1130 871 1146 910; x_wconf 88' lang='lat' dir='ltr'><strong>a</strong></span> <span class='ocrx_word' id='word_1_72' title='bbox 1162 858 1256 927; x_wconf 89' lang='lat' dir='ltr'><strong>capite</strong></span> <span class='ocrx_word' id='word_1_73' title='bbox 1267 857 1377 929; x_wconf 75' lang='lat' dir='ltr'><strong>jejunii</strong></span> <span class='ocrx_word' id='word_1_74' title='bbox 1402 875 1497 930; x_wconf 90' lang='lat' dir='ltr'><strong>usque</strong></span> <span class='ocrx_word' id='word_1_75' title='bbox 1518 861 1553 913; x_wconf 91' lang='lat' dir='ltr'><strong>ad</strong></span> <span class='ocrx_word' id='word_1_76' title='bbox 1570 865 1690 916; x_wconf 87' lang='lat' dir='ltr'><strong>octavas</strong></span> <span class='ocrx_word' id='word_1_77' title='bbox 1717 863 1849 935; x_wconf 72' lang='lat' dir='ltr'><strong>paschae,</strong></span> 
     </span>
     <span class='ocr_line' id='line_1_8' title="bbox 126 942 1873 1022; baseline 0.006 -27"><span class='ocrx_word' id='word_1_78' title='bbox 126 942 374 1012; x_wconf 86' lang='lat' dir='ltr'><strong>primumreddat</strong></span> <span class='ocrx_word' id='word_1_79' title='bbox 401 943 481 1015; x_wconf 91' lang='lat' dir='ltr'><strong>quod</strong></span> <span class='ocrx_word' id='word_1_80' title='bbox 508 943 612 1014; x_wconf 78' lang='lat' dir='ltr'><strong>rapuit,</strong></span> <span class='ocrx_word' id='word_1_81' title='bbox 644 946 693 999; x_wconf 90' lang='lat' dir='ltr'><strong>aut</strong></span> <span class='ocrx_word' id='word_1_82' title='bbox 723 948 833 999; x_wconf 91' lang='lat' dir='ltr'><strong>tantum</strong></span> <span class='ocrx_word' id='word_1_83' title='bbox 862 946 962 1015; x_wconf 90' lang='lat' dir='ltr'><strong>quanti</strong></span> <span class='ocrx_word' id='word_1_84' title='bbox 1015 949 1074 1000; x_wconf 92' lang='lat' dir='ltr'><strong>cta</strong></span> <span class='ocrx_word' id='word_1_85' title='bbox 1103 946 1208 1000; x_wconf 89' lang='lat' dir='ltr'><strong>diebus</strong></span> <span class='ocrx_word' id='word_1_86' title='bbox 1234 947 1432 1018; x_wconf 80' lang='lat' dir='ltr'><strong>Negationem</strong></span> <span class='ocrx_word' id='word_1_87' title='bbox 1452 948 1660 1005; x_wconf 79' lang='lat' dir='ltr'><strong>inchoantibus</strong></span> <span class='ocrx_word' id='word_1_88' title='bbox 1687 967 1782 1022; x_wconf 92' lang='lat' dir='ltr'><strong>usque</strong></span> <span class='ocrx_word' id='word_1_89' title='bbox 1813 953 1873 1008; x_wconf 87' lang='lat' dir='ltr'><strong>ed.</strong></span> 
     </span>
     <span class='ocr_line' id='line_1_9' title="bbox 128 1031 1851 1108; baseline 0.007 -24"><span class='ocrx_word' id='word_1_90' title='bbox 128 1034 192 1085; x_wconf 90' lang='lat' dir='ltr'><strong>erat</strong></span> <span class='ocrx_word' id='word_1_91' title='bbox 206 1032 293 1101; x_wconf 90' lang='lat' dir='ltr'><strong>pretii</strong></span> <span class='ocrx_word' id='word_1_92' title='bbox 307 1031 386 1102; x_wconf 91' lang='lat' dir='ltr'><strong>quod</strong></span> <span class='ocrx_word' id='word_1_93' title='bbox 402 1033 508 1103; x_wconf 84' lang='lat' dir='ltr'><strong>rapuit.</strong></span> <span class='ocrx_word' id='word_1_94' title='bbox 539 1032 651 1087; x_wconf 86' lang='lat' dir='ltr'><strong>Dehinc</strong></span> <span class='ocrx_word' id='word_1_95' title='bbox 666 1049 707 1086; x_wconf 91' lang='lat' dir='ltr'><strong>vn</strong></span> <span class='ocrx_word' id='word_1_96' title='bbox 721 1034 807 1087; x_wconf 89' lang='lat' dir='ltr'><strong>aunis</strong></span> <span class='ocrx_word' id='word_1_97' title='bbox 822 1034 962 1102; x_wconf 89' lang='lat' dir='ltr'><strong>poeniteat</strong></span> <span class='ocrx_word' id='word_1_98' title='bbox 1015 1040 1135 1089; x_wconf 89' lang='lat' dir='ltr'><strong>octavas</strong></span> <span class='ocrx_word' id='word_1_99' title='bbox 1151 1036 1345 1091; x_wconf 80' lang='lat' dir='ltr'><strong>l’entecostes</strong></span> <span class='ocrx_word' id='word_1_100' title='bbox 1361 1053 1415 1107; x_wconf 90' lang='lat' dir='ltr'><strong>per</strong></span> <span class='ocrx_word' id='word_1_101' title='bbox 1430 1053 1533 1093; x_wconf 90' lang='lat' dir='ltr'><strong>omnes</strong></span> <span class='ocrx_word' id='word_1_102' title='bbox 1550 1040 1614 1093; x_wconf 86' lang='lat' dir='ltr'><strong>dies</strong></span> <span class='ocrx_word' id='word_1_103' title='bbox 1631 1040 1780 1096; x_wconf 82' lang='lat' dir='ltr'><strong>tenebitis.</strong></span> <span class='ocrx_word' id='word_1_104' title='bbox 1795 1041 1851 1108; x_wconf 89' lang='lat' dir='ltr'><strong>Qui</strong></span> 
     </span>
     <span class='ocr_line' id='line_1_10' title="bbox 125 1117 1849 1202; baseline 0.01 -31"><span class='ocrx_word' id='word_1_105' title='bbox 125 1117 205 1172; x_wconf 84' lang='lat' dir='ltr'><strong>inira</strong></span> <span class='ocrx_word' id='word_1_106' title='bbox 219 1119 351 1189; x_wconf 89' lang='lat' dir='ltr'><strong>episcop.</strong></span> <span class='ocrx_word' id='word_1_107' title='bbox 367 1119 399 1173; x_wconf 86' lang='lat' dir='ltr'><strong>Si</strong></span> <span class='ocrx_word' id='word_1_108' title='bbox 414 1126 512 1175; x_wconf 88' lang='lat' dir='ltr'><strong>autem</strong></span> <span class='ocrx_word' id='word_1_109' title='bbox 528 1120 668 1175; x_wconf 89' lang='lat' dir='ltr'><strong>morietur</strong></span> <span class='ocrx_word' id='word_1_110' title='bbox 678 1121 852 1191; x_wconf 88' lang='lat' dir='ltr'><strong>priusquam</strong></span> <span class='ocrx_word' id='word_1_111' title='bbox 868 1122 961 1176; x_wconf 87' lang='lat' dir='ltr'><strong>satis·</strong></span> <span class='ocrx_word' id='word_1_112' title='bbox 1015 1124 1090 1177; x_wconf 83' lang='lat' dir='ltr'><strong>lianc</strong></span> <span class='ocrx_word' id='word_1_113' title='bbox 1105 1140 1207 1194; x_wconf 91' lang='lat' dir='ltr'><strong>paccm</strong></span> <span class='ocrx_word' id='word_1_114' title='bbox 1223 1124 1458 1196; x_wconf 77' lang='lat' dir='ltr'><strong>observaverint,</strong></span> <span class='ocrx_word' id='word_1_115' title='bbox 1475 1143 1529 1197; x_wconf 92' lang='lat' dir='ltr'><strong>pro</strong></span> <span class='ocrx_word' id='word_1_116' title='bbox 1546 1127 1605 1181; x_wconf 91' lang='lat' dir='ltr'><strong>illis</strong></span> <span class='ocrx_word' id='word_1_117' title='bbox 1616 1144 1722 1197; x_wconf 82' lang='lat' dir='ltr'><strong>preces</strong></span> <span class='ocrx_word' id='word_1_118' title='bbox 1734 1131 1849 1202; x_wconf 81' lang='lat' dir='ltr'><strong>agendo</strong></span> 
     </span>
     <span class='ocr_line' id='line_1_11' title="bbox 125 1205 1848 1290; baseline 0.008 -30"><span class='ocrx_word' id='word_1_119' title='bbox 125 1205 474 1277; x_wconf 81' lang='lat' dir='ltr'><strong>iaciatetpoenitentiam</strong></span> <span class='ocrx_word' id='word_1_120' title='bbox 496 1213 602 1279; x_wconf 91' lang='lat' dir='ltr'><strong>sumat,</strong></span> <span class='ocrx_word' id='word_1_121' title='bbox 631 1226 690 1264; x_wconf 93' lang='lat' dir='ltr'><strong>non</strong></span> <span class='ocrx_word' id='word_1_122' title='bbox 718 1210 961 1280; x_wconf 90' lang='lat' dir='ltr'><strong>sepelietur,nec</strong></span> <span class='ocrx_word' id='word_1_123' title='bbox 1013 1211 1200 1281; x_wconf 82' lang='lat' dir='ltr'><strong>benedicant,</strong></span> <span class='ocrx_word' id='word_1_124' title='bbox 1230 1214 1297 1267; x_wconf 91' lang='lat' dir='ltr'><strong>illos</strong></span> <span class='ocrx_word' id='word_1_125' title='bbox 1327 1229 1396 1268; x_wconf 91' lang='lat' dir='ltr'><strong>vero</strong></span> <span class='ocrx_word' id='word_1_126' title='bbox 1431 1216 1480 1285; x_wconf 92' lang='lat' dir='ltr'><strong>qui</strong></span> <span class='ocrx_word' id='word_1_127' title='bbox 1511 1216 1690 1288; x_wconf 81' lang='lat' dir='ltr'><strong>infregerint</strong></span> <span class='ocrx_word' id='word_1_128' title='bbox 1723 1223 1772 1272; x_wconf 89' lang='lat' dir='ltr'><strong>aut</strong></span> <span class='ocrx_word' id='word_1_129' title='bbox 1798 1220 1848 1290; x_wconf 93' lang='lat' dir='ltr'><strong>qui</strong></span> 
     </span>
     <span class='ocr_line' id='line_1_12' title="bbox 123 1295 1848 1376; baseline 0.008 -26"><span class='ocrx_word' id='word_1_130' title='bbox 123 1295 565 1368; x_wconf 88' lang='lat' dir='ltr'><strong>elocoquoobiitmoveatur,</strong></span> <span class='ocrx_word' id='word_1_131' title='bbox 593 1298 652 1353; x_wconf 92' lang='lat' dir='ltr'><strong>nisi</strong></span> <span class='ocrx_word' id='word_1_132' title='bbox 676 1299 794 1369; x_wconf 90' lang='lat' dir='ltr'><strong>proillo</strong></span> <span class='ocrx_word' id='word_1_133' title='bbox 822 1303 960 1370; x_wconf 87' lang='lat' dir='ltr'><strong>parentes</strong></span> <span class='ocrx_word' id='word_1_134' title='bbox 1014 1300 1848 1376; x_wconf 85' lang='lat' dir='ltr'><strong>infractoribusconcesserintmaledicant.Siquiaautem</strong></span> 
     </span>
     <span class='ocr_line' id='line_1_13' title="bbox 125 1384 1847 1466; baseline 0.006 -26"><span class='ocrx_word' id='word_1_135' title='bbox 125 1384 194 1457; x_wconf 78' lang='lat' dir='ltr'><strong>ejus</strong></span> <span class='ocrx_word' id='word_1_136' title='bbox 210 1385 413 1441; x_wconf 81' lang='lat' dir='ltr'><strong>satisfecerint</strong></span> <span class='ocrx_word' id='word_1_137' title='bbox 426 1388 454 1442; x_wconf 92' lang='lat' dir='ltr'><strong>ei</strong></span> <span class='ocrx_word' id='word_1_138' title='bbox 469 1389 518 1443; x_wconf 92' lang='lat' dir='ltr'><strong>cui</strong></span> <span class='ocrx_word' id='word_1_139' title='bbox 533 1387 672 1459; x_wconf 78' lang='lat' dir='ltr'><strong>injuriam</strong></span> <span class='ocrx_word' id='word_1_140' title='bbox 688 1386 767 1443; x_wconf 86' lang='lat' dir='ltr'><strong>lecit.</strong></span> <span class='ocrx_word' id='word_1_141' title='bbox 783 1387 959 1443; x_wconf 86' lang='lat' dir='ltr'><strong>Ceterumin</strong></span> <span class='ocrx_word' id='word_1_142' title='bbox 1012 1406 1045 1445; x_wconf 91' lang='lat' dir='ltr'><strong>se</strong></span> <span class='ocrx_word' id='word_1_143' title='bbox 1061 1406 1164 1462; x_wconf 89' lang='lat' dir='ltr'><strong>pacem</strong></span> <span class='ocrx_word' id='word_1_144' title='bbox 1178 1393 1346 1447; x_wconf 87' lang='lat' dir='ltr'><strong>nescienter</strong></span> <span class='ocrx_word' id='word_1_145' title='bbox 1354 1392 1462 1447; x_wconf 77' lang='lat' dir='ltr'><strong>dixerit</strong></span> <span class='ocrx_word' id='word_1_146' title='bbox 1469 1394 1643 1466; x_wconf 80' lang='lat' dir='ltr'><strong>infregisse,</strong></span> <span class='ocrx_word' id='word_1_147' title='bbox 1653 1396 1847 1465; x_wconf 85' lang='lat' dir='ltr'><strong>prinssacra·</strong></span> 
     </span>
     <span class='ocr_line' id='line_1_14' title="bbox 123 1474 1845 1558; baseline 0.007 -30"><span class='ocrx_word' id='word_1_148' title='bbox 123 1474 182 1529; x_wconf 87' lang='lat' dir='ltr'><strong>bac</strong></span> <span class='ocrx_word' id='word_1_149' title='bbox 196 1489 269 1544; x_wconf 88' lang='lat' dir='ltr'><strong>pace</strong></span> <span class='ocrx_word' id='word_1_150' title='bbox 294 1476 394 1530; x_wconf 88' lang='lat' dir='ltr'><strong>nullus</strong></span> <span class='ocrx_word' id='word_1_151' title='bbox 423 1477 480 1531; x_wconf 92' lang='lat' dir='ltr'><strong>nisi</strong></span> <span class='ocrx_word' id='word_1_152' title='bbox 496 1493 550 1533; x_wconf 84' lang='lat' dir='ltr'><strong>rex</strong></span> <span class='ocrx_word' id='word_1_153' title='bbox 563 1479 613 1532; x_wconf 88' lang='lat' dir='ltr'><strong>aut</strong></span> <span class='ocrx_word' id='word_1_154' title='bbox 628 1492 730 1533; x_wconf 90' lang='lat' dir='ltr'><strong>comcs</strong></span> <span class='ocrx_word' id='word_1_155' title='bbox 745 1477 839 1549; x_wconf 77' lang='lat' dir='ltr'><strong>hujus</strong></span> <span class='ocrx_word' id='word_1_156' title='bbox 854 1478 958 1547; x_wconf 83' lang='lat' dir='ltr'><strong>patriae</strong></span> <span class='ocrx_word' id='word_1_157' title='bbox 1011 1483 1141 1535; x_wconf 85' lang='lat' dir='ltr'><strong>mentum</strong></span> <span class='ocrx_word' id='word_1_158' title='bbox 1162 1480 1260 1548; x_wconf 86' lang='lat' dir='ltr'><strong>iaciat,</strong></span> <span class='ocrx_word' id='word_1_159' title='bbox 1278 1480 1463 1553; x_wconf 88' lang='lat' dir='ltr'><strong>calidumque</strong></span> <span class='ocrx_word' id='word_1_160' title='bbox 1477 1482 1583 1555; x_wconf 82' lang='lat' dir='ltr'><strong>judicii</strong></span> <span class='ocrx_word' id='word_1_161' title='bbox 1611 1482 1724 1540; x_wconf 84' lang='lat' dir='ltr'><strong>ferrum</strong></span> <span class='ocrx_word' id='word_1_162' title='bbox 1738 1487 1845 1558; x_wconf 88' lang='lat' dir='ltr'><strong>portet,</strong></span> 
     </span>
     <span class='ocr_line' id='line_1_15' title="bbox 122 1563 1387 1641; baseline 0.005 -23"><span class='ocrx_word' id='word_1_163' title='bbox 122 1563 365 1620; x_wconf 85' lang='lat' dir='ltr'><strong>caballicationes</strong></span> <span class='ocrx_word' id='word_1_164' title='bbox 377 1568 426 1620; x_wconf 88' lang='lat' dir='ltr'><strong>aut</strong></span> <span class='ocrx_word' id='word_1_165' title='bbox 439 1565 629 1621; x_wconf 89' lang='lat' dir='ltr'><strong>hostilitatem</strong></span> <span class='ocrx_word' id='word_1_166' title='bbox 639 1567 736 1638; x_wconf 85' lang='lat' dir='ltr'><strong>iaciat,</strong></span> <span class='ocrx_word' id='word_1_167' title='bbox 751 1567 957 1638; x_wconf 87' lang='lat' dir='ltr'><strong>etquicunque</strong></span> <span class='ocrx_word' id='word_1_168' title='bbox 1010 1571 1123 1641; x_wconf 86' lang='lat' dir='ltr'><strong>septem</strong></span> <span class='ocrx_word' id='word_1_169' title='bbox 1138 1570 1224 1625; x_wconf 87' lang='lat' dir='ltr'><strong>annis</strong></span> <span class='ocrx_word' id='word_1_170' title='bbox 1240 1570 1387 1639; x_wconf 77' lang='lat' dir='ltr'><strong>poeniteat.</strong></span> 
     </span>
    </p>

    <p class='ocr_par' dir='ltr' id='par_1_3' title="bbox 120 1651 956 1729">
     <span class='ocr_line' id='line_1_16' title="bbox 120 1651 956 1729; baseline 0.01 -24"><span class='ocrx_word' id='word_1_171' title='bbox 120 1651 156 1707; x_wconf 88' lang='lat' dir='ltr'><strong>in</strong></span> <span class='ocrx_word' id='word_1_172' title='bbox 171 1654 391 1710; x_wconf 88' lang='lat' dir='ltr'><strong>caballicatione</strong></span> <span class='ocrx_word' id='word_1_173' title='bbox 400 1659 450 1711; x_wconf 92' lang='lat' dir='ltr'><strong>aut</strong></span> <span class='ocrx_word' id='word_1_174' title='bbox 457 1655 618 1712; x_wconf 85' lang='lat' dir='ltr'><strong>hostilitate</strong></span> <span class='ocrx_word' id='word_1_175' title='bbox 632 1655 714 1729; x_wconf 77' lang='lat' dir='ltr'><strong>regis</strong></span> <span class='ocrx_word' id='word_1_176' title='bbox 740 1656 840 1725; x_wconf 85' lang='lat' dir='ltr'><strong>tuerit,</strong></span> <span class='ocrx_word' id='word_1_177' title='bbox 854 1657 885 1712; x_wconf 93' lang='lat' dir='ltr'><strong>in</strong></span> <span class='ocrx_word' id='word_1_178' title='bbox 899 1656 956 1713; x_wconf 89' lang='lat' dir='ltr'><strong>hcc</strong></span> 
     </span>
    </p>
   </div>
   <div class='ocr_carea' id='block_1_3' title="bbox 996 1942 1075 2074">
    <p class='ocr_par' dir='ltr' id='par_1_4' title="bbox 996 1942 1075 2074">
     <span class='ocr_line' id='line_1_17' title="bbox 996 1942 1075 2074; baseline 0.025 -3"><span class='ocrx_word' id='word_1_179' title='bbox 996 1942 1075 2074; x_wconf 91' lang='lat' dir='ltr'><strong>m</strong></span> 
     </span>
    </p>
   </div>
   <div class='ocr_carea' id='block_1_4' title="bbox 121 2140 1837 2317">
    <p class='ocr_par' dir='ltr' id='par_1_5' title="bbox 121 2140 1837 2317">
     <span class='ocr_line' id='line_1_18' title="bbox 121 2140 1837 2229; baseline 0.002 -19"><span class='ocrx_word' id='word_1_180' title='bbox 121 2143 395 2210; x_wconf 85' lang='lat' dir='ltr'><strong>Normannorum</strong></span> <span class='ocrx_word' id='word_1_181' title='bbox 412 2146 556 2229; x_wconf 85' lang='lat' dir='ltr'><strong>antiquae</strong></span> <span class='ocrx_word' id='word_1_182' title='bbox 575 2143 836 2211; x_wconf 88' lang='lat' dir='ltr'><strong>consuetudines</strong></span> <span class='ocrx_word' id='word_1_183' title='bbox 852 2145 887 2205; x_wconf 88' lang='lat' dir='ltr'><strong>et</strong></span> <span class='ocrx_word' id='word_1_184' title='bbox 896 2140 1051 2228; x_wconf 85' lang='lat' dir='ltr'><strong>justitiae,</strong></span> <span class='ocrx_word' id='word_1_185' title='bbox 1074 2143 1108 2205; x_wconf 93' lang='lat' dir='ltr'><strong>in</strong></span> <span class='ocrx_word' id='word_1_186' title='bbox 1124 2141 1269 2207; x_wconf 92' lang='lat' dir='ltr'><strong>concilio</strong></span> <span class='ocrx_word' id='word_1_187' title='bbox 1285 2141 1371 2227; x_wconf 90' lang='lat' dir='ltr'><strong>apud</strong></span> <span class='ocrx_word' id='word_1_188' title='bbox 1403 2141 1625 2223; x_wconf 89' lang='lat' dir='ltr'><strong>Lillabonam‚</strong></span> <span class='ocrx_word' id='word_1_189' title='bbox 1644 2164 1732 2212; x_wconf 87' lang='lat' dir='ltr'><strong>anno</strong></span> <span class='ocrx_word' id='word_1_190' title='bbox 1751 2143 1837 2214; x_wconf 89' lang='grc'><strong>1080</strong></span> 
     </span>
     <span class='ocr_line' id='line_1_19' title="bbox 811 2228 1234 2317; baseline 0 -21"><span class='ocrx_word' id='word_1_191' title='bbox 811 2231 996 2317; x_wconf 84' lang='lat' dir='ltr'><strong>celebrato,</strong></span> <span class='ocrx_word' id='word_1_192' title='bbox 1017 2228 1234 2297; x_wconf 88' lang='lat' dir='ltr'><strong>coufirmatae.</strong></span> 
     </span>
    </p>
   </div>
   <div class='ocr_carea' id='block_1_5' title="bbox 337 2363 1621 2440">
    <p class='ocr_par' dir='ltr' id='par_1_6' title="bbox 337 2363 1621 2440">
     <span class='ocr_line' id='line_1_20' title="bbox 337 2363 1621 2440; baseline -0.003 -16"><span class='ocrx_word' id='word_1_193' title='bbox 337 2369 484 2438; x_wconf 78' lang='lat' dir='ltr'><strong>(Mauram</strong></span> <span class='ocrx_word' id='word_1_194' title='bbox 495 2370 640 2426; x_wconf 83' lang='lat' dir='ltr'><strong>Anecdot.</strong></span> <span class='ocrx_word' id='word_1_195' title='bbox 658 2372 728 2425; x_wconf 89' lang='lat' dir='ltr'><strong>tom.</strong></span> <span class='ocrx_word' id='word_1_196' title='bbox 743 2369 790 2440; x_wconf 91' lang='lat' dir='ltr'><strong>lV,</strong></span> <span class='ocrx_word' id='word_1_197' title='bbox 818 2367 873 2423; x_wconf 90' lang='lat' dir='ltr'><strong>col.</strong></span> <span class='ocrx_word' id='word_1_198' title='bbox 892 2366 953 2436; x_wconf 84' lang='lat'><strong>117,</strong></span> <span class='ocrx_word' id='word_1_199' title='bbox 970 2382 1010 2423; x_wconf 77' lang='lat' dir='ltr'><strong>ex</strong></span> <span class='ocrx_word' id='word_1_200' title='bbox 1023 2382 1076 2421; x_wconf 82' lang='lat' dir='ltr'><strong>nas.</strong></span> <span class='ocrx_word' id='word_1_201' title='bbox 1087 2375 1118 2426; x_wconf 85' lang='lat' dir='ltr'><strong>S.</strong></span> <span class='ocrx_word' id='word_1_202' title='bbox 1130 2364 1291 2422; x_wconf 75' lang='lat' dir='ltr'><strong>Michaelis</strong></span> <span class='ocrx_word' id='word_1_203' title='bbox 1305 2365 1337 2420; x_wconf 92' lang='lat' dir='ltr'><strong>in</strong></span> <span class='ocrx_word' id='word_1_204' title='bbox 1348 2363 1490 2422; x_wconf 75' lang='lat' dir='ltr'><strong>Peniculo</strong></span> <span class='ocrx_word' id='word_1_205' title='bbox 1504 2366 1621 2436; x_wconf 86' lang='lat' dir='ltr'><strong>maris.)</strong></span> 
     </span>
    </p>
   </div>
   <div class='ocr_carea' id='block_1_6' title="bbox 860 2545 1053 2559">
    <p class='ocr_par' dir='ltr' id='par_1_7' title="bbox 860 2545 1053 2559">
     <span class='ocr_line' id='line_1_21' title="bbox 860 2545 1053 2559; baseline 0.005 -3"><span class='ocrx_word' id='word_1_206' title='bbox 860 2545 1053 2559; x_wconf 56' lang='lat' dir='ltr'><strong>a*</strong></span> 
     </span>
    </p>
   </div>
   <div class='ocr_carea' id='block_1_7' title="bbox 111 2678 1837 4360">
    <p class='ocr_par' dir='ltr' id='par_1_8' title="bbox 490 2678 1442 2742">
     <span class='ocr_line' id='line_1_22' title="bbox 490 2678 1442 2742; baseline -0.004 -4"><span class='ocrx_word' id='word_1_207' title='bbox 490 2685 512 2742; x_wconf 91' lang='lat' dir='ltr'><strong>l.</strong></span> <span class='ocrx_word' id='word_1_208' title='bbox 1187 2691 1189 2694; x_wconf 73' lang='grc'>’</span> <span class='ocrx_word' id='word_1_209' title='bbox 1394 2678 1442 2734; x_wconf 91' lang='lat' dir='ltr'><strong>lll.</strong></span> 
     </span>
    </p>

    <p class='ocr_par' dir='ltr' id='par_1_9' title="bbox 111 2767 1837 4360">
     <span class='ocr_line' id='line_1_23' title="bbox 156 2767 1837 2845; baseline 0 -17"><span class='ocrx_word' id='word_1_210' title='bbox 156 2773 218 2828; x_wconf 87' lang='lat' dir='ltr'><strong>Hac</strong></span> <span class='ocrx_word' id='word_1_211' title='bbox 233 2773 496 2845; x_wconf 82' lang='lat' dir='ltr'><strong>cstjustitiaquam</strong></span> <span class='ocrx_word' id='word_1_212' title='bbox 512 2772 753 2839; x_wconf 84' lang='lat' dir='ltr'><strong>rerWillelmus‚</strong></span> <span class='ocrx_word' id='word_1_213' title='bbox 765 2772 949 2843; x_wconf 77' lang='lat' dir='ltr'><strong>quiregnnm</strong></span> <span class='ocrx_word' id='word_1_214' title='bbox 1040 2769 1119 2824; x_wconf 93' lang='lat' dir='ltr'><strong>Nulli</strong></span> <span class='ocrx_word' id='word_1_215' title='bbox 1131 2770 1212 2823; x_wconf 91' lang='lat' dir='ltr'><strong>licuit</strong></span> <span class='ocrx_word' id='word_1_216' title='bbox 1225 2770 1256 2822; x_wconf 91' lang='lat' dir='ltr'><strong>in</strong></span> <span class='ocrx_word' id='word_1_217' title='bbox 1270 2768 1451 2823; x_wconf 88' lang='lat' dir='ltr'><strong>Normannia</strong></span> <span class='ocrx_word' id='word_1_218' title='bbox 1467 2767 1720 2826; x_wconf 87' lang='lat' dir='ltr'><strong>iossatumtaeere</strong></span> <span class='ocrx_word' id='word_1_219' title='bbox 1735 2771 1766 2828; x_wconf 88' lang='lat' dir='ltr'><strong>in</strong></span> <span class='ocrx_word' id='word_1_220' title='bbox 1776 2771 1837 2843; x_wconf 79' lang='lat' dir='ltr'><strong>pla·</strong></span> 
     </span>
     <span class='ocr_line' id='line_1_24' title="bbox 118 2858 1836 2936; baseline -0.001 -17"><span class='ocrx_word' id='word_1_221' title='bbox 118 2863 422 2936; x_wconf 75' lang='lat' dir='ltr'><strong>Angliaeacquisivit,</strong></span> <span class='ocrx_word' id='word_1_222' title='bbox 453 2863 554 2917; x_wconf 88' lang='lat' dir='ltr'><strong>hahuit</strong></span> <span class='ocrx_word' id='word_1_223' title='bbox 583 2863 611 2915; x_wconf 94' lang='lat' dir='ltr'><strong>in</strong></span> <span class='ocrx_word' id='word_1_224' title='bbox 641 2862 830 2930; x_wconf 88' lang='lat' dir='ltr'><strong>Normannia,</strong></span> <span class='ocrx_word' id='word_1_225' title='bbox 856 2860 950 2914; x_wconf 90' lang='lat' dir='ltr'><strong>ethic</strong></span> <span class='ocrx_word' id='word_1_226' title='bbox 1003 2862 1199 2927; x_wconf 89' lang='lat' dir='ltr'><strong>namtcrram,</strong></span> <span class='ocrx_word' id='word_1_227' title='bbox 1216 2859 1272 2912; x_wconf 89' lang='lat' dir='ltr'><strong>nisi</strong></span> <span class='ocrx_word' id='word_1_228' title='bbox 1292 2858 1349 2911; x_wconf 91' lang='lat' dir='ltr'><strong>tale</strong></span> <span class='ocrx_word' id='word_1_229' title='bbox 1365 2859 1443 2928; x_wconf 91' lang='lat' dir='ltr'><strong>quod</strong></span> <span class='ocrx_word' id='word_1_230' title='bbox 1459 2858 1494 2911; x_wconf 90' lang='lat' dir='ltr'><strong>de</strong></span> <span class='ocrx_word' id='word_1_231' title='bbox 1509 2858 1599 2913; x_wconf 86' lang='lat' dir='ltr'><strong>tundo</strong></span> <span class='ocrx_word' id='word_1_232' title='bbox 1616 2861 1762 2927; x_wconf 89' lang='lat' dir='ltr'><strong>potuisset</strong></span> <span class='ocrx_word' id='word_1_233' title='bbox 1776 2863 1836 2917; x_wconf 88' lang='lat' dir='ltr'><strong>t&#39;er·</strong></span> 
     </span>
     <span class='ocr_line' id='line_1_25' title="bbox 114 2947 1836 3023; baseline -0.002 -15"><span class='ocrx_word' id='word_1_234' title='bbox 114 2954 304 3023; x_wconf 83' lang='lat' dir='ltr'><strong>scriptaest,</strong></span> <span class='ocrx_word' id='word_1_235' title='bbox 322 2952 563 3007; x_wconf 87' lang='lat' dir='ltr'><strong>sicutllobcrtns</strong></span> <span class='ocrx_word' id='word_1_236' title='bbox 592 2967 692 3006; x_wconf 86' lang='lat' dir='ltr'><strong>comes</strong></span> <span class='ocrx_word' id='word_1_237' title='bbox 719 2951 952 3004; x_wconf 82' lang='lat' dir='ltr'><strong>Normanniaeet</strong></span> <span class='ocrx_word' id='word_1_238' title='bbox 1002 2947 1836 3019; x_wconf 84' lang='lat' dir='ltr'><strong>ramjactarcsuperiussincscabello.Etibinullilicuit</strong></span> 
     </span>
     <span class='ocr_line' id='line_1_26' title="bbox 118 3035 1835 3111; baseline -0.002 -15"><span class='ocrx_word' id='word_1_239' title='bbox 118 3041 292 3096; x_wconf 89' lang='lat' dir='ltr'><strong>Willelmus</strong></span> <span class='ocrx_word' id='word_1_240' title='bbox 302 3057 355 3095; x_wconf 85' lang='lat' dir='ltr'><strong>rex</strong></span> <span class='ocrx_word' id='word_1_241' title='bbox 367 3041 548 3111; x_wconf 80' lang='lat' dir='ltr'><strong>Angliae,iilii</strong></span> <span class='ocrx_word' id='word_1_242' title='bbox 558 3040 625 3111; x_wconf 80' lang='lat' dir='ltr'><strong>ejus</strong></span> <span class='ocrx_word' id='word_1_243' title='bbox 635 3043 662 3094; x_wconf 88' lang='lat' dir='ltr'><strong>et</strong></span> <span class='ocrx_word' id='word_1_244' title='bbox 671 3040 806 3094; x_wconf 72' lang='lat' dir='ltr'><strong>haeredes</strong></span> <span class='ocrx_word' id='word_1_245' title='bbox 818 3038 952 3110; x_wconf 85' lang='lat' dir='ltr'><strong>praedicti</strong></span> <span class='ocrx_word' id='word_1_246' title='bbox 1003 3037 1101 3092; x_wconf 85' lang='lat' dir='ltr'><strong>iacere</strong></span> <span class='ocrx_word' id='word_1_247' title='bbox 1117 3035 1326 3105; x_wconf 88' lang='lat' dir='ltr'><strong>palicium,nisi</strong></span> <span class='ocrx_word' id='word_1_248' title='bbox 1336 3036 1365 3089; x_wconf 92' lang='lat' dir='ltr'><strong>in</strong></span> <span class='ocrx_word' id='word_1_249' title='bbox 1377 3051 1434 3089; x_wconf 87' lang='lat' dir='ltr'><strong>una</strong></span> <span class='ocrx_word' id='word_1_250' title='bbox 1450 3035 1553 3106; x_wconf 82' lang='lat' dir='ltr'><strong>regula</strong></span> <span class='ocrx_word' id='word_1_251' title='bbox 1570 3051 1577 3090; x_wconf 93' lang='lat'><strong>:</strong></span> <span class='ocrx_word' id='word_1_252' title='bbox 1594 3039 1622 3090; x_wconf 92' lang='lat' dir='ltr'><strong>et</strong></span> <span class='ocrx_word' id='word_1_253' title='bbox 1637 3036 1666 3089; x_wconf 92' lang='lat' dir='ltr'><strong>id</strong></span> <span class='ocrx_word' id='word_1_254' title='bbox 1683 3037 1748 3093; x_wconf 88' lang='lat' dir='ltr'><strong>sine</strong></span> <span class='ocrx_word' id='word_1_255' title='bbox 1763 3053 1835 3107; x_wconf 87' lang='lat' dir='ltr'><strong>pro·</strong></span> 
     </span>
     <span class='ocr_line' id='line_1_27' title="bbox 113 3123 1835 3202; baseline -0.002 -16"><span class='ocrx_word' id='word_1_256' title='bbox 113 3130 343 3202; x_wconf 76' lang='lat' dir='ltr'><strong>registecerunt</strong></span> <span class='ocrx_word' id='word_1_257' title='bbox 360 3130 511 3185; x_wconf 88' lang='lat' dir='ltr'><strong>recordari</strong></span> <span class='ocrx_word' id='word_1_258' title='bbox 527 3133 555 3185; x_wconf 89' lang='lat' dir='ltr'><strong>et</strong></span> <span class='ocrx_word' id='word_1_259' title='bbox 571 3130 663 3184; x_wconf 87' lang='lat' dir='ltr'><strong>scribi</strong></span> <span class='ocrx_word' id='word_1_260' title='bbox 677 3144 731 3198; x_wconf 90' lang='lat' dir='ltr'><strong>per</strong></span> <span class='ocrx_word' id='word_1_261' title='bbox 745 3142 903 3198; x_wconf 74' lang='lat' dir='ltr'><strong>episcopos</strong></span> <span class='ocrx_word' id='word_1_262' title='bbox 923 3130 953 3181; x_wconf 90' lang='lat' dir='ltr'><strong>et</strong></span> <span class='ocrx_word' id='word_1_263' title='bbox 1002 3125 1178 3198; x_wconf 83' lang='lat' dir='ltr'><strong>pugnaculis</strong></span> <span class='ocrx_word' id='word_1_264' title='bbox 1195 3128 1223 3179; x_wconf 91' lang='lat' dir='ltr'><strong>ct</strong></span> <span class='ocrx_word' id='word_1_265' title='bbox 1237 3125 1378 3179; x_wconf 89' lang='lat' dir='ltr'><strong>alatoriis.</strong></span> <span class='ocrx_word' id='word_1_266' title='bbox 1395 3123 1431 3177; x_wconf 89' lang='lat' dir='ltr'><strong>Et</strong></span> <span class='ocrx_word' id='word_1_267' title='bbox 1445 3125 1475 3178; x_wconf 92' lang='lat' dir='ltr'><strong>in</strong></span> <span class='ocrx_word' id='word_1_268' title='bbox 1485 3141 1558 3193; x_wconf 91' lang='lat' dir='ltr'><strong>rupe</strong></span> <span class='ocrx_word' id='word_1_269' title='bbox 1573 3129 1601 3180; x_wconf 88' lang='lat' dir='ltr'><strong>et</strong></span> <span class='ocrx_word' id='word_1_270' title='bbox 1616 3125 1835 3183; x_wconf 87' lang='lat' dir='ltr'><strong>ininsulanulli</strong></span> 
     </span>
     <span class='ocr_line' id='line_1_28' title="bbox 113 3213 1834 3289; baseline -0.001 -15"><span class='ocrx_word' id='word_1_271' title='bbox 113 3219 490 3274; x_wconf 86' lang='lat' dir='ltr'><strong>baronessuoseadcmdie</strong></span> <span class='ocrx_word' id='word_1_272' title='bbox 500 3237 538 3272; x_wconf 83' lang='lat' dir='ltr'><strong>xv</strong></span> <span class='ocrx_word' id='word_1_273' title='bbox 548 3215 951 3289; x_wconf 78' lang='lat' dir='ltr'><strong>Kalendasdugusti.Etboec</strong></span> <span class='ocrx_word' id='word_1_274' title='bbox 1002 3215 1084 3269; x_wconf 90' lang='lat' dir='ltr'><strong>licuit</strong></span> <span class='ocrx_word' id='word_1_275' title='bbox 1095 3214 1193 3269; x_wconf 86' lang='lat' dir='ltr'><strong>iacere</strong></span> <span class='ocrx_word' id='word_1_276' title='bbox 1209 3213 1420 3282; x_wconf 83' lang='lat' dir='ltr'><strong>tortitudinem,</strong></span> <span class='ocrx_word' id='word_1_277' title='bbox 1437 3214 1545 3270; x_wconf 91' lang='lat' dir='ltr'><strong>ctnulli</strong></span> <span class='ocrx_word' id='word_1_278' title='bbox 1559 3214 1641 3270; x_wconf 91' lang='lat' dir='ltr'><strong>licuit</strong></span> <span class='ocrx_word' id='word_1_279' title='bbox 1650 3214 1681 3269; x_wconf 88' lang='lat' dir='ltr'><strong>in</strong></span> <span class='ocrx_word' id='word_1_280' title='bbox 1689 3215 1834 3273; x_wconf 88' lang='lat' dir='ltr'><strong>Norman·</strong></span> 
     </span>
     <span class='ocr_line' id='line_1_29' title="bbox 113 3300 1347 3380; baseline -0.006 -15"><span class='ocrx_word' id='word_1_281' title='bbox 113 3305 950 3380; x_wconf 66' lang='lat' dir='ltr'><strong>estiustitiadominiNormanniae,q110dincuriasua,vel</strong></span> <span class='ocrx_word' id='word_1_282' title='bbox 1002 3305 1049 3359; x_wconf 89' lang='lat' dir='ltr'><strong>nia</strong></span> <span class='ocrx_word' id='word_1_283' title='bbox 1067 3302 1221 3357; x_wconf 89' lang='lat' dir='ltr'><strong>castellum</strong></span> <span class='ocrx_word' id='word_1_284' title='bbox 1238 3300 1347 3357; x_wconf 87' lang='lat' dir='ltr'><strong>facere.</strong></span> 
     </span>
     <span class='ocr_line' id='line_1_30' title="bbox 114 3392 1442 3453; baseline -0.005 -1"><span class='ocrx_word' id='word_1_285' title='bbox 114 3397 216 3453; x_wconf 88' lang='lat' dir='ltr'><strong>eundo</strong></span> <span class='ocrx_word' id='word_1_286' title='bbox 224 3397 378 3451; x_wconf 87' lang='lat' dir='ltr'><strong>adcuriam</strong></span> <span class='ocrx_word' id='word_1_287' title='bbox 390 3396 436 3451; x_wconf 89' lang='lat' dir='ltr'><strong>vel</strong></span> <span class='ocrx_word' id='word_1_288' title='bbox 445 3397 595 3451; x_wconf 89' lang='lat' dir='ltr'><strong>redeundo</strong></span> <span class='ocrx_word' id='word_1_289' title='bbox 607 3396 643 3450; x_wconf 91' lang='lat' dir='ltr'><strong>dc</strong></span> <span class='ocrx_word' id='word_1_290' title='bbox 655 3396 736 3450; x_wconf 87' lang='lat' dir='ltr'><strong>curia</strong></span> <span class='ocrx_word' id='word_1_291' title='bbox 746 3395 846 3449; x_wconf 91' lang='lat' dir='ltr'><strong>nullus</strong></span> <span class='ocrx_word' id='word_1_292' title='bbox 863 3394 951 3448; x_wconf 90' lang='lat' dir='ltr'><strong>homo</strong></span> <span class='ocrx_word' id='word_1_293' title='bbox 1394 3392 1442 3446; x_wconf 89' lang='lat' dir='ltr'><strong>IV.</strong></span> 
     </span>
     <span class='ocr_line' id='line_1_31' title="bbox 111 3480 1834 3560; baseline 0.002 -21"><span class='ocrx_word' id='word_1_294' title='bbox 111 3485 517 3560; x_wconf 75' lang='lat' dir='ltr'><strong>gardamhabuitdeinimico</strong></span> <span class='ocrx_word' id='word_1_295' title='bbox 528 3483 950 3556; x_wconf 76' lang='lat' dir='ltr'><strong>suotetsialiqnisdeinimicc</strong></span> <span class='ocrx_word' id='word_1_296' title='bbox 1038 3482 1073 3536; x_wconf 87' lang='lat' dir='ltr'><strong>Et</strong></span> <span class='ocrx_word' id='word_1_297' title='bbox 1088 3481 1160 3536; x_wconf 89' lang='lat' dir='ltr'><strong>nulli</strong></span> <span class='ocrx_word' id='word_1_298' title='bbox 1179 3481 1262 3536; x_wconf 90' lang='lat' dir='ltr'><strong>licuit</strong></span> <span class='ocrx_word' id='word_1_299' title='bbox 1277 3481 1306 3535; x_wconf 92' lang='lat' dir='ltr'><strong>in</strong></span> <span class='ocrx_word' id='word_1_300' title='bbox 1322 3480 1502 3535; x_wconf 88' lang='lat' dir='ltr'><strong>Normannia</strong></span> <span class='ocrx_word' id='word_1_301' title='bbox 1516 3497 1569 3551; x_wconf 87' lang='lat' dir='ltr'><strong>pro</strong></span> <span class='ocrx_word' id='word_1_302' title='bbox 1585 3483 1834 3542; x_wconf 67' lang='lat' dir='ltr'><strong>calumniatores</strong></span> 
     </span>
     <span class='ocr_line' id='line_1_32' title="bbox 113 3570 1836 3644; baseline -0.001 -14"><span class='ocrx_word' id='word_1_303' title='bbox 113 3590 173 3630; x_wconf 80' lang='lat' dir='ltr'><strong>suo</strong></span> <span class='ocrx_word' id='word_1_304' title='bbox 188 3575 218 3628; x_wconf 94' lang='lat' dir='ltr'><strong>in</strong></span> <span class='ocrx_word' id='word_1_305' title='bbox 234 3575 278 3628; x_wconf 89' lang='lat' dir='ltr'><strong>via</strong></span> <span class='ocrx_word' id='word_1_306' title='bbox 291 3575 383 3630; x_wconf 90' lang='lat' dir='ltr'><strong>curiae</strong></span> <span class='ocrx_word' id='word_1_307' title='bbox 394 3575 441 3630; x_wconf 91' lang='lat' dir='ltr'><strong>vel</strong></span> <span class='ocrx_word' id='word_1_308' title='bbox 465 3576 494 3628; x_wconf 92' lang='lat' dir='ltr'><strong>in</strong></span> <span class='ocrx_word' id='word_1_309' title='bbox 516 3575 596 3628; x_wconf 87' lang='lat' dir='ltr'><strong>curia</strong></span> <span class='ocrx_word' id='word_1_310' title='bbox 620 3574 810 3641; x_wconf 86' lang='lat' dir='ltr'><strong>torislecer·it;</strong></span> <span class='ocrx_word' id='word_1_311' title='bbox 822 3575 861 3626; x_wconf 89' lang='lat' dir='ltr'><strong>ita</strong></span> <span class='ocrx_word' id='word_1_312' title='bbox 871 3570 950 3642; x_wconf 91' lang='lat' dir='ltr'><strong>quod</strong></span> <span class='ocrx_word' id='word_1_313' title='bbox 1002 3573 1119 3627; x_wconf 90' lang='lat' dir='ltr'><strong>domum</strong></span> <span class='ocrx_word' id='word_1_314' title='bbox 1136 3572 1182 3625; x_wconf 90' lang='lat' dir='ltr'><strong>vel</strong></span> <span class='ocrx_word' id='word_1_315' title='bbox 1197 3571 1397 3625; x_wconf 89' lang='lat' dir='ltr'><strong>molendinum</strong></span> <span class='ocrx_word' id='word_1_316' title='bbox 1411 3571 1525 3640; x_wconf 90' lang='lat' dir='ltr'><strong>ardere,</strong></span> <span class='ocrx_word' id='word_1_317' title='bbox 1540 3571 1724 3644; x_wconf 86' lang='lat' dir='ltr'><strong>velutiquam</strong></span> <span class='ocrx_word' id='word_1_318' title='bbox 1739 3575 1836 3630; x_wconf 84' lang='lat' dir='ltr'><strong>vasta·</strong></span> 
     </span>
     <span class='ocr_line' id='line_1_33' title="bbox 112 3660 1574 3735; baseline -0.001 -18"><span class='ocrx_word' id='word_1_319' title='bbox 112 3664 182 3735; x_wconf 88' lang='lat' dir='ltr'><strong>ipse</strong></span> <span class='ocrx_word' id='word_1_320' title='bbox 194 3667 284 3719; x_wconf 82' lang='lat' dir='ltr'><strong>sciret</strong></span> <span class='ocrx_word' id='word_1_321' title='bbox 292 3664 370 3734; x_wconf 90' lang='lat' dir='ltr'><strong>qnod</strong></span> <span class='ocrx_word' id='word_1_322' title='bbox 382 3664 430 3718; x_wconf 92' lang='lat' dir='ltr'><strong>illc</strong></span> <span class='ocrx_word' id='word_1_323' title='bbox 451 3664 499 3718; x_wconf 90' lang='lat' dir='ltr'><strong>cui</strong></span> <span class='ocrx_word' id='word_1_324' title='bbox 514 3664 621 3718; x_wconf 90' lang='lat' dir='ltr'><strong>malum</strong></span> <span class='ocrx_word' id='word_1_325' title='bbox 637 3664 706 3716; x_wconf 86' lang='lat' dir='ltr'><strong>iecit</strong></span> <span class='ocrx_word' id='word_1_326' title='bbox 721 3664 757 3716; x_wconf 90' lang='lat' dir='ltr'><strong>ad</strong></span> <span class='ocrx_word' id='word_1_327' title='bbox 768 3665 879 3716; x_wconf 88' lang='lat' dir='ltr'><strong>curiam</strong></span> <span class='ocrx_word' id='word_1_328' title='bbox 895 3661 951 3715; x_wconf 89' lang='lat' dir='ltr'><strong>iret</strong></span> <span class='ocrx_word' id='word_1_329' title='bbox 1000 3661 1110 3717; x_wconf 91' lang='lat' dir='ltr'><strong>tionem</strong></span> <span class='ocrx_word' id='word_1_330' title='bbox 1124 3660 1233 3730; x_wconf 87' lang='lat' dir='ltr'><strong>iacere,</strong></span> <span class='ocrx_word' id='word_1_331' title='bbox 1251 3661 1298 3715; x_wconf 92' lang='lat' dir='ltr'><strong>vel</strong></span> <span class='ocrx_word' id='word_1_332' title='bbox 1313 3660 1444 3730; x_wconf 87' lang='lat' dir='ltr'><strong>praedam</strong></span> <span class='ocrx_word' id='word_1_333' title='bbox 1458 3676 1574 3732; x_wconf 88' lang='lat' dir='ltr'><strong>capere.</strong></span> 
     </span>
     <span class='ocr_line' id='line_1_34' title="bbox 114 3751 1433 3823; baseline -0.002 -16"><span class='ocrx_word' id='word_1_334' title='bbox 114 3753 166 3808; x_wconf 89' lang='lat' dir='ltr'><strong>vel</strong></span> <span class='ocrx_word' id='word_1_335' title='bbox 181 3753 247 3807; x_wconf 91' lang='lat' dir='ltr'><strong>inde</strong></span> <span class='ocrx_word' id='word_1_336' title='bbox 263 3753 374 3807; x_wconf 87' lang='lat' dir='ltr'><strong>rediret</strong></span> <span class='ocrx_word' id='word_1_337' title='bbox 391 3768 397 3805; x_wconf 75' lang='grc' dir='ltr'><em>τ</em></span> <span class='ocrx_word' id='word_1_338' title='bbox 415 3753 439 3806; x_wconf 90' lang='lat' dir='ltr'><strong>si</strong></span> <span class='ocrx_word' id='word_1_339' title='bbox 456 3754 599 3823; x_wconf 83' lang='lat' dir='ltr'><strong>probatus</strong></span> <span class='ocrx_word' id='word_1_340' title='bbox 615 3752 682 3807; x_wconf 90' lang='lat' dir='ltr'><strong>inde</strong></span> <span class='ocrx_word' id='word_1_341' title='bbox 697 3751 795 3819; x_wconf 84' lang='lat' dir='ltr'><strong>luerit,</strong></span> <span class='ocrx_word' id='word_1_342' title='bbox 810 3755 838 3807; x_wconf 90' lang='lat' dir='ltr'><strong>et</strong></span> <span class='ocrx_word' id='word_1_343' title='bbox 853 3751 950 3806; x_wconf 91' lang='lat' dir='ltr'><strong>domi·</strong></span> <span class='ocrx_word' id='word_1_344' title='bbox 1399 3751 1433 3805; x_wconf 87' lang='lat' dir='ltr'><strong>V.</strong></span> 
     </span>
     <span class='ocr_line' id='line_1_35' title="bbox 113 3838 1836 3911; baseline 0.001 -14"><span class='ocrx_word' id='word_1_345' title='bbox 113 3841 380 3897; x_wconf 76' lang='lat' dir='ltr'><strong>nuchrmanniae</strong></span> <span class='ocrx_word' id='word_1_346' title='bbox 398 3842 499 3896; x_wconf 90' lang='lat' dir='ltr'><strong>habuit</strong></span> <span class='ocrx_word' id='word_1_347' title='bbox 525 3841 949 3911; x_wconf 89' lang='lat' dir='ltr'><strong>suampecuniameteorpus</strong></span> <span class='ocrx_word' id='word_1_348' title='bbox 1036 3840 1115 3894; x_wconf 92' lang='lat' dir='ltr'><strong>Nulli</strong></span> <span class='ocrx_word' id='word_1_349' title='bbox 1144 3841 1227 3895; x_wconf 88' lang='lat' dir='ltr'><strong>licuit</strong></span> <span class='ocrx_word' id='word_1_350' title='bbox 1255 3841 1284 3894; x_wconf 94' lang='lat' dir='ltr'><strong>in</strong></span> <span class='ocrx_word' id='word_1_351' title='bbox 1307 3838 1704 3896; x_wconf 86' lang='lat' dir='ltr'><strong>Normanniaiortitudinem</strong></span> <span class='ocrx_word' id='word_1_352' title='bbox 1718 3841 1836 3901; x_wconf 71' lang='lat' dir='ltr'><strong>castelli</strong></span> 
     </span>
     <span class='ocr_line' id='line_1_36' title="bbox 113 3928 1836 4028; baseline 0.002 -42"><span class='ocrx_word' id='word_1_353' title='bbox 113 3930 185 4002; x_wconf 87' lang='lat' dir='ltr'><strong>ejus</strong></span> <span class='ocrx_word' id='word_1_354' title='bbox 201 3932 236 3984; x_wconf 89' lang='lat' dir='ltr'><strong>ad</strong></span> <span class='ocrx_word' id='word_1_355' title='bbox 251 3930 494 4002; x_wconf 81' lang='lat' dir='ltr'><strong>suamjustitiam</strong></span> <span class='ocrx_word' id='word_1_356' title='bbox 509 3930 684 3999; x_wconf 86' lang='lat' dir='ltr'><strong>taciendam,</strong></span> <span class='ocrx_word' id='word_1_357' title='bbox 701 3934 849 3984; x_wconf 89' lang='lat' dir='ltr'><strong>atterram</strong></span> <span class='ocrx_word' id='word_1_358' title='bbox 865 3945 949 3984; x_wconf 91' lang='lat' dir='ltr'><strong>suam</strong></span> <span class='ocrx_word' id='word_1_359' title='bbox 966 3929 1048 4028; x_wconf 85' lang='lat' dir='ltr'><strong>Csui</strong></span> <span class='ocrx_word' id='word_1_360' title='bbox 1064 3932 1165 3984; x_wconf 87' lang='lat' dir='ltr'><strong>vetare</strong></span> <span class='ocrx_word' id='word_1_361' title='bbox 1196 3930 1314 3984; x_wconf 92' lang='lat' dir='ltr'><strong>domino</strong></span> <span class='ocrx_word' id='word_1_362' title='bbox 1339 3928 1539 3999; x_wconf 80' lang='lat' dir='ltr'><strong>Ncrmannire3</strong></span> <span class='ocrx_word' id='word_1_363' title='bbox 1555 3931 1583 3983; x_wconf 93' lang='lat' dir='ltr'><strong>et</strong></span> <span class='ocrx_word' id='word_1_364' title='bbox 1603 3930 1629 3984; x_wconf 89' lang='lat' dir='ltr'><strong>si</strong></span> <span class='ocrx_word' id='word_1_365' title='bbox 1645 3931 1710 4000; x_wconf 89' lang='lat' dir='ltr'><strong>ipsc</strong></span> <span class='ocrx_word' id='word_1_366' title='bbox 1725 3945 1790 3985; x_wconf 90' lang='lat' dir='ltr'><strong>eam</strong></span> <span class='ocrx_word' id='word_1_367' title='bbox 1803 3930 1836 3989; x_wconf 71' lang='lat' dir='ltr'><strong>i!</strong></span> 
     </span>
     <span class='ocr_line' id='line_1_37' title="bbox 112 4015 1836 4091; baseline 0.002 -18"><span class='ocrx_word' id='word_1_368' title='bbox 112 4018 256 4090; x_wconf 82' lang='lat' dir='ltr'><strong>perdidit3</strong></span> <span class='ocrx_word' id='word_1_369' title='bbox 271 4019 310 4073; x_wconf 89' lang='lat' dir='ltr'><strong>ita</strong></span> <span class='ocrx_word' id='word_1_370' title='bbox 332 4020 410 4090; x_wconf 89' lang='lat' dir='ltr'><strong>quod</strong></span> <span class='ocrx_word' id='word_1_371' title='bbox 433 4035 488 4074; x_wconf 91' lang='lat' dir='ltr'><strong>nec</strong></span> <span class='ocrx_word' id='word_1_372' title='bbox 513 4020 577 4090; x_wconf 89' lang='lat' dir='ltr'><strong>ipse</strong></span> <span class='ocrx_word' id='word_1_373' title='bbox 591 4035 646 4074; x_wconf 90' lang='lat' dir='ltr'><strong>nec</strong></span> <span class='ocrx_word' id='word_1_374' title='bbox 658 4021 765 4091; x_wconf 89' lang='lat' dir='ltr'><strong>aliquis</strong></span> <span class='ocrx_word' id='word_1_375' title='bbox 775 4019 811 4075; x_wconf 92' lang='lat' dir='ltr'><strong>de</strong></span> <span class='ocrx_word' id='word_1_376' title='bbox 821 4020 948 4088; x_wconf 90' lang='lat' dir='ltr'><strong>parenti·</strong></span> <span class='ocrx_word' id='word_1_377' title='bbox 1000 4035 1117 4073; x_wconf 88' lang='lat' dir='ltr'><strong>manum</strong></span> <span class='ocrx_word' id='word_1_378' title='bbox 1135 4034 1219 4072; x_wconf 88' lang='lat' dir='ltr'><strong>suam</strong></span> <span class='ocrx_word' id='word_1_379' title='bbox 1235 4017 1360 4071; x_wconf 91' lang='lat' dir='ltr'><strong>voluerit</strong></span> <span class='ocrx_word' id='word_1_380' title='bbox 1376 4015 1496 4085; x_wconf 77' lang='lat' dir='ltr'><strong>habore3</strong></span> <span class='ocrx_word' id='word_1_381' title='bbox 1511 4023 1538 4072; x_wconf 92' lang='lat' dir='ltr'><strong>et</strong></span> <span class='ocrx_word' id='word_1_382' title='bbox 1554 4019 1580 4071; x_wconf 92' lang='lat' dir='ltr'><strong>si</strong></span> <span class='ocrx_word' id='word_1_383' title='bbox 1604 4019 1742 4074; x_wconf 89' lang='lat' dir='ltr'><strong>dominus</strong></span> <span class='ocrx_word' id='word_1_384' title='bbox 1757 4020 1836 4076; x_wconf 87' lang='lat' dir='ltr'><strong>Nor·</strong></span> 
     </span>
     <span class='ocr_line' id='line_1_38' title="bbox 113 4105 1834 4180; baseline 0.003 -18"><span class='ocrx_word' id='word_1_385' title='bbox 113 4109 174 4163; x_wconf 86' lang='lat' dir='ltr'><strong>bus</strong></span> <span class='ocrx_word' id='word_1_386' title='bbox 186 4109 250 4162; x_wconf 87' lang='lat' dir='ltr'><strong>suis</strong></span> <span class='ocrx_word' id='word_1_387' title='bbox 266 4124 330 4162; x_wconf 90' lang='lat' dir='ltr'><strong>cam</strong></span> <span class='ocrx_word' id='word_1_388' title='bbox 342 4109 468 4164; x_wconf 88' lang='lat' dir='ltr'><strong>clamare</strong></span> <span class='ocrx_word' id='word_1_389' title='bbox 478 4110 582 4180; x_wconf 77' lang='lat' dir='ltr'><strong>potuit3</strong></span> <span class='ocrx_word' id='word_1_390' title='bbox 593 4112 621 4164; x_wconf 90' lang='lat' dir='ltr'><strong>et</strong></span> <span class='ocrx_word' id='word_1_391' title='bbox 636 4111 663 4164; x_wconf 87' lang='lat' dir='ltr'><strong>si</strong></span> <span class='ocrx_word' id='word_1_392' title='bbox 679 4108 839 4164; x_wconf 83' lang='lat' dir='ltr'><strong>defendere</strong></span> <span class='ocrx_word' id='word_1_393' title='bbox 849 4111 949 4177; x_wconf 91' lang='lat' dir='ltr'><strong>potue·</strong></span> <span class='ocrx_word' id='word_1_394' title='bbox 1000 4108 1126 4163; x_wconf 80' lang='lat' dir='ltr'><strong>mannioe</strong></span> <span class='ocrx_word' id='word_1_395' title='bbox 1141 4108 1243 4175; x_wconf 83' lang='lat' dir='ltr'><strong>silium,</strong></span> <span class='ocrx_word' id='word_1_396' title='bbox 1273 4107 1319 4160; x_wconf 92' lang='lat' dir='ltr'><strong>vel</strong></span> <span class='ocrx_word' id='word_1_397' title='bbox 1336 4106 1467 4172; x_wconf 87' lang='lat' dir='ltr'><strong>tratrem,</strong></span> <span class='ocrx_word' id='word_1_398' title='bbox 1486 4105 1533 4159; x_wconf 89' lang='lat' dir='ltr'><strong>vel</strong></span> <span class='ocrx_word' id='word_1_399' title='bbox 1560 4111 1696 4176; x_wconf 90' lang='lat' dir='ltr'><strong>nepotem</strong></span> <span class='ocrx_word' id='word_1_400' title='bbox 1711 4109 1834 4167; x_wconf 85' lang='lat' dir='ltr'><strong>baronis</strong></span> 
     </span>
     <span class='ocr_line' id='line_1_39' title="bbox 112 4193 1834 4268; baseline 0.002 -17"><span class='ocrx_word' id='word_1_401' title='bbox 112 4198 154 4252; x_wconf 88' lang='lat' dir='ltr'><strong>rit</strong></span> <span class='ocrx_word' id='word_1_402' title='bbox 168 4197 246 4268; x_wconf 93' lang='lat' dir='ltr'><strong>quod</strong></span> <span class='ocrx_word' id='word_1_403' title='bbox 261 4199 393 4253; x_wconf 84' lang='lat' dir='ltr'><strong>scienter</strong></span> <span class='ocrx_word' id='word_1_404' title='bbox 415 4198 471 4254; x_wconf 94' lang='lat' dir='ltr'><strong>hoc</strong></span> <span class='ocrx_word' id='word_1_405' title='bbox 487 4215 546 4253; x_wconf 92' lang='lat' dir='ltr'><strong>non</strong></span> <span class='ocrx_word' id='word_1_406' title='bbox 561 4199 694 4268; x_wconf 86' lang='lat' dir='ltr'><strong>iecisset,</strong></span> <span class='ocrx_word' id='word_1_407' title='bbox 724 4214 778 4268; x_wconf 86' lang='lat' dir='ltr'><strong>per</strong></span> <span class='ocrx_word' id='word_1_408' title='bbox 792 4198 946 4268; x_wconf 89' lang='lat' dir='ltr'><strong>pecuniam</strong></span> <span class='ocrx_word' id='word_1_409' title='bbox 1002 4199 1059 4266; x_wconf 88' lang='lat' dir='ltr'><strong>sui,</strong></span> <span class='ocrx_word' id='word_1_410' title='bbox 1077 4198 1127 4268; x_wconf 91' lang='lat' dir='ltr'><strong>qui</strong></span> <span class='ocrx_word' id='word_1_411' title='bbox 1141 4212 1199 4251; x_wconf 93' lang='lat' dir='ltr'><strong>non</strong></span> <span class='ocrx_word' id='word_1_412' title='bbox 1210 4197 1292 4250; x_wconf 90' lang='lat' dir='ltr'><strong>esset</strong></span> <span class='ocrx_word' id='word_1_413' title='bbox 1307 4195 1403 4261; x_wconf 92' lang='lat' dir='ltr'><strong>miles,</strong></span> <span class='ocrx_word' id='word_1_414' title='bbox 1416 4193 1508 4247; x_wconf 91' lang='lat' dir='ltr'><strong>voluit</strong></span> <span class='ocrx_word' id='word_1_415' title='bbox 1523 4194 1632 4249; x_wconf 88' lang='lat' dir='ltr'><strong>habere</strong></span> <span class='ocrx_word' id='word_1_416' title='bbox 1647 4196 1782 4253; x_wconf 89' lang='lat' dir='ltr'><strong>obsidem</strong></span> <span class='ocrx_word' id='word_1_417' title='bbox 1797 4199 1834 4254; x_wconf 90' lang='lat' dir='ltr'><strong>de</strong></span> 
     </span>
     <span class='ocr_line' id='line_1_40' title="bbox 112 4281 1760 4360; baseline -0.002 -17"><span class='ocrx_word' id='word_1_418' title='bbox 112 4287 170 4343; x_wconf 80' lang='lat' dir='ltr'><strong>tuit</strong></span> <span class='ocrx_word' id='word_1_419' title='bbox 180 4287 424 4343; x_wconf 88' lang='lat' dir='ltr'><strong>inmisericordia</strong></span> <span class='ocrx_word' id='word_1_420' title='bbox 434 4288 544 4343; x_wconf 91' lang='lat' dir='ltr'><strong>domini</strong></span> <span class='ocrx_word' id='word_1_421' title='bbox 560 4288 751 4343; x_wconf 83' lang='lat' dir='ltr'><strong>Normannioe</strong></span> <span class='ocrx_word' id='word_1_422' title='bbox 770 4287 835 4342; x_wconf 91' lang='lat' dir='ltr'><strong>sine</strong></span> <span class='ocrx_word' id='word_1_423' title='bbox 846 4288 946 4358; x_wconf 91' lang='lat' dir='ltr'><strong>perdi·</strong></span> <span class='ocrx_word' id='word_1_424' title='bbox 1001 4287 1143 4360; x_wconf 83' lang='lat' dir='ltr'><strong>portanda</strong></span> <span class='ocrx_word' id='word_1_425' title='bbox 1158 4285 1216 4340; x_wconf 85' lang='lat' dir='ltr'><strong>fide</strong></span> <span class='ocrx_word' id='word_1_426' title='bbox 1232 4300 1238 4340; x_wconf 93' lang='lat'>:</span> <span class='ocrx_word' id='word_1_427' title='bbox 1255 4283 1354 4338; x_wconf 88' lang='lat' dir='ltr'><strong>nullus</strong></span> <span class='ocrx_word' id='word_1_428' title='bbox 1365 4281 1425 4336; x_wconf 88' lang='lat' dir='ltr'><strong>sibi</strong></span> <span class='ocrx_word' id='word_1_429' title='bbox 1441 4282 1642 4339; x_wconf 88' lang='lat' dir='ltr'><strong>contradicere</strong></span> <span class='ocrx_word' id='word_1_430' title='bbox 1657 4283 1760 4354; x_wconf 89' lang='lat' dir='ltr'><strong>potuit.</strong></span> 
     </span>
    </p>
   </div>
   <div class='ocr_carea' id='block_1_8' title="bbox 111 4366 1834 4531">
    <p class='ocr_par' dir='ltr' id='par_1_10' title="bbox 111 4366 1834 4531">
     <span class='ocr_line' id='line_1_41' title="bbox 111 4366 1445 4432; baseline -0.003 -2"><span class='ocrx_word' id='word_1_431' title='bbox 111 4376 195 4431; x_wconf 92' lang='lat' dir='ltr'><strong>tione</strong></span> <span class='ocrx_word' id='word_1_432' title='bbox 209 4379 306 4432; x_wconf 79' lang='lat' dir='ltr'><strong>terrae.</strong></span> <span class='ocrx_word' id='word_1_433' title='bbox 1393 4366 1445 4426; x_wconf 79' lang='lat' dir='ltr'><strong>Vl.</strong></span> 
     </span>
     <span class='ocr_line' id='line_1_42' title="bbox 511 4459 1834 4531; baseline -0.002 -11"><span class='ocrx_word' id='word_1_434' title='bbox 511 4467 546 4522; x_wconf 89' lang='lat' dir='ltr'><strong>ll.</strong></span> <span class='ocrx_word' id='word_1_435' title='bbox 1036 4462 1116 4518; x_wconf 90' lang='lat' dir='ltr'><strong>Nulli</strong></span> <span class='ocrx_word' id='word_1_436' title='bbox 1144 4461 1227 4517; x_wconf 92' lang='lat' dir='ltr'><strong>licuit</strong></span> <span class='ocrx_word' id='word_1_437' title='bbox 1249 4459 1279 4515; x_wconf 93' lang='lat' dir='ltr'><strong>in</strong></span> <span class='ocrx_word' id='word_1_438' title='bbox 1294 4459 1474 4515; x_wconf 88' lang='lat' dir='ltr'><strong>Ncrmannia</strong></span> <span class='ocrx_word' id='word_1_439' title='bbox 1489 4459 1518 4513; x_wconf 92' lang='lat' dir='ltr'><strong>in</strong></span> <span class='ocrx_word' id='word_1_440' title='bbox 1533 4459 1657 4515; x_wconf 81' lang='lat' dir='ltr'><strong>forestis</strong></span> <span class='ocrx_word' id='word_1_441' title='bbox 1671 4459 1768 4531; x_wconf 87' lang='lat' dir='ltr'><strong>ipsius</strong></span> <span class='ocrx_word' id='word_1_442' title='bbox 1782 4460 1834 4518; x_wconf 86' lang='lat' dir='ltr'><strong>dc·</strong></span> 
     </span>
    </p>
   </div>
   <div class='ocr_carea' id='block_1_9' title="bbox 107 4549 1875 5518">
    <p class='ocr_par' dir='ltr' id='par_1_11' title="bbox 150 4549 1725 4625">
     <span class='ocr_line' id='line_1_43' title="bbox 150 4549 1725 4625; baseline 0 -18"><span class='ocrx_word' id='word_1_443' title='bbox 150 4553 186 4607; x_wconf 85' lang='lat' dir='ltr'><strong>Et</strong></span> <span class='ocrx_word' id='word_1_444' title='bbox 200 4555 229 4608; x_wconf 93' lang='lat' dir='ltr'><strong>in</strong></span> <span class='ocrx_word' id='word_1_445' title='bbox 244 4555 292 4609; x_wconf 89' lang='lat' dir='ltr'><strong>vin</strong></span> <span class='ocrx_word' id='word_1_446' title='bbox 303 4555 461 4625; x_wconf 84' lang='lat' dir='ltr'><strong>exercitus,</strong></span> <span class='ocrx_word' id='word_1_447' title='bbox 474 4557 539 4611; x_wconf 91' lang='lat' dir='ltr'><strong>etin</strong></span> <span class='ocrx_word' id='word_1_448' title='bbox 554 4557 698 4624; x_wconf 86' lang='lat' dir='ltr'><strong>exercitu,</strong></span> <span class='ocrx_word' id='word_1_449' title='bbox 717 4560 745 4610; x_wconf 90' lang='lat' dir='ltr'><strong>et</strong></span> <span class='ocrx_word' id='word_1_450' title='bbox 761 4558 826 4610; x_wconf 87' lang='lat' dir='ltr'><strong>octo</strong></span> <span class='ocrx_word' id='word_1_451' title='bbox 839 4556 946 4611; x_wconf 89' lang='lat' dir='ltr'><strong>diebus</strong></span> <span class='ocrx_word' id='word_1_452' title='bbox 1002 4551 1072 4607; x_wconf 91' lang='lat' dir='ltr'><strong>mini</strong></span> <span class='ocrx_word' id='word_1_453' title='bbox 1087 4551 1235 4605; x_wconf 90' lang='lat' dir='ltr'><strong>hominem</strong></span> <span class='ocrx_word' id='word_1_454' title='bbox 1246 4549 1382 4622; x_wconf 85' lang='lat' dir='ltr'><strong>assalire,</strong></span> <span class='ocrx_word' id='word_1_455' title='bbox 1394 4550 1442 4603; x_wconf 85' lang='lat' dir='ltr'><strong>vel</strong></span> <span class='ocrx_word' id='word_1_456' title='bbox 1462 4549 1586 4604; x_wconf 88' lang='lat' dir='ltr'><strong>insidias</strong></span> <span class='ocrx_word' id='word_1_457' title='bbox 1602 4564 1725 4621; x_wconf 86' lang='lat' dir='ltr'><strong>ponere.</strong></span> 
     </span>
    </p>

    <p class='ocr_par' dir='ltr' id='par_1_12' title="bbox 111 4638 1449 4714">
     <span class='ocr_line' id='line_1_44' title="bbox 111 4638 1449 4714; baseline -0.001 -15"><span class='ocrx_word' id='word_1_458' title='bbox 111 4646 182 4699; x_wconf 90' lang='lat' dir='ltr'><strong>ante</strong></span> <span class='ocrx_word' id='word_1_459' title='bbox 197 4648 307 4700; x_wconf 91' lang='lat' dir='ltr'><strong>motum</strong></span> <span class='ocrx_word' id='word_1_460' title='bbox 336 4644 522 4700; x_wconf 89' lang='lat' dir='ltr'><strong>determinati</strong></span> <span class='ocrx_word' id='word_1_461' title='bbox 536 4645 699 4714; x_wconf 82' lang='lat' dir='ltr'><strong>exercitae,</strong></span> <span class='ocrx_word' id='word_1_462' title='bbox 714 4647 742 4700; x_wconf 89' lang='lat' dir='ltr'><strong>et</strong></span> <span class='ocrx_word' id='word_1_463' title='bbox 758 4650 824 4699; x_wconf 86' lang='lat' dir='ltr'><strong>ceto</strong></span> <span class='ocrx_word' id='word_1_464' title='bbox 840 4644 947 4699; x_wconf 91' lang='lat' dir='ltr'><strong>diebus</strong></span> <span class='ocrx_word' id='word_1_465' title='bbox 1389 4638 1449 4693; x_wconf 85' lang='lat' dir='ltr'><strong>Vll.</strong></span> 
     </span>
    </p>

    <p class='ocr_par' dir='ltr' id='par_1_13' title="bbox 107 4728 1875 5518">
     <span class='ocr_line' id='line_1_45' title="bbox 110 4728 1835 4806; baseline 0.001 -19"><span class='ocrx_word' id='word_1_466' title='bbox 110 4736 181 4803; x_wconf 90' lang='lat' dir='ltr'><strong>post</strong></span> <span class='ocrx_word' id='word_1_467' title='bbox 193 4734 364 4804; x_wconf 86' lang='lat' dir='ltr'><strong>exercitum,</strong></span> <span class='ocrx_word' id='word_1_468' title='bbox 375 4733 401 4787; x_wconf 93' lang='lat' dir='ltr'><strong>si</strong></span> <span class='ocrx_word' id='word_1_469' title='bbox 416 4735 523 4806; x_wconf 90' lang='lat' dir='ltr'><strong>aliquis</strong></span> <span class='ocrx_word' id='word_1_470' title='bbox 535 4735 723 4790; x_wconf 80' lang='lat' dir='ltr'><strong>forisfecerit</strong></span> <span class='ocrx_word' id='word_1_471' title='bbox 739 4751 745 4788; x_wconf 79' lang='grc' dir='ltr'>ε</span> <span class='ocrx_word' id='word_1_472' title='bbox 763 4735 864 4790; x_wconf 89' lang='lat' dir='ltr'><strong>habuit</strong></span> <span class='ocrx_word' id='word_1_473' title='bbox 881 4735 948 4789; x_wconf 91' lang='lat' dir='ltr'><strong>inde</strong></span> <span class='ocrx_word' id='word_1_474' title='bbox 1037 4730 1116 4787; x_wconf 91' lang='lat' dir='ltr'><strong>Nulli</strong></span> <span class='ocrx_word' id='word_1_475' title='bbox 1144 4729 1226 4785; x_wconf 92' lang='lat' dir='ltr'><strong>licuit</strong></span> <span class='ocrx_word' id='word_1_476' title='bbox 1254 4728 1405 4784; x_wconf 89' lang='lat' dir='ltr'><strong>inimicum</strong></span> <span class='ocrx_word' id='word_1_477' title='bbox 1432 4730 1605 4801; x_wconf 82' lang='lat' dir='ltr'><strong>quaerendo,</strong></span> <span class='ocrx_word' id='word_1_478' title='bbox 1622 4729 1670 4786; x_wconf 90' lang='lat' dir='ltr'><strong>vel</strong></span> <span class='ocrx_word' id='word_1_479' title='bbox 1683 4744 1835 4788; x_wconf 87' lang='lat' dir='ltr'><strong>vammum</strong></span> 
     </span>
     <span class='ocr_line' id='line_1_46' title="bbox 111 4818 1833 4895; baseline 0.001 -18"><span class='ocrx_word' id='word_1_480' title='bbox 111 4821 252 4877; x_wconf 83' lang='lat' dir='ltr'><strong>domiuus</strong></span> <span class='ocrx_word' id='word_1_481' title='bbox 277 4823 466 4878; x_wconf 84' lang='lat' dir='ltr'><strong>Normanniae</strong></span> <span class='ocrx_word' id='word_1_482' title='bbox 496 4825 628 4878; x_wconf 90' lang='lat' dir='ltr'><strong>eamdem</strong></span> <span class='ocrx_word' id='word_1_483' title='bbox 646 4824 792 4895; x_wconf 81' lang='lat' dir='ltr'><strong>justitiam</strong></span> <span class='ocrx_word' id='word_1_484' title='bbox 817 4823 896 4895; x_wconf 93' lang='lat' dir='ltr'><strong>quod</strong></span> <span class='ocrx_word' id='word_1_485' title='bbox 911 4823 947 4878; x_wconf 91' lang='lat' dir='ltr'><strong>de</strong></span> <span class='ocrx_word' id='word_1_486' title='bbox 1002 4820 1155 4891; x_wconf 90' lang='lat' dir='ltr'><strong>capiendo,</strong></span> <span class='ocrx_word' id='word_1_487' title='bbox 1172 4819 1311 4873; x_wconf 85' lang='lat' dir='ltr'><strong>vexillum</strong></span> <span class='ocrx_word' id='word_1_488' title='bbox 1326 4818 1373 4873; x_wconf 87' lang='lat' dir='ltr'><strong>vel</strong></span> <span class='ocrx_word' id='word_1_489' title='bbox 1389 4818 1511 4873; x_wconf 91' lang='lat' dir='ltr'><strong>loricam</strong></span> <span class='ocrx_word' id='word_1_490' title='bbox 1526 4823 1653 4890; x_wconf 81' lang='lat' dir='ltr'><strong>portare,</strong></span> <span class='ocrx_word' id='word_1_491' title='bbox 1671 4820 1718 4877; x_wconf 90' lang='lat' dir='ltr'><strong>vel</strong></span> <span class='ocrx_word' id='word_1_492' title='bbox 1740 4836 1833 4878; x_wconf 90' lang='lat' dir='ltr'><strong>cornu</strong></span> 
     </span>
     <span class='ocr_line' id='line_1_47' title="bbox 112 4907 1833 4983; baseline 0.002 -18"><span class='ocrx_word' id='word_1_493' title='bbox 112 4910 269 4966; x_wconf 80' lang='lat' dir='ltr'><strong>forisfacto</strong></span> <span class='ocrx_word' id='word_1_494' title='bbox 280 4912 372 4966; x_wconf 76' lang='lat' dir='ltr'><strong>curiae</strong></span> <span class='ocrx_word' id='word_1_495' title='bbox 389 4929 464 4982; x_wconf 70' lang='lat' dir='ltr'><strong>suae,</strong></span> <span class='ocrx_word' id='word_1_496' title='bbox 480 4929 534 4967; x_wconf 90' lang='lat' dir='ltr'><strong>nec</strong></span> <span class='ocrx_word' id='word_1_497' title='bbox 550 4913 625 4968; x_wconf 83' lang='lat' dir='ltr'><strong>intro</strong></span> <span class='ocrx_word' id='word_1_498' title='bbox 641 4914 833 4983; x_wconf 81' lang='lat' dir='ltr'><strong>praescriptos</strong></span> <span class='ocrx_word' id='word_1_499' title='bbox 849 4914 947 4967; x_wconf 90' lang='lat' dir='ltr'><strong>termi-</strong></span> <span class='ocrx_word' id='word_1_500' title='bbox 1002 4925 1120 4978; x_wconf 89' lang='lat' dir='ltr'><strong>sonare,</strong></span> <span class='ocrx_word' id='word_1_501' title='bbox 1135 4908 1232 4980; x_wconf 82' lang='lat' dir='ltr'><strong>&#39;neque</strong></span> <span class='ocrx_word' id='word_1_502' title='bbox 1241 4907 1416 4963; x_wconf 89' lang='lat' dir='ltr'><strong>cembellum</strong></span> <span class='ocrx_word' id='word_1_503' title='bbox 1425 4907 1539 4962; x_wconf 88' lang='lat' dir='ltr'><strong>mittere</strong></span> <span class='ocrx_word' id='word_1_504' title='bbox 1550 4909 1706 4980; x_wconf 89' lang='lat' dir='ltr'><strong>postquam</strong></span> <span class='ocrx_word' id='word_1_505' title='bbox 1717 4909 1833 4968; x_wconf 84' lang='lat' dir='ltr'><strong>insidiae</strong></span> 
     </span>
     <span class='ocr_line' id='line_1_48' title="bbox 111 4992 1833 5071; baseline 0 -16"><span class='ocrx_word' id='word_1_506' title='bbox 111 5015 170 5055; x_wconf 87' lang='lat' dir='ltr'><strong>nos</strong></span> <span class='ocrx_word' id='word_1_507' title='bbox 185 5001 335 5055; x_wconf 84' lang='lat' dir='ltr'><strong>exercitus</strong></span> <span class='ocrx_word' id='word_1_508' title='bbox 356 5000 442 5055; x_wconf 89' lang='lat' dir='ltr'><strong>alicui</strong></span> <span class='ocrx_word' id='word_1_509' title='bbox 470 5002 552 5056; x_wconf 91' lang='lat' dir='ltr'><strong>licuit</strong></span> <span class='ocrx_word' id='word_1_510' title='bbox 568 5017 714 5056; x_wconf 88' lang='lat' dir='ltr'><strong>vammum</strong></span> <span class='ocrx_word' id='word_1_511' title='bbox 731 5016 859 5071; x_wconf 85' lang='lat' dir='ltr'><strong>capere:</strong></span> <span class='ocrx_word' id='word_1_512' title='bbox 878 5005 906 5054; x_wconf 89' lang='lat' dir='ltr'><strong>et</strong></span> <span class='ocrx_word' id='word_1_513' title='bbox 920 5002 947 5055; x_wconf 88' lang='lat' dir='ltr'><strong>si</strong></span> <span class='ocrx_word' id='word_1_514' title='bbox 963 4992 987 5047; x_wconf 86' lang='lat' dir='ltr'>D</span> <span class='ocrx_word' id='word_1_515' title='bbox 1001 5002 1196 5066; x_wconf 86' lang='lat' dir='ltr'><strong>remanerent,</strong></span> <span class='ocrx_word' id='word_1_516' title='bbox 1213 5013 1309 5069; x_wconf 88' lang='lat' dir='ltr'><strong>noque</strong></span> <span class='ocrx_word' id='word_1_517' title='bbox 1325 4996 1473 5051; x_wconf 90' lang='lat' dir='ltr'><strong>hominem</strong></span> <span class='ocrx_word' id='word_1_518' title='bbox 1489 4996 1627 5052; x_wconf 87' lang='lat' dir='ltr'><strong>damnare</strong></span> <span class='ocrx_word' id='word_1_519' title='bbox 1638 4998 1674 5053; x_wconf 90' lang='lat' dir='ltr'><strong>de</strong></span> <span class='ocrx_word' id='word_1_520' title='bbox 1690 5000 1833 5056; x_wconf 85' lang='lat' dir='ltr'><strong>membris</strong></span> 
     </span>
     <span class='ocr_line' id='line_1_49' title="bbox 112 5085 1833 5159; baseline 0.001 -17"><span class='ocrx_word' id='word_1_521' title='bbox 112 5089 202 5158; x_wconf 88' lang='lat' dir='ltr'><strong>cepit,</strong></span> <span class='ocrx_word' id='word_1_522' title='bbox 218 5091 436 5159; x_wconf 90' lang='lat' dir='ltr'><strong>perpecuniam</strong></span> <span class='ocrx_word' id='word_1_523' title='bbox 452 5091 618 5144; x_wconf 89' lang='lat' dir='ltr'><strong>emendabit</strong></span> <span class='ocrx_word' id='word_1_524' title='bbox 633 5092 662 5144; x_wconf 93' lang='lat' dir='ltr'><strong>in</strong></span> <span class='ocrx_word' id='word_1_525' title='bbox 679 5090 881 5145; x_wconf 88' lang='lat' dir='ltr'><strong>misericordia</strong></span> <span class='ocrx_word' id='word_1_526' title='bbox 896 5090 946 5143; x_wconf 92' lang='lat' dir='ltr'><strong>do·</strong></span> <span class='ocrx_word' id='word_1_527' title='bbox 1001 5089 1065 5143; x_wconf 90' lang='lat' dir='ltr'><strong>suis</strong></span> <span class='ocrx_word' id='word_1_528' title='bbox 1082 5089 1147 5141; x_wconf 90' lang='lat' dir='ltr'><strong>sine</strong></span> <span class='ocrx_word' id='word_1_529' title='bbox 1160 5087 1284 5158; x_wconf 74' lang='lat' dir='ltr'><strong>judicio,</strong></span> <span class='ocrx_word' id='word_1_530' title='bbox 1301 5086 1357 5140; x_wconf 90' lang='lat' dir='ltr'><strong>nisi</strong></span> <span class='ocrx_word' id='word_1_531' title='bbox 1374 5086 1403 5139; x_wconf 93' lang='lat' dir='ltr'><strong>in</strong></span> <span class='ocrx_word' id='word_1_532' title='bbox 1423 5085 1473 5139; x_wconf 90' lang='lat' dir='ltr'><strong>tuli</strong></span> <span class='ocrx_word' id='word_1_533' title='bbox 1488 5088 1554 5140; x_wconf 86' lang='lat' dir='ltr'><strong>actu</strong></span> <span class='ocrx_word' id='word_1_534' title='bbox 1571 5089 1599 5140; x_wconf 90' lang='lat' dir='ltr'><strong>et</strong></span> <span class='ocrx_word' id='word_1_535' title='bbox 1614 5085 1767 5143; x_wconf 78' lang='lat' dir='ltr'><strong>forisfacto</strong></span> <span class='ocrx_word' id='word_1_536' title='bbox 1783 5089 1833 5144; x_wconf 92' lang='lat' dir='ltr'><strong>in·</strong></span> 
     </span>
     <span class='ocr_line' id='line_1_50' title="bbox 108 5174 1835 5247; baseline 0.002 -15"><span class='ocrx_word' id='word_1_537' title='bbox 108 5176 184 5232; x_wconf 90' lang='lat' dir='ltr'><strong>mini</strong></span> <span class='ocrx_word' id='word_1_538' title='bbox 196 5177 397 5233; x_wconf 75' lang='lat' dir='ltr'><strong>Normanniae.</strong></span> <span class='ocrx_word' id='word_1_539' title='bbox 412 5178 482 5234; x_wconf 80' lang='lat' dir='ltr'><strong>Etsi</strong></span> <span class='ocrx_word' id='word_1_540' title='bbox 495 5181 524 5233; x_wconf 93' lang='lat' dir='ltr'><strong>in</strong></span> <span class='ocrx_word' id='word_1_541' title='bbox 543 5179 737 5246; x_wconf 85' lang='lat' dir='ltr'><strong>exercitu,vel</strong></span> <span class='ocrx_word' id='word_1_542' title='bbox 747 5179 775 5232; x_wconf 91' lang='lat' dir='ltr'><strong>in</strong></span> <span class='ocrx_word' id='word_1_543' title='bbox 794 5180 887 5246; x_wconf 88' lang='lat' dir='ltr'><strong>curia,</strong></span> <span class='ocrx_word' id='word_1_544' title='bbox 898 5179 946 5232; x_wconf 90' lang='lat' dir='ltr'><strong>vel</strong></span> <span class='ocrx_word' id='word_1_545' title='bbox 1000 5178 1107 5232; x_wconf 88' lang='lat' dir='ltr'><strong>ventus</strong></span> <span class='ocrx_word' id='word_1_546' title='bbox 1123 5180 1169 5231; x_wconf 85' lang='lat' dir='ltr'><strong>cst</strong></span> <span class='ocrx_word' id='word_1_547' title='bbox 1183 5191 1237 5245; x_wconf 90' lang='lat' dir='ltr'><strong>pro</strong></span> <span class='ocrx_word' id='word_1_548' title='bbox 1247 5191 1305 5246; x_wconf 91' lang='lat' dir='ltr'><strong>quo</strong></span> <span class='ocrx_word' id='word_1_549' title='bbox 1315 5174 1479 5228; x_wconf 91' lang='lat' dir='ltr'><strong>membrum</strong></span> <span class='ocrx_word' id='word_1_550' title='bbox 1489 5174 1615 5244; x_wconf 88' lang='lat' dir='ltr'><strong>perdere</strong></span> <span class='ocrx_word' id='word_1_551' title='bbox 1630 5175 1795 5247; x_wconf 88' lang='lat' dir='ltr'><strong>debuisset,</strong></span> <span class='ocrx_word' id='word_1_552' title='bbox 1804 5180 1835 5235; x_wconf 87' lang='lat' dir='ltr'><strong>et</strong></span> 
     </span>
     <span class='ocr_line' id='line_1_51' title="bbox 108 5262 1834 5338; baseline 0.002 -17"><span class='ocrx_word' id='word_1_553' title='bbox 108 5268 142 5321; x_wconf 91' lang='lat' dir='ltr'><strong>in</strong></span> <span class='ocrx_word' id='word_1_554' title='bbox 152 5266 200 5319; x_wconf 89' lang='lat' dir='ltr'><strong>via</strong></span> <span class='ocrx_word' id='word_1_555' title='bbox 211 5266 357 5322; x_wconf 84' lang='lat' dir='ltr'><strong>cnriaevel</strong></span> <span class='ocrx_word' id='word_1_556' title='bbox 367 5268 797 5335; x_wconf 81' lang='lat' dir='ltr'><strong>exercitus,misletaevenerit,</strong></span> <span class='ocrx_word' id='word_1_557' title='bbox 810 5284 877 5338; x_wconf 86' lang='lat' dir='ltr'><strong>quae</strong></span> <span class='ocrx_word' id='word_1_558' title='bbox 892 5281 945 5337; x_wconf 90' lang='lat' dir='ltr'><strong>pro</strong></span> <span class='ocrx_word' id='word_1_559' title='bbox 1000 5267 1109 5321; x_wconf 87' lang='lat' dir='ltr'><strong>ibidem</strong></span> <span class='ocrx_word' id='word_1_560' title='bbox 1121 5265 1311 5336; x_wconf 91' lang='lat' dir='ltr'><strong>perdidisset,</strong></span> <span class='ocrx_word' id='word_1_561' title='bbox 1328 5266 1357 5317; x_wconf 90' lang='lat' dir='ltr'><strong>ct</strong></span> <span class='ocrx_word' id='word_1_562' title='bbox 1372 5262 1429 5317; x_wconf 88' lang='lat' dir='ltr'><strong>nisi</strong></span> <span class='ocrx_word' id='word_1_563' title='bbox 1445 5278 1498 5332; x_wconf 90' lang='lat' dir='ltr'><strong>per</strong></span> <span class='ocrx_word' id='word_1_564' title='bbox 1509 5263 1655 5333; x_wconf 80' lang='lat' dir='ltr'><strong>judicium</strong></span> <span class='ocrx_word' id='word_1_565' title='bbox 1671 5267 1762 5322; x_wconf 87' lang='lat' dir='ltr'><strong>curiae</strong></span> <span class='ocrx_word' id='word_1_566' title='bbox 1777 5268 1834 5324; x_wconf 91' lang='lat' dir='ltr'><strong>do·</strong></span> 
     </span>
     <span class='ocr_line' id='line_1_52' title="bbox 108 5351 1834 5428; baseline 0.002 -18"><span class='ocrx_word' id='word_1_567' title='bbox 108 5354 291 5428; x_wconf 72' lang='lat' dir='ltr'><strong>precedenti</strong></span> <span class='ocrx_word' id='word_1_568' title='bbox 308 5357 351 5410; x_wconf 90' lang='lat' dir='ltr'><strong>ira</strong></span> <span class='ocrx_word' id='word_1_569' title='bbox 370 5357 446 5411; x_wconf 86' lang='lat' dir='ltr'><strong>lacta</strong></span> <span class='ocrx_word' id='word_1_570' title='bbox 467 5372 525 5411; x_wconf 91' lang='lat' dir='ltr'><strong>non</strong></span> <span class='ocrx_word' id='word_1_571' title='bbox 535 5356 632 5425; x_wconf 88' lang='lat' dir='ltr'><strong>tuerit;</strong></span> <span class='ocrx_word' id='word_1_572' title='bbox 650 5359 677 5412; x_wconf 90' lang='lat' dir='ltr'><strong>ct</strong></span> <span class='ocrx_word' id='word_1_573' title='bbox 688 5358 717 5410; x_wconf 92' lang='lat' dir='ltr'><strong>in</strong></span> <span class='ocrx_word' id='word_1_574' title='bbox 729 5373 762 5411; x_wconf 91' lang='lat' dir='ltr'><strong>ea</strong></span> <span class='ocrx_word' id='word_1_575' title='bbox 772 5357 945 5411; x_wconf 87' lang='lat' dir='ltr'><strong>vulneratus</strong></span> <span class='ocrx_word' id='word_1_576' title='bbox 999 5356 1070 5411; x_wconf 92' lang='lat' dir='ltr'><strong>mini</strong></span> <span class='ocrx_word' id='word_1_577' title='bbox 1082 5353 1271 5409; x_wconf 79' lang='lat' dir='ltr'><strong>Normanniee</strong></span> <span class='ocrx_word' id='word_1_578' title='bbox 1284 5352 1321 5407; x_wconf 91' lang='lat' dir='ltr'><strong>de</strong></span> <span class='ocrx_word' id='word_1_579' title='bbox 1335 5351 1391 5406; x_wconf 89' lang='lat' dir='ltr'><strong>hoc</strong></span> <span class='ocrx_word' id='word_1_580' title='bbox 1407 5351 1485 5422; x_wconf 92' lang='lat' dir='ltr'><strong>quod</strong></span> <span class='ocrx_word' id='word_1_581' title='bbox 1495 5351 1531 5406; x_wconf 88' lang='lat' dir='ltr'><strong>ad</strong></span> <span class='ocrx_word' id='word_1_582' title='bbox 1545 5368 1612 5407; x_wconf 90' lang='lat' dir='ltr'><strong>enm</strong></span> <span class='ocrx_word' id='word_1_583' title='bbox 1624 5356 1768 5424; x_wconf 91' lang='lat' dir='ltr'><strong>pertinet;</strong></span> <span class='ocrx_word' id='word_1_584' title='bbox 1784 5356 1834 5413; x_wconf 91' lang='lat' dir='ltr'><strong>vel</strong></span> 
     </span>
     <span class='ocr_line' id='line_1_53' title="bbox 107 5439 1875 5518; baseline 0.001 -18"><span class='ocrx_word' id='word_1_585' title='bbox 107 5445 293 5500; x_wconf 85' lang='lat' dir='ltr'><strong>veloccisus</strong></span> <span class='ocrx_word' id='word_1_586' title='bbox 319 5444 407 5499; x_wconf 88' lang='lat' dir='ltr'><strong>tuerit</strong></span> <span class='ocrx_word' id='word_1_587' title='bbox 431 5445 538 5517; x_wconf 89' lang='lat' dir='ltr'><strong>aliquis</strong></span> <span class='ocrx_word' id='word_1_588' title='bbox 556 5445 623 5500; x_wconf 88' lang='lat' dir='ltr'><strong>:ille</strong></span> <span class='ocrx_word' id='word_1_589' title='bbox 654 5445 742 5518; x_wconf 83' lang='lat' dir='ltr'><strong>cujus</strong></span> <span class='ocrx_word' id='word_1_590' title='bbox 776 5445 862 5516; x_wconf 91' lang='lat' dir='ltr'><strong>culpa</strong></span> <span class='ocrx_word' id='word_1_591' title='bbox 886 5444 944 5500; x_wconf 88' lang='lat' dir='ltr'><strong>hoc</strong></span> <span class='ocrx_word' id='word_1_592' title='bbox 997 5443 1110 5516; x_wconf 86' lang='lat' dir='ltr'><strong>judicio</strong></span> <span class='ocrx_word' id='word_1_593' title='bbox 1139 5443 1229 5498; x_wconf 87' lang='lat' dir='ltr'><strong>curiae</strong></span> <span class='ocrx_word' id='word_1_594' title='bbox 1256 5441 1401 5498; x_wconf 87' lang='lat' dir='ltr'><strong>baronum</strong></span> <span class='ocrx_word' id='word_1_595' title='bbox 1428 5439 1464 5496; x_wconf 91' lang='lat' dir='ltr'><strong>de</strong></span> <span class='ocrx_word' id='word_1_596' title='bbox 1479 5440 1536 5496; x_wconf 93' lang='lat' dir='ltr'><strong>boc</strong></span> <span class='ocrx_word' id='word_1_597' title='bbox 1552 5442 1631 5514; x_wconf 90' lang='lat' dir='ltr'><strong>quod</strong></span> <span class='ocrx_word' id='word_1_598' title='bbox 1649 5444 1687 5500; x_wconf 92' lang='lat' dir='ltr'><strong>ad</strong></span> <span class='ocrx_word' id='word_1_599' title='bbox 1702 5446 1831 5504; x_wconf 82' lang='lat' dir='ltr'><strong>barenes</strong></span> <span class='ocrx_word' id='word_1_600' title='bbox 1871 5476 1875 5501; x_wconf 90' lang='lat' dir='ltr'><strong>t</strong></span> 
     </span>
    </p>
   </div>
   <div class='ocr_carea' id='block_1_10' title="bbox 104 5533 1132 5678">
    <p class='ocr_par' dir='ltr' id='par_1_14' title="bbox 104 5533 1132 5678">
     <span class='ocr_line' id='line_1_54' title="bbox 104 5533 1132 5607; baseline 0.001 -19"><span class='ocrx_word' id='word_1_601' title='bbox 104 5533 289 5604; x_wconf 77' lang='lat' dir='ltr'><strong>factumest,</strong></span> <span class='ocrx_word' id='word_1_602' title='bbox 307 5533 471 5592; x_wconf 87' lang='lat' dir='ltr'><strong>secundum</strong></span> <span class='ocrx_word' id='word_1_603' title='bbox 486 5549 658 5592; x_wconf 88' lang='lat' dir='ltr'><strong>mensuram</strong></span> <span class='ocrx_word' id='word_1_604' title='bbox 672 5535 819 5593; x_wconf 77' lang='lat' dir='ltr'><strong>forisfacti</strong></span> <span class='ocrx_word' id='word_1_605' title='bbox 843 5549 942 5593; x_wconf 91' lang='lat' dir='ltr'><strong>emen·</strong></span> <span class='ocrx_word' id='word_1_606' title='bbox 995 5534 1132 5607; x_wconf 90' lang='lat' dir='ltr'><strong>pertinet.</strong></span> 
     </span>
     <span class='ocr_line' id='line_1_55' title="bbox 108 5622 200 5678; baseline 0 0"><span class='ocrx_word' id='word_1_607' title='bbox 108 5622 200 5678; x_wconf 85' lang='lat' dir='ltr'><strong>dabit.</strong></span> 
     </span>
    </p>
   </div>
   <div class='ocr_carea' id='block_1_11' title="bbox 0 0 1954 6112">
    <p class='ocr_par' dir='ltr' id='par_1_15' title="bbox 0 0 1954 6112">
     <span class='ocr_line' id='line_1_56' title="bbox 0 0 1954 6112; baseline 0 3"><span class='ocrx_word' id='word_1_608' title='bbox 0 0 1954 6112; x_wconf 95' lang='lat' dir='ltr'><strong> </strong></span> 
     </span>
    </p>
   </div>
  </div>
 </body>
</html>
