3900 6112
105 312 160 377 66
384 304 824 375 eommcmnsnruu
838 302 1089 370 66666666
1110 305 1398 373 ussindo-
1415 307 1494 372 ue.
1510 256 1580 370 ιι]
1767 311 1827 375 466

107 516 187 570 term
206 510 344 567 :Postea
356 523 447 580 qnam
457 506 602 563 Ecclesiae
610 506 682 578 jura
695 506 940 561 documentorum
960 489 977 549 1
996 506 1067 573 Quae
1092 508 1185 562 dixit:
1203 508 1239 563 Si
1258 525 1310 564 nos
1332 511 1414 579 ipsos
1429 511 1678 581 judicaremusa
1703 515 1828 572 Domino

111 614 225 675 qnoque
239 597 486 658 intercedentium
500 596 610 652 fuerint
629 595 800 650 auctoritate
815 593 937 662 firmata,
996 613 1054 651 non
1063 597 1270 669 judicaremur
1285 600 1314 657 il
1328 602 1395 654 Cor.
1413 602 1478 669 6).»

111 689 273 747 6611616666
285 686 326 743 ab
346 684 397 743 bis
411 685 585 741 discedendi
605 684 729 739 liberam
744 683 875 754 pontifex
889 682 936 737 vel
1031 685 1302 742 Excommnuicatio
1324 692 1420 744 autem
1436 706 1502 760 quac
1525 691 1554 743 in
1568 692 1690 760 prealato
1706 694 1825 748 decreto

111 778 212 835 sivelit
221 776 409 847 permittam
421 774 532 831 babere
542 774 699 830 licemiam.
713 794 724 823 ι
996 775 1167 830 terribiliter
1180 777 1357 845 proiectura
1374 779 1538 847 winberto,
1555 783 1603 833 aut
1619 796 1634 833 6
1651 783 1715 835 6616
1731 782 1826 837 lauto-

139 866 287 923 Adrianus
301 864 538 936 Engelremino:
559 862 819 918 «constitutiones
834 862 937 915 contra
996 863 1099 932 ribus,
1125 864 1533 938 inditacreditur,quonia1n
1556 869 1586 922 in
1609 871 1827 939 antiquioribus

65 946 67 991 ἶ
112 954 339 1012 nonnam
354 950 937 1023 Romanorumproesnlum,nnlliussint
997 951 1132 1022 ejusdem
1148 954 1258 1008 decreti
1281 956 1511 1026 exemplaribus,
1527 957 1617 1029 longe
1632 959 1717 1013 aliter
1733 958 1827 1013 bahe-

65 1002 70 1083 1
112 1042 249 1101 monii,
267 1066 282 1093 .
996 1043 1054 1095 tur.
1065 1040 1101 1095 Et
1110 1041 1174 1096 haec
1183 1042 1301 1114 quidem
1311 1045 1409 1099 veniet
1423 1060 1514 1115 super
1522 1047 1632 1117 eosqui
1647 1047 1829 1103 camibidem

65 1098 70 1167 1
136 1130 300 1205 Gregorius
313 1128 496 1202 inRegistro
513 1146 520 1185 ε
537 1150 550 1179 ι
566 1128 713 1200 Imperiali
723 1127 933 1183 constitutione
995 1130 1025 1183 iu
1041 1131 1088 1184 sui
1101 1130 1232 1186 levorem
1247 1132 1423 1201 indiderunt,
1441 1136 1470 1187 ct
1483 1149 1574 1203 super
1588 1136 1703 1206 eosqui
1716 1136 1827 1191 661611-

111 1223 200 1294 qui-te
214 1219 370 1275 sancitum
382 1232 454 1275 esse
468 1221 501 1273 ut
515 1231 550 1275 66
564 1215 936 1290 6666661661666611661,
995 1220 1131 1274 mendam
1148 1235 1217 1275 esse
1236 1220 1336 1276 dicere
1351 1225 1534 1291 praesumunt
1550 1240 1556 1276 :
1573 1239 1664 1292 super
1678 1223 1745 1279 illos
1763 1223 1828 1295 qui·

111 1324 157 1365 666
171 1308 275 1365 solum
289 1305 416 1379 inutilia,
432 1306 488 1364 sed
502 1307 589 1363 etiam
603 1305 787 1378 prointectis
801 1304 937 1361 habenda
994 1307 1071 1375 dem,
1088 1312 1119 1363 ut
1137 1309 1266 1364 incidant
1285 1311 1315 1365 in
1330 1310 1444 1365 foveam
1468 1326 1556 1381 quam
1578 1311 1725 1381 foderunt,
1752 1317 1781 1367 et
1795 1317 1828 1368 ut

111 1398 169 1454 int.
184 1420 198 1447 ι
993 1397 1196 1466 apprehendat
1209 1413 1262 1453 ece
1271 1399 1365 1469 666116
1376 1415 1464 1470 quam
1479 1398 1703 1454 occultaverunt
1716 1417 1722 1456 ε
1736 1416 1828 1471 super

137 1485 175 1541 bx
191 1485 342 1541 {temnis
355 1483 474 1557 legibue
489 1498 497 1540 τ
515 1482 573 1539 «ld
588 1485 700 1539 tantuin
714 1481 850 1540 (1666666
869 1498 937 1538 res·
992 1484 1049 1538 hoe
1064 1488 1171 1554 nutem,
1194 1486 1330 1556 quoniam
1355 1488 1395 1541 illi
1412 1488 1630 1557 trepidaverunt
1658 1491 1761 1543 timore
1777 1488 1828 1542 ubi

112 1574 244 1647 6161666
258 1573 461 1629 substantiam
475 1575 633 1640 mutuetur,
649 1571 839 1645 quodlegum
854 1572 936 1627 auxi·
993 1588 1053 1627 non
1068 1577 1150 1627 esset
1166 1574 1260 1643 timor,
1278 1575 1416 1646 quoniam
1428 1577 1571 1630 Dominus
1587 1577 1615 1630 in
1631 1577 1826 1647 generatione

111 1660 388 1735 &promuntur
404 1685 416 1710 ι
434 1661 506 1717 Item
522 1678 529 1717 :
548 1682 561 1711 ι
586 1659 730 1717 Generale
756 1664 937 1731 praeceptum
989 1661 1072 1731 iusta
1087 1662 1226 1717 est.Nam
1242 1664 1311 1717 siin
1327 1665 1516 1735 generatione
1530 1664 1612 1735 justa
1628 1668 1683 1731 cst,
1703 1667 1731 1719 in
1746 1681 1826 1734 prac-

112 1752 245 1809 bneflcio
271 1750 398 1822 speciali
422 1749 646 1807 anteferendum
669 1751 725 1805 est.
749 1772 760 1799 ι
784 1749 820 1803 Et
843 1750 934 1803 item:
994 1749 1063 1805 fatis
1077 1751 1215 1806 Patribus
1231 1750 1295 1819 1611,
1313 1757 1342 1806 61
1359 1768 1412 1823 per
1426 1768 1480 1807 eos
1495 1753 1613 1807 locutus
1628 1758 1684 1821 est,
1702 1754 1828 1823 ideoque

114 1839 299 1913 6666166166
307 1840 455 1910 rescripta
463 1840 654 1908 nonvalcent,
664 1838 936 1911 quocunquemodc
951 1860 975 1921 Β
992 1839 1110 1894 illorum
1125 1839 1292 1895 maledictio
1310 1841 1385 1897 sicut
1402 1841 1453 1896 llei
1469 1842 1602 1910 pavenda
1615 1844 1669 1896 est.
1683 1843 1725 1896 De
1741 1842 1829 1896 malc-

112 1928 205 1987 166161
224 1930 394 2001 impetrate.
413 1925 499 1993 Quod
513 1928 592 1984 enim
610 1927 729 1999 publica
749 1927 820 1999 jura
840 1943 937 1998 praee·
993 1928 1121 1983 dictione
1135 1944 1207 1982 vero
1223 1929 1583 2001 illorumquieorumdem
1593 1931 1827 1986 Patrurndecrc-

117 2018 226 2088 6611661,
241 2017 345 2090 magis
367 2017 455 2088 sequi
469 2016 589 2088 judices
609 2017 727 2072 debent.
752 2040 763 2064 ιι
786 2015 822 2071 Et
835 2016 912 2071 intra
929 2032 934 2070 :
992 2016 1032 2070 tis
1047 2032 1106 2071 non
1123 2016 1273 2085 obediunt,
1291 2017 1360 2071 dicit
1376 2018 1453 2072 idem
1470 2018 1613 2073 Dominus
1628 2035 1682 2088 per
1697 2020 1828 2089 proplie-

115 2106 307 2163 ‹l'ersonnlia
320 2105 469 2176 rescripta
482 2120 550 2177 quis
577 2120 643 2159 cum
659 2105 729 2177 jure
743 2105 935 2174 concordant,
994 2107 1053 2159 tam
1071 2120 1076 2159 :
1090 2126 1101 2151 6
1114 2104 1290 2159 Benedieam
1301 2105 1556 2162 maledictionibus
1568 2107 1825 2171 vesti-ie(rllelaol.

118 2194 216 2252 mut
230 2208 317 2250 more
331 2196 482 2265 veterum,
498 2196 528 2249 et
551 2193 664 2266 negotii
677 2194 714 2249 de
738 2193 938 2266 quoloquitur
993 2193 1076 2263 11);n
1101 2193 1214 2247 etitem
1238 2209 1244 2247 :
1264 2215 1275 2242 ι
1298 2193 1473 2249 llaledicent
1498 2195 1540 2247 illi
1562 2198 1591 2249 et
1613 2200 1644 2248 tu
1666 2195 1828 2249 benedices

115 2286 201 2340 ma
214 2282 379 2353 roecriptio
394 2281 463 2337 11616
477 2280 546 2338 lette
559 2281 715 2340 sentcntiae
723 2282 858 2337 terminis
869 2297 937 2338 cen·
993 2280 1089 2352 (Psul.
1106 2283 1198 2350 cviii).
1218 2304 1229 2329 e
1243 2280 1279 2335 Et
1293 2280 1432 2336 Salomon
1448 2297 1455 2336 :
1474 2282 1578 2337 «Sicut
1589 2283 1654 2337 avis
1663 2283 1692 2336 in
1708 2286 1827 2336 contra-

117 2378 211 2429 mtnr.
224 2370 368 2443 Speeiale
383 2372 481 2426 tutem
495 2370 607 2442 siquid
622 2371 742 2442 legibus
757 2385 792 2425 66
803 2370 865 2440 ,juri
880 2370 937 2424 im·
994 2370 1070 2424 rium
1086 2368 1201 2437 volans,
1218 2372 1246 2424 et
1260 2385 1368 2438 passer
1382 2370 1506 2440 quilibet
1520 2370 1632 2425 vadens
1649 2386 1655 2425 :
1673 2371 1718 2424 sic
1736 2370 1827 2424 malc-

118 2464 196 2532 666161
207 2459 364 2532 injuriam,
376 2458 517 2515 abolitum
529 2459 719 2529 exstirpetur.
733 2458 872 2513 61166616
886 2458 937 2512 1116
994 2458 1103 2512 dietum
1119 2457 1230 2511 frustra
1245 2457 1390 2526 prolatum
1407 2474 1499 2527 super
1512 2474 1578 2513 curn
1595 2460 1693 2512 veniet
1707 2460 1757 2529 qni
1773 2458 1825 2511 mi-

116 2564 184 2605 6666
203 2546 449 2619 uniuscnjusque
470 2547 665 2619 supplicantis
690 2546 840 2601 desiderio
863 2562 936 2601 con·
993 2546 1032 2601 sit
1046 2546 1118 2601 illud
1139 2544 1302 2613 (Proverb.
1325 2552 1417 2615 xxvi).
1436 2567 1448 2597 ι
1469 2547 1531 2601 1166
1556 2550 1657 2601 contra
1677 2549 1828 2602 decretum

118 2653 187 2694 essa
202 2636 398 2708 praevaleant,
408 2639 439 2691 et
447 2634 563 2691 61166161
573 2636 788 2706 mancipentur,
795 2651 862 2706 quae
871 2650 938 2690 cum
994 2635 1081 2706 cuijus
1098 2650 1132 2690 66
1148 2634 1323 2689 Wicbertus
1338 2636 1509 2690 auctoritate
1520 2635 1661 2704 defendit,
1679 2639 1709 2690 ut
1723 2636 1828 2690 doceat

118 2724 177 2797 iuis
188 2731 219 2781 61
234 2726 341 2797 legum
363 2723 477 2779 ratione
500 2725 682 2779 concordant
706 2740 712 2778 :
728 2739 762 2779 ca
784 2739 856 2779 vero
871 2740 938 2794 quae
994 2739 1112 2779 ecesse
1128 2723 1208 2795 quod
1222 2740 1281 2778 non
1293 2728 1348 2792 est,
1365 2740 1419 2778 nec
1435 2740 1563 2796 unquam
1579 2740 1648 2780 esse
1663 2725 1780 2794 poterit.

119 2815 290 2887 direptione
304 2812 353 2869 vel
368 2811 456 2867 161616
470 2811 613 2882 precibus
636 2812 760 2867 forsitan
777 2811 937 2881 impetren·
1030 2813 1071 2867 De
1087 2828 1210 2867 numero
1226 2827 1297 2867 vero
1312 2828 1456 2869 annorum
1471 2814 1581 2885 quibus
1596 2812 1661 2868 baec
1677 2812 1827 2867 damnabi-

120 2902 160 2974 16,
180 2903 300 2958 nullum
314 2900 553 2972 supplicantibus
567 2900 664 2956 lerant
679 2899 851 2955 remedium.
870 2919 882 2949 ι
993 2900 1031 2955 116
1048 2901 1231 2956 consuetudo
1247 2903 1451 2971 permansisse
1466 2902 1587 2970 dicitur,
1605 2905 1635 2956 ut
1650 2903 1755 2956 saeculi
1771 2917 1826 2971 po-

139 2992 192 3047 llis
213 2992 319 3062 itaque
342 2989 480 3045 decursis
500 2992 580 3059 petet
603 2988 758 3059 praelatum
785 2988 936 3043 decretum
993 2990 1086 3045 166166
1108 3005 1161 3058 pro
1187 3003 1242 3043 sun
1264 2989 1349 3043 libitu
1372 2989 1527 3059 pontifices
1548 2992 1735 3058 promoveat,
1759 2988 1827 3058 jure

119 3079 211 3136 nllins
225 3077 371 3135 momenti
386 3091 468 3146 6666,
483 3090 539 3133 666
553 3092 684 3148 unquam
702 3076 937 3148 eliquidjurium
994 3077 1112 3132 causari
1134 3092 1192 3131 non
1212 3078 1320 3145 potest.
1344 3076 1419 3129 Nam
1434 3078 1470 3131 dc
1494 3077 1622 3130 diversis
1638 3076 1827 3130 consuetudi-

118 3164 256 3225 ttbnisse.
272 3166 310 3223 Et
324 3166 389 3223 1666
404 3165 509 3222 dicens
522 3182 581 3221 ncn
590 3164 754 3236 praejudico
765 3167 859 3221 beatae
875 3181 934 3219 me·
952 3214 978 3277 c
993 3165 1092 3232 nibus,
1108 3165 1158 3217 illa
1173 3164 1363 3234 potissimam
1379 3166 1595 3235 sequendaest,
1608 3180 1674 3234 quae
1690 3179 1756 3218 cum
1769 3164 1827 3217 ori-

113 3258 197 3313 urin
217 3272 305 3329 papo
320 3255 460 3324 Nicolao,
485 3253 716 3325 necquidquam
739 3252 808 3324 ejus
824 3254 933 3310 honori
993 3254 1093 3326 gincm
1107 3256 1249 3322 sumeret,
1265 3253 1427 3307 catholicos
1438 3253 1544 3306 Patres
1561 3267 1684 3307 suorum
1694 3252 1827 3320 priorum

113 3341 227 3420 brago,
253 3344 375 3401 Petrum
399 3343 562 3399 6661661166
583 3343 637 3398 Dei
661 3341 773 3412 Spiritu
799 3343 936 3399 conditas
993 3343 1113 3397 Petrum
1130 3341 1256 3413 vestigia
1281 3343 1429 3395 sectantes
1453 3342 1591 3395 auctores
1616 3340 1732 3409 babuit,
1750 3339 1828 3394 sicut

115 3434 267 3506 66666616.
283 3432 380 3489 Homo
397 3431 507 3503 quippe
521 3430 589 3497 luit,
613 3432 701 3503 eique
725 3435 756 3485 ut
774 3433 875 3486 contra
890 3430 936 3486 166
992 3428 1824 3501 Ρ61666666116666166166666661166661166616161616

114 3521 461 3594 cgereteubripi-potuit.
476 3520 541 3576 Nec
560 3519 669 3574 mirum
684 3519 742 3575 boc
757 3519 852 3574 eidem
868 3533 936 3574 con·
991 3521 1163 3574 sanctorum
1178 3518 1297 3572 Petrum
1322 3518 1523 3573 Romanorum
1537 3517 1723 3588 pontificum,
1739 3519 1768 3571 61
1783 3516 1826 3571 1111

111 3610 218 3683 161666,
248 3624 319 3665 cnm
338 3609 457 3681 quidam
480 3608 576 3680 ipsius
594 3608 742 3663 decessor
768 3606 936 3662 inveniatur
991 3607 1236 3663 consuetudinem
1258 3607 1294 3662 ab
1318 3606 1520 3677 apostolorum
1542 3605 1749 3676 temporibus,
1773 3620 1827 3675 per

111 3698 242 3769 quiddam
252 3697 436 3765 decrevisse,
448 3699 477 3752 et
491 3695 688 3753 melicriusue
698 3696 936 3765 consilicpostee
993 3711 1096 3753 omnes
1112 3695 1265 3751 Ecclesiae
1280 3696 1478 3751 observatam.
1490 3693 1533 3749 Ea
1548 3694 1826 3765 verspervereites,

109 3786 287 3843 immutasse.
301 3783 454 3857 Siquidem
471 3783 644 3841 Bonilaeius
659 3783 811 3839 socundus
826 3782 936 3855 legitur
992 3802 1059 3858 666
1080 3802 1097 3840 6
1117 3785 1221 3840 saeculi
1242 3783 1428 3856 principibus
1451 3784 1661 3853 superinducta
1683 3784 1742 3847 est,
1768 3797 1828 3837 non

106 3890 140 3931 a
150 3876 273 3933 decreto
287 3873 482 3929 constituisse
499 3872 640 3946 Vigilinm
660 3872 817 3928 diaconum
832 3872 890 3927 sibi
907 3872 936 3926 in
992 3873 1166 3946 prejudicat
1180 3873 1277 3929 eidem
1293 3876 1405 3927 sanctae
1424 3872 1632 3927 consuetudini
1646 3870 1829 3943 quantalibet

105 3964 273 4035 pentltleetu
286 3961 461 4018 succedere.
477 3960 561 4026 Quod
576 3960 935 4032 quialtomancclerovi-
992 3968 1157 4032 temporum
1178 3960 1339 4016 obtinuerit
1362 3959 1518 4015 curricula.
1539 3961 1656 4032 Alioqui
1682 3959 1825 4015 Dominus

105 4066 167 4107 666
185 4054 234 4108 661
256 4049 422 4107 canonibus
444 4049 608 4117 adversari,
634 4053 782 4120 praesente
802 4049 884 4103 clero
898 4048 935 4103 eb
993 4051 1073 4106 Deus
1089 4052 1191 4105 noster
1206 4048 1436 4118 culpandusest‚
1450 4048 1586 4118 quifilins
1601 4048 1693 4102 lsrael
1709 4048 1826 4120 longis-

108 4137 936 4210 66616666666611666611661,661666616661666ι666611
991 4140 1068 4196 sima
1082 4137 1299 4193 consuetudine
1316 4135 1372 4190 sub
1384 4136 1527 4190 servitute
1536 4136 1681 4203 detentos,
1693 4138 1754 4190 tum
1770 4135 1827 4188 sub

107 4228 181 4285 Petri
200 4226 341 4299 apostoli.
353 4226 392 4282 Et
406 4230 485 4282 certe
510 4225 655 4296 prostatus
678 4225 821 4282 Nicolaus
836 4225 935 4281 divino
991 4228 1155 4293 Pharaone,
1171 4227 1233 4279 tum
1249 4225 1305 4279 sub
1321 4223 1397 4294 Cyro
1413 4224 1459 4279 vel
1471 4223 1558 4278 Dario
1574 4222 1719 4287 liberavit,
1738 4222 1825 4277 ethu-

108 4322 182 4372 6616
198 4331 370 4373 666666666
393 4316 449 4370 boc
464 4315 543 4371 idem
561 4314 695 4384 lecisset,
711 4314 737 4368 si
759 4316 801 4369 tot
815 4315 935 4369 Petrum
991 4331 1111 4373 manum
1125 4329 1221 4385 genus
1238 4313 1294 4367 sub
1311 4312 1420 4367 diaboli
1435 4313 1578 4368 servitute
1593 4311 1683 4383 longa
1700 4324 1826 4366 consue·

108 4407 267 4461 6661661166
282 4408 352 4459 1666
363 4403 394 4459 16
409 4419 500 4459 unum
514 4402 665 4474 collectas,
677 4403 812 4473 vidisset,
825 4418 935 4475 casque
992 4404 1091 4459 tudine
1107 4403 1267 4472 detentum,
1284 4405 1351 4472 post
1366 4400 1599 4473 quinquemillia
1607 4414 1751 4455 annorum
1759 4412 1825 4452 cur·

107 4506 159 4548 ano
172 4494 296 4549 decreto
310 4496 370 4548 tam
384 4492 573 4548 concorditer
591 4493 745 4549 adversari
758 4492 934 4563 perpendis-
990 4493 1084 4548 ricula
1095 4494 1317 4563 propriemorte
1328 4491 1462 4546 redemit.
1471 4491 1622 4547 Preterca
1633 4504 1699 4543 oum
1708 4486 1825 4542 Veteris

102 4584 158 4637 ⁴⁰⁸·
948 4566 1020 4638 Det
1034 4582 1109 4638 Novi
1124 4579 1304 4635 Testamenti
1328 4580 1447 4651 legibus
1470 4578 1647 4635 adulterium
1665 4575 1822 4632 inhibitum

135 4668 243 4725 1166166
260 4683 380 4741 quoque
398 4667 587 4742 Augustinus
606 4669 714 4724 librum
738 4668 935 4724 Retractatio-
991 4671 1040 4740 sit,
1058 4670 1085 4723 si
1099 4669 1150 4740 qui
1164 4683 1254 4741 reges
1269 4669 1446 4724 adulterium
1461 4667 1671 4737 commiserint,
1688 4660 1821 4734 nunquid

105 4768 168 4812 666
181 4756 364 4828 composuit,
380 4757 412 4813 in
427 4757 642 4813 correctionem
652 4771 756 4812 eorum
771 4773 838 4828 quc
851 4759 935 4827 prius
991 4774 1095 4815 eorum
1108 4756 1280 4813 auctoritate
1296 4758 1407 4826 posteri
1417 4772 1506 4829 reges
1516 4754 1674 4812 adulterari
1681 4752 1741 4810 eibi
1755 4750 1825 4807 1161-

108 4845 218 4903 ineunte
232 4846 406 4917 descripsit,
429 4848 499 4901 6161
512 4846 590 4901 idem
610 4845 738 4917 quisque
753 4845 875 4915 sapiens
888 4844 934 4899 16-
990 4849 1052 4903 166
1067 4845 1233 4917 putabunt?
1246 4846 1344 4901 Absit.

106 4934 174 5006 cist,
189 4934 240 4991 bis
254 4934 357 4991 verbis
374 4933 601 4991 commonefacit
617 4949 623 4990 :
639 4934 680 4990 ait
697 4934 774 4989 enim
789 4933 821 4987 in
835 4949 936 5005 prooe-
1027 4934 1062 4989 Et
1078 4935 1198 5008 quidem
1214 4937 1326 4990 certum
1345 4935 1391 4989 est
1406 4947 1511 5005 regum
1526 4934 1629 4986 contra
1642 4930 1727 5008 leges
1742 4945 1824 4987 com-

106 5023 159 5079 616
178 5022 321 5095 ejusdem
339 5022 408 5078 libri
424 5039 431 5077 :
449 5044 461 5072 α
477 5022 582 5094 Neque
603 5023 684 5079 enim
705 5022 863 5093 quisquam
877 5022 936 5076 nisi
990 5023 1083 5079 missa
1105 5023 1274 5079 nullatenus
1296 5021 1449 5093 sequenda
1472 5036 1559 5089 esse,
1583 5020 1668 5093 leges
1691 5036 1764 5077 vere
1787 5022 1824 5076 ab

105 5109 269 5182 impudens,
284 5110 411 5182 ideoque
434 5126 498 5166 mea
512 5116 609 5167 errata
628 5109 871 5181 reprehendendo
888 5125 934 5165 me
990 5111 1104 5168 eisdem
1119 5112 1247 5167 66166166
1263 5111 1293 5165 16
1309 5127 1364 5167 666
1380 5112 1457 5166 61616
1473 5124 1593 5164 manere
1609 5108 1728 5166 debere.
1747 5109 1824 5165 Hinc

104 5198 318 5270 reprehendere
327 5199 457 5255 audebit.
473 5198 534 5254 Sed
547 5203 576 5255 61
591 5199 617 5255 ei
628 5198 709 5269 dicit,
721 5213 781 5253 non
791 5198 933 5254 debuisse
991 5201 1125 5272 estquod
1141 5201 1235 5256 saneti
1248 5199 1304 5254 Dei
1319 5202 1464 5270 martyres
1483 5201 1513 5254 et
1529 5198 1654 5253 Romani
1666 5197 1824 5270 pontifices

106 5286 312 5355 6666666161,
336 5286 932 5358 6666661666116161166116611666661,
993 5289 1103 5344 166616
1121 5289 1238 5343 statutis
1261 5288 1451 5343 inseruerunt
1471 5286 1604 5343 dieentes
1620 5304 1626 5343 :
1646 5309 1657 5337 ι
1675 5288 1743 5343 Ν66
1756 5288 1825 5345 11661

106 5388 203 5430 serum
216 5375 299 5444 dicit,
316 5377 346 5430 et
360 5390 476 5431 mecum
490 5376 561 5431 lecit
577 5391 699 5432 :eorum
713 5375 822 5447 quippe
837 5392 936 5447 repre·
990 5376 1158 5446 imperatori
1183 5377 1230 5430 vel
1253 5375 1391 5447 cuiquam
1413 5375 1550 5445 pietatem
1576 5376 1754 5432 custodienti
1767 5376 1822 5431 ali-

108 5459 213 5518 1166666
224 5467 283 5532 661,
309 5478 437 5534 quorum
450 5468 481 5519 et
504 5479 562 5534 ego
582 5479 650 5518 sum
667 5479 674 5518 ε
690 5463 744 5519 sed
764 5465 842 5519 sicut
858 5465 937 5520 volet
990 5466 1060 5536 quid
1076 5468 1177 5520 eontra
1192 5464 1355 5518 divinitatis
1372 5464 1506 5519 prandete
1518 5480 1712 5534 praesamere.
1730 5464 1824 5534 lnjus·

107 5552 231 5623 qnisqne
246 5551 372 5623 accipiat
384 5551 443 5607 boc
455 5552 536 5624 quod
546 5551 633 5623 lanio,
644 5567 689 5606 me
704 5557 801 5608 temen
816 5559 936 5624 aposto·
989 5556 1051 5609 tum
1067 5553 1337 5625 enimjudiciumet
1347 5552 1488 5622 delinitio,
1502 5552 1824 5626 regismetuvcljueeu

105 5636 188 5697 licem
196 5639 377 5699 6661661166
390 5639 479 5697 etiam
496 5640 527 5696 16
548 5639 604 5696 bac
628 5655 662 5697 rc
678 5643 793 5713 oportet
815 5642 934 5699 intueri.
988 5641 1172 5717 ajudicibue
1194 5641 1342 5713 ordinata,
1359 5657 1419 5698 non
1444 5642 1561 5700 valeant
1577 5661 1583 5699 :
1599 5657 1656 5699 nec
1678 5639 1821 5713 quidquid
