<?xml version="1.0" encoding="UTF-8"?>
<!DOCTYPE html PUBLIC "-//W3C//DTD XHTML 1.0 Transitional//EN"
    "http://www.w3.org/TR/xhtml1/DTD/xhtml1-transitional.dtd">
<html xmlns="http://www.w3.org/1999/xhtml" xml:lang="en" lang="en">
 <head>
  <title>
</title>
<meta http-equiv="Content-Type" content="text/html;charset=utf-8" />
  <meta name='ocr-system' content='tesseract 3.04.00' />
  <meta name='ocr-capabilities' content='ocr_page ocr_carea ocr_par ocr_line ocrx_word'/>
</head>
<body>
  <div class='ocr_page' id='page_1' title='image "./patrologiaecurs66unkngoog_0253.png"; bbox 0 0 3900 6112; ppageno 0'>
   <div class='ocr_carea' id='block_1_1' title="bbox 180 271 1898 367">
    <p class='ocr_par' dir='ltr' id='par_1_1' title="bbox 180 271 1898 367">
     <span class='ocr_line' id='line_1_1' title="bbox 180 271 1898 367; baseline -0.001 -11"><span class='ocrx_word' id='word_1_1' title='bbox 180 299 240 367; x_wconf 74' lang='lat'><strong>495</strong></span> <span class='ocrx_word' id='word_1_2' title='bbox 677 271 733 357; x_wconf 86' lang='grc'><strong>’4.</strong></span> <span class='ocrx_word' id='word_1_3' title='bbox 754 290 944 355; x_wconf 75' lang='grc'><strong>4444444</strong></span> <span class='ocrx_word' id='word_1_4' title='bbox 958 290 1165 355; x_wconf 80' lang='lat' dir='ltr'><strong>nucsusrs</strong></span> <span class='ocrx_word' id='word_1_5' title='bbox 1181 288 1389 355; x_wconf 80' lang='lat' dir='ltr'><strong>srrscorr.</strong></span> <span class='ocrx_word' id='word_1_6' title='bbox 1845 286 1898 355; x_wconf 78' lang='grc'><strong>44</strong></span> 
     </span>
    </p>
   </div>
   <div class='ocr_carea' id='block_1_2' title="bbox 172 477 1897 1809">
    <p class='ocr_par' dir='ltr' id='par_1_2' title="bbox 177 477 1897 734">
     <span class='ocr_line' id='line_1_2' title="bbox 215 477 1897 566; baseline -0.007 -10"><span class='ocrx_word' id='word_1_7' title='bbox 215 498 258 557; x_wconf 88' lang='grc'><strong>47.</strong></span> <span class='ocrx_word' id='word_1_8' title='bbox 276 499 314 553; x_wconf 91' lang='lat' dir='ltr'><strong>Ut</strong></span> <span class='ocrx_word' id='word_1_9' title='bbox 327 497 429 552; x_wconf 90' lang='lat' dir='ltr'><strong>nullus</strong></span> <span class='ocrx_word' id='word_1_10' title='bbox 444 494 611 566; x_wconf 79' lang='lat' dir='ltr'><strong>alienigena</strong></span> <span class='ocrx_word' id='word_1_11' title='bbox 626 494 784 546; x_wconf 86' lang='lat' dir='ltr'><strong>accusator</strong></span> <span class='ocrx_word' id='word_1_12' title='bbox 800 489 893 546; x_wconf 88' lang='lat' dir='ltr'><strong>sitvel</strong></span> <span class='ocrx_word' id='word_1_13' title='bbox 904 488 1008 561; x_wconf 79' lang='lat' dir='ltr'><strong>judex,</strong></span> <span class='ocrx_word' id='word_1_14' title='bbox 1028 477 1052 537; x_wconf 82' lang='grc' dir='ltr'><strong>Λ</strong></span> <span class='ocrx_word' id='word_1_15' title='bbox 1104 489 1150 544; x_wconf 91' lang='grc'><strong>40.</strong></span> <span class='ocrx_word' id='word_1_16' title='bbox 1166 488 1198 544; x_wconf 89' lang='lat' dir='ltr'><strong>Si</strong></span> <span class='ocrx_word' id='word_1_17' title='bbox 1213 489 1282 561; x_wconf 88' lang='lat' dir='ltr'><strong>quis</strong></span> <span class='ocrx_word' id='word_1_18' title='bbox 1296 490 1456 561; x_wconf 88' lang='lat' dir='ltr'><strong>episcopus</strong></span> <span class='ocrx_word' id='word_1_19' title='bbox 1475 488 1590 561; x_wconf 86' lang='lat' dir='ltr'><strong>absque</strong></span> <span class='ocrx_word' id='word_1_20' title='bbox 1603 490 1741 561; x_wconf 87' lang='lat' dir='ltr'><strong>tempore</strong></span> <span class='ocrx_word' id='word_1_21' title='bbox 1755 487 1897 559; x_wconf 69' lang='lat' dir='ltr'><strong>spnodiiu</strong></span> 
     </span>
     <span class='ocr_line' id='line_1_3' title="bbox 179 576 1896 651; baseline -0.008 -4"><span class='ocrx_word' id='word_1_22' title='bbox 179 591 232 647; x_wconf 87' lang='lat' dir='ltr'><strong>sed</strong></span> <span class='ocrx_word' id='word_1_23' title='bbox 259 605 315 644; x_wconf 87' lang='lat' dir='ltr'><strong>nec</strong></span> <span class='ocrx_word' id='word_1_24' title='bbox 337 600 446 642; x_wconf 83' lang='lat' dir='ltr'><strong>servus</strong></span> <span class='ocrx_word' id='word_1_25' title='bbox 469 586 519 638; x_wconf 91' lang='lat' dir='ltr'><strong>aut</strong></span> <span class='ocrx_word' id='word_1_26' title='bbox 538 582 663 639; x_wconf 85' lang='lat' dir='ltr'><strong>libertus</strong></span> <span class='ocrx_word' id='word_1_27' title='bbox 685 581 731 636; x_wconf 83' lang='lat' dir='ltr'><strong>vel</strong></span> <span class='ocrx_word' id='word_1_28' title='bbox 751 582 910 651; x_wconf 90' lang='lat' dir='ltr'><strong>suspectus</strong></span> <span class='ocrx_word' id='word_1_29' title='bbox 932 577 1008 633; x_wconf 81' lang='lat' dir='ltr'><strong>inte·</strong></span> <span class='ocrx_word' id='word_1_30' title='bbox 1069 577 1193 632; x_wconf 88' lang='lat' dir='ltr'><strong>crimine</strong></span> <span class='ocrx_word' id='word_1_31' title='bbox 1208 577 1345 633; x_wconf 89' lang='lat' dir='ltr'><strong>detentus</strong></span> <span class='ocrx_word' id='word_1_32' title='bbox 1361 576 1460 648; x_wconf 83' lang='lat' dir='ltr'><strong>tuerit,</strong></span> <span class='ocrx_word' id='word_1_33' title='bbox 1476 592 1494 632; x_wconf 89' lang='lat' dir='ltr'><strong>a</strong></span> <span class='ocrx_word' id='word_1_34' title='bbox 1513 577 1671 632; x_wconf 77' lang='lat' dir='ltr'><strong>duodecim</strong></span> <span class='ocrx_word' id='word_1_35' title='bbox 1686 576 1841 649; x_wconf 88' lang='lat' dir='ltr'><strong>episcopis</strong></span> <span class='ocrx_word' id='word_1_36' title='bbox 1853 590 1896 633; x_wconf 75' lang='lat' dir='ltr'><strong>aa·</strong></span> 
     </span>
     <span class='ocr_line' id='line_1_4' title="bbox 177 665 1174 734; baseline -0.014 0"><span class='ocrx_word' id='word_1_37' title='bbox 177 679 245 734; x_wconf 87' lang='lat' dir='ltr'><strong>mis.</strong></span> <span class='ocrx_word' id='word_1_38' title='bbox 1068 665 1174 722; x_wconf 89' lang='lat' dir='ltr'><strong>diatur.</strong></span> 
     </span>
    </p>

    <p class='ocr_par' dir='ltr' id='par_1_3' title="bbox 177 754 1891 922">
     <span class='ocr_line' id='line_1_5' title="bbox 213 754 1891 833; baseline -0.007 -12"><span class='ocrx_word' id='word_1_39' title='bbox 213 767 257 822; x_wconf 79' lang='lat'><strong>18.</strong></span> <span class='ocrx_word' id='word_1_40' title='bbox 273 766 345 820; x_wconf 90' lang='lat' dir='ltr'><strong>ltem</strong></span> <span class='ocrx_word' id='word_1_41' title='bbox 359 764 395 819; x_wconf 87' lang='lat' dir='ltr'><strong>de</strong></span> <span class='ocrx_word' id='word_1_42' title='bbox 410 764 458 819; x_wconf 89' lang='lat' dir='ltr'><strong>his</strong></span> <span class='ocrx_word' id='word_1_43' title='bbox 473 763 524 833; x_wconf 89' lang='lat' dir='ltr'><strong>qui</strong></span> <span class='ocrx_word' id='word_1_44' title='bbox 543 761 579 818; x_wconf 90' lang='grc'><strong>44</strong></span> <span class='ocrx_word' id='word_1_45' title='bbox 595 759 813 817; x_wconf 73' lang='lat' dir='ltr'><strong>accusationem</strong></span> <span class='ocrx_word' id='word_1_46' title='bbox 829 761 858 814; x_wconf 91' lang='lat' dir='ltr'><strong>et</strong></span> <span class='ocrx_word' id='word_1_47' title='bbox 871 757 1007 814; x_wconf 84' lang='lat' dir='ltr'><strong>testimo·</strong></span> <span class='ocrx_word' id='word_1_48' title='bbox 1102 754 1147 811; x_wconf 87' lang='grc'><strong>44.</strong></span> <span class='ocrx_word' id='word_1_49' title='bbox 1164 755 1203 811; x_wconf 94' lang='lat' dir='ltr'><strong>Ut</strong></span> <span class='ocrx_word' id='word_1_50' title='bbox 1225 754 1381 812; x_wconf 85' lang='lat' dir='ltr'><strong>interiores</strong></span> <span class='ocrx_word' id='word_1_51' title='bbox 1400 756 1514 829; x_wconf 86' lang='lat' dir='ltr'><strong>gradus</strong></span> <span class='ocrx_word' id='word_1_52' title='bbox 1534 755 1711 827; x_wconf 75' lang='lat' dir='ltr'><strong>superiores</strong></span> <span class='ocrx_word' id='word_1_53' title='bbox 1727 769 1788 810; x_wconf 86' lang='lat' dir='ltr'><strong>uon</strong></span> <span class='ocrx_word' id='word_1_54' title='bbox 1813 769 1891 811; x_wconf 83' lang='lat' dir='ltr'><strong>acor·</strong></span> 
     </span>
     <span class='ocr_line' id='line_1_6' title="bbox 177 843 1888 922; baseline -0.006 -11"><span class='ocrx_word' id='word_1_55' title='bbox 177 857 257 911; x_wconf 90' lang='lat' dir='ltr'><strong>nium</strong></span> <span class='ocrx_word' id='word_1_56' title='bbox 273 871 331 910; x_wconf 90' lang='lat' dir='ltr'><strong>non</strong></span> <span class='ocrx_word' id='word_1_57' title='bbox 346 851 515 909; x_wconf 90' lang='lat' dir='ltr'><strong>admittendi</strong></span> <span class='ocrx_word' id='word_1_58' title='bbox 530 853 611 906; x_wconf 86' lang='lat' dir='ltr'><strong>sunt.</strong></span> <span class='ocrx_word' id='word_1_59' title='bbox 1037 914 1041 922; x_wconf 30' lang='grc' dir='ltr'>Ι</span> <span class='ocrx_word' id='word_1_60' title='bbox 1069 845 1154 910; x_wconf 81' lang='lat' dir='ltr'><strong>seat3</strong></span> <span class='ocrx_word' id='word_1_61' title='bbox 1170 845 1200 899; x_wconf 87' lang='lat' dir='ltr'><strong>et</strong></span> <span class='ocrx_word' id='word_1_62' title='bbox 1214 843 1242 898; x_wconf 92' lang='lat' dir='ltr'><strong>in</strong></span> <span class='ocrx_word' id='word_1_63' title='bbox 1254 848 1325 915; x_wconf 92' lang='lat' dir='ltr'><strong>quot</strong></span> <span class='ocrx_word' id='word_1_64' title='bbox 1335 845 1463 901; x_wconf 86' lang='lat' dir='ltr'><strong>testibus</strong></span> <span class='ocrx_word' id='word_1_65' title='bbox 1478 843 1888 917; x_wconf 64' lang='lat' dir='ltr'><strong>episcopos,preebster‚d&#39;r·</strong></span> 
     </span>
    </p>

    <p class='ocr_par' dir='ltr' id='par_1_4' title="bbox 213 932 1884 1005">
     <span class='ocr_line' id='line_1_7' title="bbox 213 932 1884 1005; baseline -0.007 -4"><span class='ocrx_word' id='word_1_66' title='bbox 213 945 256 1001; x_wconf 83' lang='lat' dir='ltr'><strong>te.</strong></span> <span class='ocrx_word' id='word_1_67' title='bbox 274 944 345 999; x_wconf 90' lang='lat' dir='ltr'><strong>ltcm</strong></span> <span class='ocrx_word' id='word_1_68' title='bbox 360 943 396 997; x_wconf 94' lang='lat' dir='ltr'><strong>de</strong></span> <span class='ocrx_word' id='word_1_69' title='bbox 407 941 562 996; x_wconf 84' lang='lat' dir='ltr'><strong>eademne.</strong></span> <span class='ocrx_word' id='word_1_70' title='bbox 992 992 998 1005; x_wconf 63' lang='grc'>,</span> <span class='ocrx_word' id='word_1_71' title='bbox 1068 947 1173 1003; x_wconf 85' lang='grc'><strong>44444,</strong></span> <span class='ocrx_word' id='word_1_72' title='bbox 1190 932 1408 1002; x_wconf 77' lang='lat' dir='ltr'><strong>subdiaconus,</strong></span> <span class='ocrx_word' id='word_1_73' title='bbox 1429 938 1458 990; x_wconf 95' lang='lat' dir='ltr'><strong>et</strong></span> <span class='ocrx_word' id='word_1_74' title='bbox 1481 934 1582 990; x_wconf 74' lang='lat' dir='ltr'><strong>caeteri</strong></span> <span class='ocrx_word' id='word_1_75' title='bbox 1597 932 1818 989; x_wconf 84' lang='lat' dir='ltr'><strong>condemnandi</strong></span> <span class='ocrx_word' id='word_1_76' title='bbox 1830 932 1884 989; x_wconf 63' lang='grc'><strong>444</strong></span> 
     </span>
    </p>

    <p class='ocr_par' dir='ltr' id='par_1_5' title="bbox 175 1019 1884 1284">
     <span class='ocr_line' id='line_1_8' title="bbox 212 1019 1884 1101; baseline -0.007 -13"><span class='ocrx_word' id='word_1_77' title='bbox 212 1035 256 1088; x_wconf 73' lang='grc'><strong>40.</strong></span> <span class='ocrx_word' id='word_1_78' title='bbox 273 1035 344 1087; x_wconf 83' lang='lat' dir='ltr'><strong>Item</strong></span> <span class='ocrx_word' id='word_1_79' title='bbox 359 1032 395 1086; x_wconf 91' lang='lat' dir='ltr'><strong>de</strong></span> <span class='ocrx_word' id='word_1_80' title='bbox 411 1032 457 1084; x_wconf 90' lang='lat' dir='ltr'><strong>his</strong></span> <span class='ocrx_word' id='word_1_81' title='bbox 474 1029 583 1101; x_wconf 75' lang='lat' dir='ltr'><strong>quilius</strong></span> <span class='ocrx_word' id='word_1_82' title='bbox 597 1042 739 1082; x_wconf 89' lang='lat' dir='ltr'><strong>accusare</strong></span> <span class='ocrx_word' id='word_1_83' title='bbox 751 1041 810 1081; x_wconf 94' lang='lat' dir='ltr'><strong>non</strong></span> <span class='ocrx_word' id='word_1_84' title='bbox 824 1025 911 1085; x_wconf 77' lang='lat' dir='ltr'><strong>licet:</strong></span> <span class='ocrx_word' id='word_1_85' title='bbox 926 1025 956 1078; x_wconf 91' lang='lat' dir='ltr'><strong>et</strong></span> <span class='ocrx_word' id='word_1_86' title='bbox 969 1036 1006 1078; x_wconf 91' lang='lat' dir='ltr'><strong>ne</strong></span> <span class='ocrx_word' id='word_1_87' title='bbox 1101 1019 1146 1075; x_wconf 72' lang='grc'><strong>44.</strong></span> <span class='ocrx_word' id='word_1_88' title='bbox 1162 1019 1245 1085; x_wconf 90' lang='lat' dir='ltr'><strong>Quod</strong></span> <span class='ocrx_word' id='word_1_89' title='bbox 1261 1037 1335 1076; x_wconf 84' lang='lat' dir='ltr'><strong>oves</strong></span> <span class='ocrx_word' id='word_1_90' title='bbox 1361 1025 1498 1092; x_wconf 88' lang='lat' dir='ltr'><strong>pastores</strong></span> <span class='ocrx_word' id='word_1_91' title='bbox 1513 1021 1740 1095; x_wconf 87' lang='lat' dir='ltr'><strong>reprehendere</strong></span> <span class='ocrx_word' id='word_1_92' title='bbox 1754 1036 1813 1077; x_wconf 91' lang='lat' dir='ltr'><strong>non</strong></span> <span class='ocrx_word' id='word_1_93' title='bbox 1827 1036 1884 1093; x_wconf 81' lang='lat' dir='ltr'><strong>pec-</strong></span> 
     </span>
     <span class='ocr_line' id='line_1_9' title="bbox 175 1109 1881 1189; baseline -0.007 -10"><span class='ocrx_word' id='word_1_94' title='bbox 175 1127 333 1179; x_wconf 88' lang='lat' dir='ltr'><strong>eccusatns</strong></span> <span class='ocrx_word' id='word_1_95' title='bbox 349 1122 423 1175; x_wconf 91' lang='lat' dir='ltr'><strong>alios</strong></span> <span class='ocrx_word' id='word_1_96' title='bbox 445 1120 550 1173; x_wconf 91' lang='lat' dir='ltr'><strong>habcat</strong></span> <span class='ocrx_word' id='word_1_97' title='bbox 572 1117 702 1189; x_wconf 86' lang='lat' dir='ltr'><strong>judices,</strong></span> <span class='ocrx_word' id='word_1_98' title='bbox 721 1117 830 1185; x_wconf 84' lang='lat' dir='ltr'><strong>praeter</strong></span> <span class='ocrx_word' id='word_1_99' title='bbox 848 1128 925 1185; x_wconf 90' lang='lat' dir='ltr'><strong>quos</strong></span> <span class='ocrx_word' id='word_1_100' title='bbox 941 1113 1006 1182; x_wconf 89' lang='lat' dir='ltr'><strong>ipse</strong></span> <span class='ocrx_word' id='word_1_101' title='bbox 1066 1109 1135 1180; x_wconf 87' lang='lat' dir='ltr'><strong>sint,</strong></span> <span class='ocrx_word' id='word_1_102' title='bbox 1147 1110 1205 1164; x_wconf 91' lang='lat' dir='ltr'><strong>nisi</strong></span> <span class='ocrx_word' id='word_1_103' title='bbox 1222 1111 1252 1164; x_wconf 92' lang='lat' dir='ltr'><strong>in</strong></span> <span class='ocrx_word' id='word_1_104' title='bbox 1266 1110 1323 1165; x_wconf 88' lang='lat' dir='ltr'><strong>tide</strong></span> <span class='ocrx_word' id='word_1_105' title='bbox 1339 1112 1513 1182; x_wconf 85' lang='lat' dir='ltr'><strong>erraverint,</strong></span> <span class='ocrx_word' id='word_1_106' title='bbox 1529 1115 1558 1168; x_wconf 89' lang='lat' dir='ltr'><strong>et</strong></span> <span class='ocrx_word' id='word_1_107' title='bbox 1572 1111 1652 1185; x_wconf 89' lang='lat' dir='ltr'><strong>quod</strong></span> <span class='ocrx_word' id='word_1_108' title='bbox 1668 1110 1825 1185; x_wconf 81' lang='lat' dir='ltr'><strong>exspoliati</strong></span> <span class='ocrx_word' id='word_1_109' title='bbox 1839 1126 1881 1167; x_wconf 85' lang='grc'><strong>444</strong></span> 
     </span>
     <span class='ocr_line' id='line_1_10' title="bbox 175 1197 1878 1284; baseline -0.006 -16"><span class='ocrx_word' id='word_1_110' title='bbox 175 1213 368 1284; x_wconf 84' lang='lat' dir='ltr'><strong>elegerit,aut</strong></span> <span class='ocrx_word' id='word_1_111' title='bbox 383 1223 597 1265; x_wconf 85' lang='lat' dir='ltr'><strong>suocouseusu</strong></span> <span class='ocrx_word' id='word_1_112' title='bbox 614 1207 703 1261; x_wconf 87' lang='lat' dir='ltr'><strong>sedes</strong></span> <span class='ocrx_word' id='word_1_113' title='bbox 720 1202 893 1275; x_wconf 89' lang='lat' dir='ltr'><strong>apostolica.</strong></span> <span class='ocrx_word' id='word_1_114' title='bbox 1065 1197 1190 1252; x_wconf 89' lang='lat' dir='ltr'><strong>debeant</strong></span> <span class='ocrx_word' id='word_1_115' title='bbox 1210 1199 1246 1253; x_wconf 90' lang='lat' dir='ltr'><strong>ad</strong></span> <span class='ocrx_word' id='word_1_116' title='bbox 1270 1201 1416 1271; x_wconf 73' lang='lat' dir='ltr'><strong>synodum</strong></span> <span class='ocrx_word' id='word_1_117' title='bbox 1443 1201 1554 1271; x_wconf 87' lang='lat' dir='ltr'><strong>vocari,</strong></span> <span class='ocrx_word' id='word_1_118' title='bbox 1575 1200 1635 1258; x_wconf 90' lang='lat' dir='ltr'><strong>nisi</strong></span> <span class='ocrx_word' id='word_1_119' title='bbox 1658 1200 1746 1274; x_wconf 87' lang='lat' dir='ltr'><strong>prius</strong></span> <span class='ocrx_word' id='word_1_120' title='bbox 1764 1198 1878 1257; x_wconf 72' lang='lat' dir='ltr'><strong>eisitan</strong></span> 
     </span>
    </p>

    <p class='ocr_par' dir='ltr' id='par_1_6' title="bbox 172 1286 1875 1640">
     <span class='ocr_line' id='line_1_11' title="bbox 209 1286 1403 1359; baseline -0.008 -5"><span class='ocrx_word' id='word_1_121' title='bbox 209 1301 254 1356; x_wconf 73' lang='grc'><strong>44.</strong></span> <span class='ocrx_word' id='word_1_122' title='bbox 272 1300 309 1354; x_wconf 87' lang='lat' dir='ltr'><strong>Ut</strong></span> <span class='ocrx_word' id='word_1_123' title='bbox 325 1298 485 1355; x_wconf 90' lang='lat' dir='ltr'><strong>accusandi</strong></span> <span class='ocrx_word' id='word_1_124' title='bbox 500 1297 547 1352; x_wconf 81' lang='lat' dir='ltr'><strong>vel</strong></span> <span class='ocrx_word' id='word_1_125' title='bbox 563 1293 739 1351; x_wconf 80' lang='lat' dir='ltr'><strong>testificandi</strong></span> <span class='ocrx_word' id='word_1_126' title='bbox 751 1291 867 1346; x_wconf 88' lang='lat' dir='ltr'><strong>licentia</strong></span> <span class='ocrx_word' id='word_1_127' title='bbox 882 1290 1006 1359; x_wconf 82' lang='lat' dir='ltr'><strong>denege-</strong></span> <span class='ocrx_word' id='word_1_128' title='bbox 1065 1301 1120 1340; x_wconf 90' lang='lat' dir='ltr'><strong>sua</strong></span> <span class='ocrx_word' id='word_1_129' title='bbox 1134 1286 1243 1342; x_wconf 82' lang='lat' dir='ltr'><strong>fuerint</strong></span> <span class='ocrx_word' id='word_1_130' title='bbox 1257 1289 1403 1345; x_wconf 87' lang='lat' dir='ltr'><strong>restituta.</strong></span> 
     </span>
     <span class='ocr_line' id='line_1_12' title="bbox 172 1374 1875 1460; baseline -0.007 -15"><span class='ocrx_word' id='word_1_131' title='bbox 172 1389 281 1445; x_wconf 88' lang='lat' dir='ltr'><strong>turbis</strong></span> <span class='ocrx_word' id='word_1_132' title='bbox 296 1389 347 1460; x_wconf 91' lang='lat' dir='ltr'><strong>qui</strong></span> <span class='ocrx_word' id='word_1_133' title='bbox 361 1387 536 1442; x_wconf 81' lang='lat' dir='ltr'><strong>Christianae</strong></span> <span class='ocrx_word' id='word_1_134' title='bbox 552 1383 706 1456; x_wconf 88' lang='lat' dir='ltr'><strong>religionis</strong></span> <span class='ocrx_word' id='word_1_135' title='bbox 722 1386 750 1436; x_wconf 90' lang='lat' dir='ltr'><strong>et</strong></span> <span class='ocrx_word' id='word_1_136' title='bbox 764 1379 892 1435; x_wconf 88' lang='lat' dir='ltr'><strong>nominis</strong></span> <span class='ocrx_word' id='word_1_137' title='bbox 909 1376 1005 1449; x_wconf 90' lang='lat' dir='ltr'><strong>digni·</strong></span> <span class='ocrx_word' id='word_1_138' title='bbox 1099 1374 1144 1429; x_wconf 82' lang='lat' dir='ltr'><strong>ta.</strong></span> <span class='ocrx_word' id='word_1_139' title='bbox 1162 1375 1201 1430; x_wconf 89' lang='lat' dir='ltr'><strong>Ut</strong></span> <span class='ocrx_word' id='word_1_140' title='bbox 1215 1392 1301 1432; x_wconf 90' lang='lat' dir='ltr'><strong>nemo</strong></span> <span class='ocrx_word' id='word_1_141' title='bbox 1326 1379 1499 1450; x_wconf 75' lang='lat' dir='ltr'><strong>episcopum</strong></span> <span class='ocrx_word' id='word_1_142' title='bbox 1513 1377 1561 1434; x_wconf 85' lang='lat' dir='ltr'><strong>vel</strong></span> <span class='ocrx_word' id='word_1_143' title='bbox 1576 1393 1758 1453; x_wconf 86' lang='lat' dir='ltr'><strong>quemquam</strong></span> <span class='ocrx_word' id='word_1_144' title='bbox 1772 1376 1875 1434; x_wconf 83' lang='lat' dir='ltr'><strong>clericu-</strong></span> 
     </span>
     <span class='ocr_line' id='line_1_13' title="bbox 173 1465 1672 1547; baseline -0.007 -14"><span class='ocrx_word' id='word_1_145' title='bbox 173 1482 271 1547; x_wconf 87' lang='lat' dir='ltr'><strong>tatem,</strong></span> <span class='ocrx_word' id='word_1_146' title='bbox 287 1482 315 1531; x_wconf 81' lang='lat' dir='ltr'><strong>et</strong></span> <span class='ocrx_word' id='word_1_147' title='bbox 330 1493 394 1532; x_wconf 90' lang='lat' dir='ltr'><strong>suae</strong></span> <span class='ocrx_word' id='word_1_148' title='bbox 409 1475 485 1547; x_wconf 88' lang='lat' dir='ltr'><strong>legis</strong></span> <span class='ocrx_word' id='word_1_149' title='bbox 510 1474 556 1528; x_wconf 89' lang='lat' dir='ltr'><strong>vel</strong></span> <span class='ocrx_word' id='word_1_150' title='bbox 572 1472 716 1544; x_wconf 88' lang='lat' dir='ltr'><strong>propositi</strong></span> <span class='ocrx_word' id='word_1_151' title='bbox 732 1482 875 1535; x_wconf 85' lang='lat' dir='ltr'><strong>normam,</strong></span> <span class='ocrx_word' id='word_1_152' title='bbox 891 1469 940 1519; x_wconf 91' lang='lat' dir='ltr'><strong>aut</strong></span> <span class='ocrx_word' id='word_1_153' title='bbox 954 1479 1003 1519; x_wconf 87' lang='lat' dir='ltr'><strong>re·</strong></span> <span class='ocrx_word' id='word_1_154' title='bbox 1065 1478 1130 1518; x_wconf 85' lang='lat' dir='ltr'><strong>rum</strong></span> <span class='ocrx_word' id='word_1_155' title='bbox 1142 1465 1218 1536; x_wconf 90' lang='lat' dir='ltr'><strong>apud</strong></span> <span class='ocrx_word' id='word_1_156' title='bbox 1234 1467 1396 1522; x_wconf 84' lang='lat' dir='ltr'><strong>saeculares</strong></span> <span class='ocrx_word' id='word_1_157' title='bbox 1407 1467 1529 1539; x_wconf 77' lang='lat' dir='ltr'><strong>judices</strong></span> <span class='ocrx_word' id='word_1_158' title='bbox 1539 1470 1672 1523; x_wconf 84' lang='lat' dir='ltr'><strong>accuset.</strong></span> 
     </span>
     <span class='ocr_line' id='line_1_14' title="bbox 172 1551 1871 1640; baseline -0.008 -18"><span class='ocrx_word' id='word_1_159' title='bbox 172 1567 316 1640; x_wconf 87' lang='lat' dir='ltr'><strong>gulariter</strong></span> <span class='ocrx_word' id='word_1_160' title='bbox 331 1565 488 1637; x_wconf 77' lang='lat' dir='ltr'><strong>prohibita,</strong></span> <span class='ocrx_word' id='word_1_161' title='bbox 507 1562 704 1634; x_wconf 75' lang='lat' dir='ltr'><strong>neglexerint.</strong></span> <span class='ocrx_word' id='word_1_162' title='bbox 1098 1551 1143 1606; x_wconf 87' lang='grc'><strong>44.</strong></span> <span class='ocrx_word' id='word_1_163' title='bbox 1160 1553 1200 1608; x_wconf 87' lang='lat' dir='ltr'><strong>De</strong></span> <span class='ocrx_word' id='word_1_164' title='bbox 1219 1555 1321 1609; x_wconf 88' lang='lat' dir='ltr'><strong>eodem</strong></span> <span class='ocrx_word' id='word_1_165' title='bbox 1338 1570 1380 1624; x_wconf 80' lang='lat' dir='ltr'><strong>re,</strong></span> <span class='ocrx_word' id='word_1_166' title='bbox 1396 1560 1425 1611; x_wconf 92' lang='lat' dir='ltr'><strong>et</strong></span> <span class='ocrx_word' id='word_1_167' title='bbox 1439 1558 1470 1610; x_wconf 92' lang='lat' dir='ltr'><strong>ut</strong></span> <span class='ocrx_word' id='word_1_168' title='bbox 1489 1558 1593 1611; x_wconf 88' lang='lat' dir='ltr'><strong>vocato</strong></span> <span class='ocrx_word' id='word_1_169' title='bbox 1608 1555 1644 1611; x_wconf 87' lang='grc'><strong>44</strong></span> <span class='ocrx_word' id='word_1_170' title='bbox 1660 1554 1806 1626; x_wconf 70' lang='lat' dir='ltr'><strong>synodum</strong></span> <span class='ocrx_word' id='word_1_171' title='bbox 1818 1569 1871 1610; x_wconf 82' lang='lat' dir='ltr'><strong>cor·</strong></span> 
     </span>
    </p>

    <p class='ocr_par' dir='ltr' id='par_1_7' title="bbox 173 1641 1869 1809">
     <span class='ocr_line' id='line_1_15' title="bbox 207 1641 1869 1715; baseline -0.007 -5"><span class='ocrx_word' id='word_1_172' title='bbox 207 1656 251 1710; x_wconf 73' lang='grc'><strong>44.</strong></span> <span class='ocrx_word' id='word_1_173' title='bbox 269 1656 307 1709; x_wconf 84' lang='lat' dir='ltr'><strong>tlt</strong></span> <span class='ocrx_word' id='word_1_174' title='bbox 321 1669 408 1709; x_wconf 87' lang='lat' dir='ltr'><strong>nemo</strong></span> <span class='ocrx_word' id='word_1_175' title='bbox 434 1651 576 1706; x_wconf 91' lang='lat' dir='ltr'><strong>clericum</strong></span> <span class='ocrx_word' id='word_1_176' title='bbox 596 1649 692 1703; x_wconf 89' lang='lat' dir='ltr'><strong>trahat</strong></span> <span class='ocrx_word' id='word_1_177' title='bbox 707 1647 743 1700; x_wconf 92' lang='lat' dir='ltr'><strong>ad</strong></span> <span class='ocrx_word' id='word_1_178' title='bbox 770 1641 1005 1714; x_wconf 69' lang='lat' dir='ltr'><strong>saecularejudi·</strong></span> <span class='ocrx_word' id='word_1_179' title='bbox 1062 1654 1170 1711; x_wconf 75' lang='lat' dir='ltr'><strong>gruum</strong></span> <span class='ocrx_word' id='word_1_180' title='bbox 1186 1644 1313 1712; x_wconf 86' lang='lat' dir='ltr'><strong>spatium</strong></span> <span class='ocrx_word' id='word_1_181' title='bbox 1327 1644 1424 1699; x_wconf 89' lang='lat' dir='ltr'><strong>detur.</strong></span> <span class='ocrx_word' id='word_1_182' title='bbox 1439 1645 1534 1700; x_wconf 79' lang='lat' dir='ltr'><strong>Aliter</strong></span> <span class='ocrx_word' id='word_1_183' title='bbox 1554 1658 1614 1699; x_wconf 89' lang='lat' dir='ltr'><strong>nou</strong></span> <span class='ocrx_word' id='word_1_184' title='bbox 1628 1643 1869 1715; x_wconf 68' lang='lat' dir='ltr'><strong>respondebitur</strong></span> 
     </span>
     <span class='ocr_line' id='line_1_16' title="bbox 173 1729 1869 1809; baseline -0.005 -11"><span class='ocrx_word' id='word_1_185' title='bbox 173 1745 250 1800; x_wconf 90' lang='lat' dir='ltr'><strong>cium</strong></span> <span class='ocrx_word' id='word_1_186' title='bbox 267 1744 332 1799; x_wconf 89' lang='lat' dir='ltr'><strong>sine</strong></span> <span class='ocrx_word' id='word_1_187' title='bbox 354 1756 505 1798; x_wconf 89' lang='lat' dir='ltr'><strong>consensu</strong></span> <span class='ocrx_word' id='word_1_188' title='bbox 520 1739 663 1809; x_wconf 86' lang='lat' dir='ltr'><strong>episcopi.</strong></span> <span class='ocrx_word' id='word_1_189' title='bbox 1062 1729 1208 1801; x_wconf 82' lang='lat' dir='ltr'><strong>voluerit3</strong></span> <span class='ocrx_word' id='word_1_190' title='bbox 1233 1735 1262 1787; x_wconf 91' lang='lat' dir='ltr'><strong>et</strong></span> <span class='ocrx_word' id='word_1_191' title='bbox 1276 1736 1308 1787; x_wconf 89' lang='lat' dir='ltr'><strong>ut</strong></span> <span class='ocrx_word' id='word_1_192' title='bbox 1330 1738 1522 1789; x_wconf 85' lang='lat' dir='ltr'><strong>accusatores</strong></span> <span class='ocrx_word' id='word_1_193' title='bbox 1537 1739 1565 1788; x_wconf 89' lang='lat' dir='ltr'><strong>et</strong></span> <span class='ocrx_word' id='word_1_194' title='bbox 1586 1733 1720 1789; x_wconf 85' lang='lat' dir='ltr'><strong>accusati</strong></span> <span class='ocrx_word' id='word_1_195' title='bbox 1741 1732 1869 1806; x_wconf 66' lang='lat' dir='ltr'><strong>aequitii!</strong></span> 
     </span>
    </p>
   </div>
   <div class='ocr_carea' id='block_1_3' title="bbox 207 1818 1868 1988">
    <p class='ocr_par' dir='ltr' id='par_1_8' title="bbox 207 1818 1868 1988">
     <span class='ocr_line' id='line_1_17' title="bbox 208 1818 1228 1911; baseline -0.011 -25"><span class='ocrx_word' id='word_1_196' title='bbox 208 1831 252 1886; x_wconf 71' lang='lat'><strong>⁶23.</strong></span> <span class='ocrx_word' id='word_1_197' title='bbox 269 1832 311 1885; x_wconf 88' lang='lat' dir='ltr'><strong>lle</strong></span> <span class='ocrx_word' id='word_1_198' title='bbox 326 1831 427 1886; x_wconf 90' lang='lat' dir='ltr'><strong>endem</strong></span> <span class='ocrx_word' id='word_1_199' title='bbox 440 1846 482 1884; x_wconf 90' lang='lat' dir='ltr'><strong>re.</strong></span> <span class='ocrx_word' id='word_1_200' title='bbox 1020 1849 1045 1911; x_wconf 76' lang='grc' dir='ltr'>Β</span> <span class='ocrx_word' id='word_1_201' title='bbox 1062 1818 1228 1875; x_wconf 87' lang='lat' dir='ltr'><strong>audiantur.</strong></span> 
     </span>
     <span class='ocr_line' id='line_1_18' title="bbox 207 1906 1868 1988; baseline -0.004 -14"><span class='ocrx_word' id='word_1_202' title='bbox 207 1919 468 1985; x_wconf 62' lang='lat' dir='ltr'><strong>monodiarum</strong></span> <span class='ocrx_word' id='word_1_203' title='bbox 489 1921 518 1972; x_wconf 92' lang='lat' dir='ltr'><strong>et</strong></span> <span class='ocrx_word' id='word_1_204' title='bbox 534 1918 681 1988; x_wconf 82' lang='lat' dir='ltr'><strong>sacrilego</strong></span> <span class='ocrx_word' id='word_1_205' title='bbox 698 1916 844 1970; x_wconf 87' lang='lat' dir='ltr'><strong>adversus</strong></span> <span class='ocrx_word' id='word_1_206' title='bbox 859 1910 1004 1966; x_wconf 79' lang='lat' dir='ltr'><strong>Christia-</strong></span> <span class='ocrx_word' id='word_1_207' title='bbox 1095 1906 1141 1963; x_wconf 84' lang='grc'><strong>44.</strong></span> <span class='ocrx_word' id='word_1_208' title='bbox 1159 1908 1197 1964; x_wconf 89' lang='lat' dir='ltr'><strong>Ut</strong></span> <span class='ocrx_word' id='word_1_209' title='bbox 1221 1910 1321 1966; x_wconf 92' lang='lat' dir='ltr'><strong>nullus</strong></span> <span class='ocrx_word' id='word_1_210' title='bbox 1337 1910 1490 1983; x_wconf 79' lang='lat' dir='ltr'><strong>judicetur</strong></span> <span class='ocrx_word' id='word_1_211' title='bbox 1509 1911 1569 1968; x_wconf 90' lang='lat' dir='ltr'><strong>uisi</strong></span> <span class='ocrx_word' id='word_1_212' title='bbox 1591 1911 1743 1985; x_wconf 82' lang='lat' dir='ltr'><strong>legitimos</strong></span> <span class='ocrx_word' id='word_1_213' title='bbox 1758 1909 1868 1967; x_wconf 70' lang='lat' dir='ltr'><strong>habueri</strong></span> 
     </span>
    </p>
   </div>
   <div class='ocr_carea' id='block_1_4' title="bbox 172 2001 1442 2075">
    <p class='ocr_par' dir='ltr' id='par_1_9' title="bbox 172 2001 1442 2075">
     <span class='ocr_line' id='line_1_19' title="bbox 172 2001 1442 2075; baseline -0.005 -13"><span class='ocrx_word' id='word_1_214' title='bbox 172 2023 242 2063; x_wconf 92' lang='lat' dir='ltr'><strong>num</strong></span> <span class='ocrx_word' id='word_1_215' title='bbox 258 2024 315 2062; x_wconf 90' lang='lat' dir='ltr'><strong>noa</strong></span> <span class='ocrx_word' id='word_1_216' title='bbox 331 2008 399 2062; x_wconf 91' lang='lat' dir='ltr'><strong>licut</strong></span> <span class='ocrx_word' id='word_1_217' title='bbox 413 2009 513 2063; x_wconf 91' lang='lat' dir='ltr'><strong>dicere</strong></span> <span class='ocrx_word' id='word_1_218' title='bbox 528 2006 738 2075; x_wconf 82' lang='lat' dir='ltr'><strong>testimonium,</strong></span> <span class='ocrx_word' id='word_1_219' title='bbox 756 2008 784 2058; x_wconf 88' lang='lat' dir='ltr'><strong>et</strong></span> <span class='ocrx_word' id='word_1_220' title='bbox 794 2005 826 2057; x_wconf 93' lang='lat' dir='ltr'><strong>ut</strong></span> <span class='ocrx_word' id='word_1_221' title='bbox 840 2001 1003 2057; x_wconf 88' lang='lat' dir='ltr'><strong>ecclesias·</strong></span> <span class='ocrx_word' id='word_1_222' title='bbox 1061 2001 1254 2054; x_wconf 85' lang='lat' dir='ltr'><strong>accusatores</strong></span> <span class='ocrx_word' id='word_1_223' title='bbox 1265 2004 1442 2069; x_wconf 77' lang='lat' dir='ltr'><strong>praesentes.</strong></span> 
     </span>
    </p>
   </div>
   <div class='ocr_carea' id='block_1_5' title="bbox 171 2083 1900 2253">
    <p class='ocr_par' dir='ltr' id='par_1_10' title="bbox 171 2083 1900 2253">
     <span class='ocr_line' id='line_1_20' title="bbox 172 2083 1900 2201; baseline -0.004 -51"><span class='ocrx_word' id='word_1_224' title='bbox 172 2095 490 2167; x_wconf 81' lang='lat' dir='ltr'><strong>ticijudiceseausam</strong></span> <span class='ocrx_word' id='word_1_225' title='bbox 515 2112 572 2151; x_wconf 90' lang='lat' dir='ltr'><strong>non</strong></span> <span class='ocrx_word' id='word_1_226' title='bbox 593 2095 711 2149; x_wconf 87' lang='lat' dir='ltr'><strong>audiant</strong></span> <span class='ocrx_word' id='word_1_227' title='bbox 725 2108 792 2165; x_wconf 81' lang='lat' dir='ltr'><strong>quae</strong></span> <span class='ocrx_word' id='word_1_228' title='bbox 807 2091 926 2162; x_wconf 83' lang='lat' dir='ltr'><strong>legibus</strong></span> <span class='ocrx_word' id='word_1_229' title='bbox 945 2103 1004 2143; x_wconf 91' lang='lat' dir='ltr'><strong>non</strong></span> <span class='ocrx_word' id='word_1_230' title='bbox 1095 2083 1139 2140; x_wconf 83' lang='grc'><strong>46.</strong></span> <span class='ocrx_word' id='word_1_231' title='bbox 1156 2084 1239 2150; x_wconf 87' lang='lat' dir='ltr'><strong>Quod</strong></span> <span class='ocrx_word' id='word_1_232' title='bbox 1253 2088 1353 2143; x_wconf 87' lang='lat' dir='ltr'><strong>nullus</strong></span> <span class='ocrx_word' id='word_1_233' title='bbox 1369 2090 1613 2161; x_wconf 85' lang='lat' dir='ltr'><strong>metropolitanus</strong></span> <span class='ocrx_word' id='word_1_234' title='bbox 1627 2091 1744 2161; x_wconf 91' lang='lat' dir='ltr'><strong>absquo</strong></span> <span class='ocrx_word' id='word_1_235' title='bbox 1758 2103 1866 2160; x_wconf 86' lang='lat' dir='ltr'><strong>compro·</strong></span> <span class='ocrx_word' id='word_1_236' title='bbox 1896 2104 1900 2201; x_wconf 61' lang='grc'><strong>1·</strong></span> 
     </span>
     <span class='ocr_line' id='line_1_21' title="bbox 171 2173 1900 2253; baseline -0.003 -14"><span class='ocrx_word' id='word_1_237' title='bbox 171 2186 348 2242; x_wconf 89' lang='lat' dir='ltr'><strong>continetur.</strong></span> <span class='ocrx_word' id='word_1_238' title='bbox 1059 2173 1229 2231; x_wconf 88' lang='lat' dir='ltr'><strong>vincielium</strong></span> <span class='ocrx_word' id='word_1_239' title='bbox 1245 2177 1453 2249; x_wconf 84' lang='lat' dir='ltr'><strong>episcoporum</strong></span> <span class='ocrx_word' id='word_1_240' title='bbox 1468 2180 1608 2235; x_wconf 89' lang='lat' dir='ltr'><strong>instantia</strong></span> <span class='ocrx_word' id='word_1_241' title='bbox 1617 2178 1784 2253; x_wconf 87' lang='lat' dir='ltr'><strong>aliquorum</strong></span> <span class='ocrx_word' id='word_1_242' title='bbox 1791 2176 1865 2233; x_wconf 70' lang='lat' dir='ltr'><strong>undid</strong></span> <span class='ocrx_word' id='word_1_243' title='bbox 1897 2208 1900 2249; x_wconf 65' lang='lat'>3</span> 
     </span>
    </p>
   </div>
   <div class='ocr_carea' id='block_1_6' title="bbox 156 2269 1901 4374">
    <p class='ocr_par' dir='ltr' id='par_1_11' title="bbox 167 2269 1865 2522">
     <span class='ocr_line' id='line_1_22' title="bbox 205 2269 1178 2344; baseline -0.008 -15"><span class='ocrx_word' id='word_1_244' title='bbox 205 2273 249 2329; x_wconf 77' lang='lat'><strong>25.</strong></span> <span class='ocrx_word' id='word_1_245' title='bbox 268 2274 305 2328; x_wconf 91' lang='lat' dir='ltr'><strong>Ut</strong></span> <span class='ocrx_word' id='word_1_246' title='bbox 321 2289 376 2328; x_wconf 93' lang='lat' dir='ltr'><strong>nec</strong></span> <span class='ocrx_word' id='word_1_247' title='bbox 391 2273 458 2328; x_wconf 91' lang='lat' dir='ltr'><strong>laici</strong></span> <span class='ocrx_word' id='word_1_248' title='bbox 475 2289 529 2328; x_wconf 91' lang='lat' dir='ltr'><strong>nec</strong></span> <span class='ocrx_word' id='word_1_249' title='bbox 545 2272 575 2327; x_wconf 91' lang='lat' dir='ltr'><strong>bi</strong></span> <span class='ocrx_word' id='word_1_250' title='bbox 586 2286 781 2344; x_wconf 88' lang='lat' dir='ltr'><strong>quoscunque</strong></span> <span class='ocrx_word' id='word_1_251' title='bbox 798 2269 901 2325; x_wconf 85' lang='lat' dir='ltr'><strong>saeculi</strong></span> <span class='ocrx_word' id='word_1_252' title='bbox 917 2269 1003 2342; x_wconf 82' lang='lat' dir='ltr'><strong>leges</strong></span> <span class='ocrx_word' id='word_1_253' title='bbox 1060 2277 1178 2321; x_wconf 88' lang='lat' dir='ltr'><strong>causas.</strong></span> 
     </span>
     <span class='ocr_line' id='line_1_23' title="bbox 169 2352 1865 2433; baseline -0.005 -16"><span class='ocrx_word' id='word_1_254' title='bbox 169 2378 228 2419; x_wconf 92' lang='lat' dir='ltr'><strong>non</strong></span> <span class='ocrx_word' id='word_1_255' title='bbox 248 2363 417 2430; x_wconf 88' lang='lat' dir='ltr'><strong>admittunt,</strong></span> <span class='ocrx_word' id='word_1_256' title='bbox 443 2363 601 2433; x_wconf 87' lang='lat' dir='ltr'><strong>episcopos</strong></span> <span class='ocrx_word' id='word_1_257' title='bbox 625 2361 672 2416; x_wconf 86' lang='lat' dir='ltr'><strong>val</strong></span> <span class='ocrx_word' id='word_1_258' title='bbox 698 2361 825 2416; x_wconf 91' lang='lat' dir='ltr'><strong>elericos</strong></span> <span class='ocrx_word' id='word_1_259' title='bbox 857 2373 1001 2413; x_wconf 88' lang='lat' dir='ltr'><strong>accusare</strong></span> <span class='ocrx_word' id='word_1_260' title='bbox 1093 2352 1138 2408; x_wconf 85' lang='grc'><strong>47.</strong></span> <span class='ocrx_word' id='word_1_261' title='bbox 1158 2354 1200 2409; x_wconf 89' lang='lat' dir='ltr'><strong>De</strong></span> <span class='ocrx_word' id='word_1_262' title='bbox 1212 2357 1363 2427; x_wconf 90' lang='lat' dir='ltr'><strong>episcopis</strong></span> <span class='ocrx_word' id='word_1_263' title='bbox 1378 2357 1444 2413; x_wconf 88' lang='lat' dir='ltr'><strong>sine</strong></span> <span class='ocrx_word' id='word_1_264' title='bbox 1459 2358 1594 2414; x_wconf 83' lang='lat' dir='ltr'><strong>Romana</strong></span> <span class='ocrx_word' id='word_1_265' title='bbox 1608 2357 1779 2415; x_wconf 83' lang='lat' dir='ltr'><strong>auctoritate</strong></span> <span class='ocrx_word' id='word_1_266' title='bbox 1791 2353 1865 2429; x_wconf 82' lang='lat' dir='ltr'><strong>expol-</strong></span> 
     </span>
     <span class='ocr_line' id='line_1_24' title="bbox 167 2442 1575 2522; baseline -0.001 -16"><span class='ocrx_word' id='word_1_267' title='bbox 167 2454 359 2520; x_wconf 87' lang='lat' dir='ltr'><strong>praesumant.</strong></span> <span class='ocrx_word' id='word_1_268' title='bbox 1060 2442 1115 2512; x_wconf 76' lang='lat' dir='ltr'><strong>sie,</strong></span> <span class='ocrx_word' id='word_1_269' title='bbox 1142 2448 1174 2499; x_wconf 88' lang='lat' dir='ltr'><strong>ut</strong></span> <span class='ocrx_word' id='word_1_270' title='bbox 1198 2461 1253 2501; x_wconf 86' lang='lat' dir='ltr'><strong>sue</strong></span> <span class='ocrx_word' id='word_1_271' title='bbox 1267 2446 1312 2501; x_wconf 90' lang='lat' dir='ltr'><strong>eis</strong></span> <span class='ocrx_word' id='word_1_272' title='bbox 1326 2446 1575 2522; x_wconf 80' lang='lat' dir='ltr'><strong>redintegrentur.</strong></span> 
     </span>
    </p>

    <p class='ocr_par' dir='ltr' id='par_1_12' title="bbox 169 2531 1863 2699">
     <span class='ocr_line' id='line_1_25' title="bbox 203 2531 1863 2609; baseline 0 -16"><span class='ocrx_word' id='word_1_273' title='bbox 203 2537 248 2593; x_wconf 72' lang='grc'><strong>46.</strong></span> <span class='ocrx_word' id='word_1_274' title='bbox 267 2540 305 2593; x_wconf 84' lang='lat' dir='ltr'><strong>Ut</strong></span> <span class='ocrx_word' id='word_1_275' title='bbox 325 2539 412 2593; x_wconf 92' lang='lat' dir='ltr'><strong>etiam</strong></span> <span class='ocrx_word' id='word_1_276' title='bbox 434 2539 601 2594; x_wconf 83' lang='lat' dir='ltr'><strong>habitantes</strong></span> <span class='ocrx_word' id='word_1_277' title='bbox 616 2554 683 2593; x_wconf 91' lang='lat' dir='ltr'><strong>cum</strong></span> <span class='ocrx_word' id='word_1_278' title='bbox 699 2537 837 2605; x_wconf 87' lang='lat' dir='ltr'><strong>inimicis,</strong></span> <span class='ocrx_word' id='word_1_279' title='bbox 855 2540 883 2590; x_wconf 89' lang='lat' dir='ltr'><strong>et</strong></span> <span class='ocrx_word' id='word_1_280' title='bbox 897 2550 1001 2591; x_wconf 74' lang='lat' dir='ltr'><strong>onmes</strong></span> <span class='ocrx_word' id='word_1_281' title='bbox 1091 2531 1136 2586; x_wconf 87' lang='grc'><strong>48.</strong></span> <span class='ocrx_word' id='word_1_282' title='bbox 1154 2531 1193 2588; x_wconf 94' lang='lat' dir='ltr'><strong>Ut</strong></span> <span class='ocrx_word' id='word_1_283' title='bbox 1206 2549 1293 2591; x_wconf 91' lang='lat' dir='ltr'><strong>nemo</strong></span> <span class='ocrx_word' id='word_1_284' title='bbox 1316 2537 1513 2607; x_wconf 84' lang='lat' dir='ltr'><strong>exspoliatum</strong></span> <span class='ocrx_word' id='word_1_285' title='bbox 1531 2536 1706 2609; x_wconf 85' lang='lat' dir='ltr'><strong>episcopum</strong></span> <span class='ocrx_word' id='word_1_286' title='bbox 1729 2533 1863 2609; x_wconf 71' lang='lat' dir='ltr'><strong>praeeunti</strong></span> 
     </span>
     <span class='ocr_line' id='line_1_26' title="bbox 169 2623 1325 2699; baseline -0.003 -18"><span class='ocrx_word' id='word_1_287' title='bbox 169 2627 236 2699; x_wconf 65' lang='lat' dir='ltr'><strong>laiqi</strong></span> <span class='ocrx_word' id='word_1_288' title='bbox 251 2628 288 2697; x_wconf 73' lang='lat' dir='ltr'><strong>ab</strong></span> <span class='ocrx_word' id='word_1_289' title='bbox 299 2628 487 2682; x_wconf 84' lang='lat' dir='ltr'><strong>accusatione</strong></span> <span class='ocrx_word' id='word_1_290' title='bbox 504 2627 681 2682; x_wconf 90' lang='lat' dir='ltr'><strong>clericorum</strong></span> <span class='ocrx_word' id='word_1_291' title='bbox 696 2628 896 2680; x_wconf 86' lang='lat' dir='ltr'><strong>amoveantur.</strong></span> <span class='ocrx_word' id='word_1_292' title='bbox 1056 2623 1325 2679; x_wconf 85' lang='lat' dir='ltr'><strong>excommunicare.</strong></span> 
     </span>
    </p>

    <p class='ocr_par' dir='ltr' id='par_1_13' title="bbox 165 2708 1901 3057">
     <span class='ocr_line' id='line_1_27' title="bbox 202 2708 1859 2786; baseline -0.002 -16"><span class='ocrx_word' id='word_1_293' title='bbox 202 2713 247 2770; x_wconf 76' lang='lat' dir='ltr'><strong>ul.</strong></span> <span class='ocrx_word' id='word_1_294' title='bbox 266 2715 304 2769; x_wconf 75' lang='lat' dir='ltr'><strong>lJt</strong></span> <span class='ocrx_word' id='word_1_295' title='bbox 319 2715 449 2770; x_wconf 91' lang='lat' dir='ltr'><strong>clericus</strong></span> <span class='ocrx_word' id='word_1_296' title='bbox 464 2716 639 2770; x_wconf 89' lang='lat' dir='ltr'><strong>criminatus</strong></span> <span class='ocrx_word' id='word_1_297' title='bbox 662 2715 761 2768; x_wconf 89' lang='lat' dir='ltr'><strong>suain</strong></span> <span class='ocrx_word' id='word_1_298' title='bbox 779 2713 931 2784; x_wconf 84' lang='lat' dir='ltr'><strong>provincia</strong></span> <span class='ocrx_word' id='word_1_299' title='bbox 948 2730 1000 2768; x_wconf 92' lang='lat' dir='ltr'><strong>au·</strong></span> <span class='ocrx_word' id='word_1_300' title='bbox 1092 2708 1136 2765; x_wconf 87' lang='grc'><strong>49.</strong></span> <span class='ocrx_word' id='word_1_301' title='bbox 1160 2710 1230 2766; x_wconf 85' lang='lat' dir='ltr'><strong>item</strong></span> <span class='ocrx_word' id='word_1_302' title='bbox 1247 2717 1277 2767; x_wconf 87' lang='lat' dir='ltr'><strong>ut</strong></span> <span class='ocrx_word' id='word_1_303' title='bbox 1294 2714 1469 2786; x_wconf 83' lang='lat' dir='ltr'><strong>exspoliatis</strong></span> <span class='ocrx_word' id='word_1_304' title='bbox 1486 2716 1583 2772; x_wconf 89' lang='lat' dir='ltr'><strong>omnia</strong></span> <span class='ocrx_word' id='word_1_305' title='bbox 1599 2716 1767 2786; x_wconf 85' lang='lat' dir='ltr'><strong>reddantur,</strong></span> <span class='ocrx_word' id='word_1_306' title='bbox 1782 2717 1859 2770; x_wconf 80' lang='grc'><strong>44444·</strong></span> 
     </span>
     <span class='ocr_line' id='line_1_28' title="bbox 168 2800 1901 2879; baseline 0.001 -20"><span class='ocrx_word' id='word_1_307' title='bbox 168 2805 265 2859; x_wconf 90' lang='lat' dir='ltr'><strong>diatur</strong></span> <span class='ocrx_word' id='word_1_308' title='bbox 276 2809 304 2859; x_wconf 94' lang='lat' dir='ltr'><strong>et</strong></span> <span class='ocrx_word' id='word_1_309' title='bbox 320 2806 350 2857; x_wconf 92' lang='lat' dir='ltr'><strong>ut</strong></span> <span class='ocrx_word' id='word_1_310' title='bbox 365 2805 509 2858; x_wconf 86' lang='lat' dir='ltr'><strong>sententia</strong></span> <span class='ocrx_word' id='word_1_311' title='bbox 522 2803 634 2874; x_wconf 80' lang='lat' dir='ltr'><strong>judicis</strong></span> <span class='ocrx_word' id='word_1_312' title='bbox 644 2819 711 2874; x_wconf 88' lang='lat' dir='ltr'><strong>quae</strong></span> <span class='ocrx_word' id='word_1_313' title='bbox 726 2803 849 2857; x_wconf 87' lang='lat' dir='ltr'><strong>absente</strong></span> <span class='ocrx_word' id='word_1_314' title='bbox 860 2809 999 2859; x_wconf 85' lang='lat' dir='ltr'><strong>accusato</strong></span> <span class='ocrx_word' id='word_1_315' title='bbox 1055 2800 1117 2853; x_wconf 81' lang='lat' dir='ltr'><strong>tum</strong></span> <span class='ocrx_word' id='word_1_316' title='bbox 1135 2801 1222 2870; x_wconf 87' lang='lat' dir='ltr'><strong>spatii</strong></span> <span class='ocrx_word' id='word_1_317' title='bbox 1237 2805 1345 2872; x_wconf 89' lang='lat' dir='ltr'><strong>quanto</strong></span> <span class='ocrx_word' id='word_1_318' title='bbox 1363 2805 1518 2874; x_wconf 85' lang='lat' dir='ltr'><strong>exspoliati</strong></span> <span class='ocrx_word' id='word_1_319' title='bbox 1534 2809 1602 2860; x_wconf 88' lang='lat' dir='ltr'><strong>sunt</strong></span> <span class='ocrx_word' id='word_1_320' title='bbox 1618 2805 1714 2876; x_wconf 88' lang='lat' dir='ltr'><strong>detur,</strong></span> <span class='ocrx_word' id='word_1_321' title='bbox 1730 2808 1857 2877; x_wconf 72' lang='grc'><strong>44444441</strong></span> <span class='ocrx_word' id='word_1_322' title='bbox 1891 2864 1901 2879; x_wconf 38' lang='grc' dir='ltr'><strong>Ἰ</strong></span> 
     </span>
     <span class='ocr_line' id='line_1_29' title="bbox 166 2888 1901 2965; baseline -0.002 -16"><span class='ocrx_word' id='word_1_323' title='bbox 166 2894 261 2963; x_wconf 87' lang='lat' dir='ltr'><strong>datur,</strong></span> <span class='ocrx_word' id='word_1_324' title='bbox 279 2894 361 2948; x_wconf 86' lang='lat' dir='ltr'><strong>irrita</strong></span> <span class='ocrx_word' id='word_1_325' title='bbox 376 2894 426 2962; x_wconf 86' lang='lat' dir='ltr'><strong>sit,</strong></span> <span class='ocrx_word' id='word_1_326' title='bbox 442 2896 470 2948; x_wconf 91' lang='lat' dir='ltr'><strong>et</strong></span> <span class='ocrx_word' id='word_1_327' title='bbox 486 2892 648 2965; x_wconf 86' lang='lat' dir='ltr'><strong>proditoris</strong></span> <span class='ocrx_word' id='word_1_328' title='bbox 664 2893 809 2947; x_wconf 89' lang='lat' dir='ltr'><strong>calumnia</strong></span> <span class='ocrx_word' id='word_1_329' title='bbox 824 2908 883 2947; x_wconf 90' lang='lat' dir='ltr'><strong>non</strong></span> <span class='ocrx_word' id='word_1_330' title='bbox 899 2892 999 2948; x_wconf 87' lang='lat' dir='ltr'><strong>audin·</strong></span> <span class='ocrx_word' id='word_1_331' title='bbox 1055 2888 1092 2942; x_wconf 87' lang='lat' dir='ltr'><strong>ad</strong></span> <span class='ocrx_word' id='word_1_332' title='bbox 1102 2889 1248 2960; x_wconf 76' lang='lat' dir='ltr'><strong>synodum</strong></span> <span class='ocrx_word' id='word_1_333' title='bbox 1259 2893 1412 2947; x_wconf 87' lang='lat' dir='ltr'><strong>vocentur.</strong></span> <span class='ocrx_word' id='word_1_334' title='bbox 1891 2894 1901 2955; x_wconf 80' lang='grc'><strong>4</strong></span> 
     </span>
     <span class='ocr_line' id='line_1_30' title="bbox 165 2958 1901 3057; baseline 0.003 -21"><span class='ocrx_word' id='word_1_335' title='bbox 165 2984 221 3038; x_wconf 72' lang='lat' dir='ltr'><strong>tur.</strong></span> <span class='ocrx_word' id='word_1_336' title='bbox 1090 2975 1134 3032; x_wconf 84' lang='lat'><strong>50.</strong></span> <span class='ocrx_word' id='word_1_337' title='bbox 1152 2977 1190 3033; x_wconf 92' lang='lat' dir='ltr'><strong>Ut</strong></span> <span class='ocrx_word' id='word_1_338' title='bbox 1204 2982 1363 3035; x_wconf 88' lang='lat' dir='ltr'><strong>accusatus</strong></span> <span class='ocrx_word' id='word_1_339' title='bbox 1384 2979 1515 3053; x_wconf 74' lang='lat' dir='ltr'><strong>legitime</strong></span> <span class='ocrx_word' id='word_1_340' title='bbox 1534 2983 1698 3055; x_wconf 83' lang='lat' dir='ltr'><strong>episeopus</strong></span> <span class='ocrx_word' id='word_1_341' title='bbox 1713 2976 1858 3040; x_wconf 79' lang='lat' dir='ltr'><strong>voouud</strong></span> <span class='ocrx_word' id='word_1_342' title='bbox 1890 2958 1901 3057; x_wconf 60' lang='grc' dir='ltr'><em>ὲ</em></span> 
     </span>
    </p>

    <p class='ocr_par' dir='ltr' id='par_1_14' title="bbox 167 3051 1901 3234">
     <span class='ocr_line' id='line_1_31' title="bbox 199 3051 1901 3147; baseline 0.001 -38"><span class='ocrx_word' id='word_1_343' title='bbox 199 3051 243 3109; x_wconf 74' lang='grc'><strong>48.</strong></span> <span class='ocrx_word' id='word_1_344' title='bbox 260 3052 341 3120; x_wconf 87' lang='lat' dir='ltr'><strong>Quod</strong></span> <span class='ocrx_word' id='word_1_345' title='bbox 359 3069 413 3108; x_wconf 87' lang='grc'><strong>444</strong></span> <span class='ocrx_word' id='word_1_346' title='bbox 431 3053 532 3108; x_wconf 86' lang='lat' dir='ltr'><strong>clerici</strong></span> <span class='ocrx_word' id='word_1_347' title='bbox 547 3052 650 3122; x_wconf 85' lang='lat' dir='ltr'><strong>laicos,</strong></span> <span class='ocrx_word' id='word_1_348' title='bbox 668 3068 724 3108; x_wconf 91' lang='lat' dir='ltr'><strong>nec</strong></span> <span class='ocrx_word' id='word_1_349' title='bbox 739 3052 807 3107; x_wconf 87' lang='lat' dir='ltr'><strong>laici</strong></span> <span class='ocrx_word' id='word_1_350' title='bbox 824 3051 953 3110; x_wconf 90' lang='lat' dir='ltr'><strong>clericos</strong></span> <span class='ocrx_word' id='word_1_351' title='bbox 969 3054 998 3110; x_wconf 91' lang='lat' dir='ltr'><strong>in</strong></span> <span class='ocrx_word' id='word_1_352' title='bbox 1055 3067 1201 3137; x_wconf 70' lang='lat' dir='ltr'><strong>synodum</strong></span> <span class='ocrx_word' id='word_1_353' title='bbox 1223 3070 1337 3138; x_wconf 44' lang='lat' dir='ltr'><strong>venian</strong></span> <span class='ocrx_word' id='word_1_354' title='bbox 1365 3070 1391 3124; x_wconf 67' lang='lat' dir='ltr'><strong>si</strong></span> <span class='ocrx_word' id='word_1_355' title='bbox 1421 3086 1480 3126; x_wconf 70' lang='lat'>110„</span> <span class='ocrx_word' id='word_1_356' title='bbox 1498 3074 1607 3144; x_wconf 56' lang='lat' dir='ltr'><strong>potest,</strong></span> <span class='ocrx_word' id='word_1_357' title='bbox 1631 3073 1761 3147; x_wconf 54' lang='lat' dir='ltr'><strong>poggium</strong></span> <span class='ocrx_word' id='word_1_358' title='bbox 1780 3080 1858 3145; x_wconf 62' lang='lat' dir='ltr'><strong>pm„</strong></span> <span class='ocrx_word' id='word_1_359' title='bbox 1888 3058 1901 3147; x_wconf 61' lang='lat' dir='ltr'><strong>l</strong></span> 
     </span>
     <span class='ocr_line' id='line_1_32' title="bbox 167 3143 1901 3234; baseline 0.01 -35"><span class='ocrx_word' id='word_1_360' title='bbox 167 3160 221 3199; x_wconf 89' lang='lat' dir='ltr'><strong>sua</strong></span> <span class='ocrx_word' id='word_1_361' title='bbox 237 3144 426 3198; x_wconf 76' lang='lat' dir='ltr'><strong>occursatione</strong></span> <span class='ocrx_word' id='word_1_362' title='bbox 442 3143 549 3198; x_wconf 89' lang='lat' dir='ltr'><strong>debent</strong></span> <span class='ocrx_word' id='word_1_363' title='bbox 559 3143 704 3213; x_wconf 86' lang='lat' dir='ltr'><strong>recipere.</strong></span> <span class='ocrx_word' id='word_1_364' title='bbox 1055 3155 1166 3225; x_wconf 68' lang='lat' dir='ltr'><strong>mittnt3</strong></span> <span class='ocrx_word' id='word_1_365' title='bbox 1187 3156 1252 3227; x_wconf 84' lang='lat' dir='ltr'><strong>ipsc</strong></span> <span class='ocrx_word' id='word_1_366' title='bbox 1268 3173 1339 3214; x_wconf 88' lang='lat' dir='ltr'><strong>vero</strong></span> <span class='ocrx_word' id='word_1_367' title='bbox 1353 3174 1370 3212; x_wconf 91' lang='lat' dir='ltr'><strong>a</strong></span> <span class='ocrx_word' id='word_1_368' title='bbox 1386 3161 1592 3217; x_wconf 88' lang='lat' dir='ltr'><strong>communione</strong></span> <span class='ocrx_word' id='word_1_369' title='bbox 1606 3178 1667 3218; x_wconf 91' lang='lat' dir='ltr'><strong>uon</strong></span> <span class='ocrx_word' id='word_1_370' title='bbox 1681 3162 1853 3234; x_wconf 79' lang='lat' dir='ltr'><strong>prohibeatur,</strong></span> <span class='ocrx_word' id='word_1_371' title='bbox 1879 3154 1901 3195; x_wconf 76' lang='lat'><strong>·*&#39;</strong></span> 
     </span>
    </p>

    <p class='ocr_par' dir='ltr' id='par_1_15' title="bbox 167 3204 1901 3411">
     <span class='ocr_line' id='line_1_33' title="bbox 199 3204 1790 3317; baseline -0.001 -29"><span class='ocrx_word' id='word_1_372' title='bbox 199 3232 242 3288; x_wconf 67' lang='lat' dir='ltr'><strong>etl.</strong></span> <span class='ocrx_word' id='word_1_373' title='bbox 259 3233 296 3287; x_wconf 87' lang='lat' dir='ltr'><strong>llt</strong></span> <span class='ocrx_word' id='word_1_374' title='bbox 311 3233 336 3286; x_wconf 87' lang='lat' dir='ltr'><strong>si</strong></span> <span class='ocrx_word' id='word_1_375' title='bbox 354 3233 447 3287; x_wconf 89' lang='lat' dir='ltr'><strong>laicus</strong></span> <span class='ocrx_word' id='word_1_376' title='bbox 462 3237 564 3288; x_wconf 90' lang='lat' dir='ltr'><strong>contra</strong></span> <span class='ocrx_word' id='word_1_377' title='bbox 584 3232 725 3286; x_wconf 89' lang='lat' dir='ltr'><strong>clericum</strong></span> <span class='ocrx_word' id='word_1_378' title='bbox 741 3248 861 3288; x_wconf 89' lang='lat' dir='ltr'><strong>causam</strong></span> <span class='ocrx_word' id='word_1_379' title='bbox 877 3233 995 3304; x_wconf 87' lang='lat' dir='ltr'><strong>habeat,</strong></span> <span class='ocrx_word' id='word_1_380' title='bbox 1012 3204 1038 3268; x_wconf 72' lang='lat'><strong>⁰</strong></span> <span class='ocrx_word' id='word_1_381' title='bbox 1053 3243 1113 3299; x_wconf 64' lang='lat' dir='ltr'><strong>nisi</strong></span> <span class='ocrx_word' id='word_1_382' title='bbox 1127 3259 1184 3300; x_wconf 67' lang='lat'><strong>⁸01</strong></span> <span class='ocrx_word' id='word_1_383' title='bbox 1199 3246 1245 3300; x_wconf 65' lang='lat' dir='ltr'><strong>vel</strong></span> <span class='ocrx_word' id='word_1_384' title='bbox 1260 3246 1362 3317; x_wconf 58' lang='lat' dir='ltr'><strong>plures</strong></span> <span class='ocrx_word' id='word_1_385' title='bbox 1378 3263 1498 3304; x_wconf 63' lang='lat' dir='ltr'><strong>menses</strong></span> <span class='ocrx_word' id='word_1_386' title='bbox 1519 3251 1621 3306; x_wconf 54' lang='lat' dir='ltr'><strong>venire</strong></span> <span class='ocrx_word' id='word_1_387' title='bbox 1637 3250 1790 3309; x_wconf 42' lang='lat' dir='ltr'><strong>distulerit,</strong></span> 
     </span>
     <span class='ocr_line' id='line_1_34' title="bbox 167 3322 1901 3411; baseline 0.013 -36"><span class='ocrx_word' id='word_1_388' title='bbox 167 3324 340 3392; x_wconf 82' lang='lat' dir='ltr'><strong>episcopum</strong></span> <span class='ocrx_word' id='word_1_389' title='bbox 356 3322 449 3376; x_wconf 83' lang='grc'><strong>44444.</strong></span> <span class='ocrx_word' id='word_1_390' title='bbox 1088 3333 1132 3389; x_wconf 84' lang='grc'><strong>54.</strong></span> <span class='ocrx_word' id='word_1_391' title='bbox 1145 3332 1184 3388; x_wconf 88' lang='lat' dir='ltr'><strong>Ut</strong></span> <span class='ocrx_word' id='word_1_392' title='bbox 1195 3333 1291 3406; x_wconf 77' lang='lat' dir='ltr'><strong>judex</strong></span> <span class='ocrx_word' id='word_1_393' title='bbox 1310 3340 1376 3391; x_wconf 84' lang='lat' dir='ltr'><strong>ente</strong></span> <span class='ocrx_word' id='word_1_394' title='bbox 1390 3352 1476 3391; x_wconf 83' lang='lat' dir='ltr'><strong>suam</strong></span> <span class='ocrx_word' id='word_1_395' title='bbox 1490 3353 1549 3394; x_wconf 86' lang='lat' dir='ltr'><strong>non</strong></span> <span class='ocrx_word' id='word_1_396' title='bbox 1563 3338 1696 3411; x_wconf 75' lang='lat' dir='ltr'><strong>proferat</strong></span> <span class='ocrx_word' id='word_1_397' title='bbox 1709 3335 1857 3403; x_wconf 68' lang='lat' dir='ltr'><strong>senentio</strong></span> <span class='ocrx_word' id='word_1_398' title='bbox 1898 3392 1901 3397; x_wconf 93' lang='lat'><strong>.</strong></span> 
     </span>
    </p>

    <p class='ocr_par' dir='ltr' id='par_1_16' title="bbox 162 3410 1854 3671">
     <span class='ocr_line' id='line_1_35' title="bbox 197 3410 1854 3503; baseline 0.012 -40"><span class='ocrx_word' id='word_1_399' title='bbox 197 3411 241 3464; x_wconf 80' lang='grc'><strong>344.</strong></span> <span class='ocrx_word' id='word_1_400' title='bbox 259 3411 340 3475; x_wconf 86' lang='lat' dir='ltr'><strong>Quod</strong></span> <span class='ocrx_word' id='word_1_401' title='bbox 356 3410 515 3480; x_wconf 89' lang='lat' dir='ltr'><strong>episcopus</strong></span> <span class='ocrx_word' id='word_1_402' title='bbox 532 3410 597 3464; x_wconf 91' lang='lat' dir='ltr'><strong>siin</strong></span> <span class='ocrx_word' id='word_1_403' title='bbox 612 3411 669 3464; x_wconf 82' lang='lat' dir='ltr'><strong>salo</strong></span> <span class='ocrx_word' id='word_1_404' title='bbox 680 3412 832 3480; x_wconf 88' lang='lat' dir='ltr'><strong>erraverit,</strong></span> <span class='ocrx_word' id='word_1_405' title='bbox 846 3411 939 3482; x_wconf 85' lang='lat' dir='ltr'><strong>primo</strong></span> <span class='ocrx_word' id='word_1_406' title='bbox 950 3414 995 3467; x_wconf 93' lang='lat' dir='ltr'><strong>est</strong></span> <span class='ocrx_word' id='word_1_407' title='bbox 1052 3438 1150 3493; x_wconf 69' lang='lat' dir='ltr'><strong>quam,</strong></span> <span class='ocrx_word' id='word_1_408' title='bbox 1170 3425 1300 3493; x_wconf 84' lang='lat' dir='ltr'><strong>peractis</strong></span> <span class='ocrx_word' id='word_1_409' title='bbox 1316 3440 1383 3496; x_wconf 78' lang='lat' dir='ltr'><strong>quae</strong></span> <span class='ocrx_word' id='word_1_410' title='bbox 1398 3426 1428 3480; x_wconf 88' lang='lat' dir='ltr'><strong>in</strong></span> <span class='ocrx_word' id='word_1_411' title='bbox 1444 3429 1610 3500; x_wconf 74' lang='lat' dir='ltr'><strong>quaestione</strong></span> <span class='ocrx_word' id='word_1_412' title='bbox 1624 3433 1705 3503; x_wconf 84' lang='lat' dir='ltr'><strong>sunt,</strong></span> <span class='ocrx_word' id='word_1_413' title='bbox 1719 3430 1757 3488; x_wconf 84' lang='grc'><strong>44</strong></span> <span class='ocrx_word' id='word_1_414' title='bbox 1770 3428 1806 3485; x_wconf 91' lang='lat' dir='ltr'><strong>rei</strong></span> <span class='ocrx_word' id='word_1_415' title='bbox 1816 3438 1854 3479; x_wconf 78' lang='lat' dir='ltr'><strong>vt·</strong></span> 
     </span>
     <span class='ocr_line' id='line_1_36' title="bbox 163 3499 1853 3589; baseline 0.009 -36"><span class='ocrx_word' id='word_1_416' title='bbox 163 3499 379 3569; x_wconf 77' lang='lat' dir='ltr'><strong>corrigendus3</strong></span> <span class='ocrx_word' id='word_1_417' title='bbox 396 3499 423 3551; x_wconf 90' lang='lat' dir='ltr'><strong>si</strong></span> <span class='ocrx_word' id='word_1_418' title='bbox 438 3514 497 3551; x_wconf 91' lang='lat' dir='ltr'><strong>non</strong></span> <span class='ocrx_word' id='word_1_419' title='bbox 513 3499 725 3570; x_wconf 77' lang='lat' dir='ltr'><strong>emendaverit,</strong></span> <span class='ocrx_word' id='word_1_420' title='bbox 744 3501 932 3555; x_wconf 87' lang='lat' dir='ltr'><strong>accusandus</strong></span> <span class='ocrx_word' id='word_1_421' title='bbox 949 3503 995 3556; x_wconf 87' lang='lat' dir='ltr'><strong>est</strong></span> <span class='ocrx_word' id='word_1_422' title='bbox 1052 3511 1166 3566; x_wconf 72' lang='lat' dir='ltr'><strong>ritatem</strong></span> <span class='ocrx_word' id='word_1_423' title='bbox 1181 3514 1379 3585; x_wconf 79' lang='lat' dir='ltr'><strong>perveniatur,</strong></span> <span class='ocrx_word' id='word_1_424' title='bbox 1397 3519 1425 3570; x_wconf 87' lang='lat' dir='ltr'><strong>et</strong></span> <span class='ocrx_word' id='word_1_425' title='bbox 1448 3517 1574 3573; x_wconf 83' lang='lat' dir='ltr'><strong>induciae</strong></span> <span class='ocrx_word' id='word_1_426' title='bbox 1589 3533 1647 3574; x_wconf 92' lang='lat' dir='ltr'><strong>non</strong></span> <span class='ocrx_word' id='word_1_427' title='bbox 1665 3534 1766 3589; x_wconf 82' lang='lat' dir='ltr'><strong>parvae</strong></span> <span class='ocrx_word' id='word_1_428' title='bbox 1779 3515 1853 3573; x_wconf 84' lang='lat' dir='ltr'><strong>adin-</strong></span> 
     </span>
     <span class='ocr_line' id='line_1_37' title="bbox 162 3586 1359 3671; baseline 0 -31"><span class='ocrx_word' id='word_1_429' title='bbox 162 3586 198 3640; x_wconf 92' lang='lat' dir='ltr'><strong>ad</strong></span> <span class='ocrx_word' id='word_1_430' title='bbox 214 3586 405 3655; x_wconf 87' lang='lat' dir='ltr'><strong>apostolicam</strong></span> <span class='ocrx_word' id='word_1_431' title='bbox 422 3586 534 3640; x_wconf 88' lang='lat' dir='ltr'><strong>sedem.</strong></span> <span class='ocrx_word' id='word_1_432' title='bbox 1051 3601 1227 3671; x_wconf 54' lang='lat' dir='ltr'><strong>quirendum</strong></span> <span class='ocrx_word' id='word_1_433' title='bbox 1242 3602 1359 3658; x_wconf 53' lang='lat' dir='ltr'><strong>domur,</strong></span> 
     </span>
    </p>

    <p class='ocr_par' dir='ltr' id='par_1_17' title="bbox 162 3674 1859 3858">
     <span class='ocr_line' id='line_1_38' title="bbox 196 3674 1857 3771; baseline 0.005 -32"><span class='ocrx_word' id='word_1_434' title='bbox 196 3674 242 3729; x_wconf 78' lang='lat'><strong>³¹·</strong></span> <span class='ocrx_word' id='word_1_435' title='bbox 253 3674 336 3739; x_wconf 74' lang='grc'><strong>444104</strong></span> <span class='ocrx_word' id='word_1_436' title='bbox 353 3676 504 3729; x_wconf 72' lang='lat' dir='ltr'><strong>accusati0</strong></span> <span class='ocrx_word' id='word_1_437' title='bbox 520 3674 728 3745; x_wconf 83' lang='lat' dir='ltr'><strong>episcoporum</strong></span> <span class='ocrx_word' id='word_1_438' title='bbox 745 3678 865 3734; x_wconf 77' lang='lat' dir='ltr'><strong>1¹0111¹i⁸i</strong></span> <span class='ocrx_word' id='word_1_439' title='bbox 880 3679 916 3734; x_wconf 65' lang='lat' dir='ltr'><strong>ab</strong></span> <span class='ocrx_word' id='word_1_440' title='bbox 931 3679 993 3736; x_wconf 82' lang='lat' dir='ltr'><strong>ido·</strong></span> <span class='ocrx_word' id='word_1_441' title='bbox 1086 3690 1130 3744; x_wconf 72' lang='grc'><strong>54.</strong></span> <span class='ocrx_word' id='word_1_442' title='bbox 1148 3690 1186 3745; x_wconf 93' lang='lat' dir='ltr'><strong>Ut</strong></span> <span class='ocrx_word' id='word_1_443' title='bbox 1200 3690 1469 3750; x_wconf 88' lang='lat' dir='ltr'><strong>nulliusaccusatio</strong></span> <span class='ocrx_word' id='word_1_444' title='bbox 1480 3696 1736 3754; x_wconf 87' lang='lat' dir='ltr'><strong>veltestimonium</strong></span> <span class='ocrx_word' id='word_1_445' title='bbox 1746 3692 1857 3771; x_wconf 82' lang='lat' dir='ltr'><strong>perecri-</strong></span> 
     </span>
     <span class='ocr_line' id='line_1_39' title="bbox 162 3763 1859 3858; baseline 0.002 -40"><span class='ocrx_word' id='word_1_446' title='bbox 162 3764 227 3818; x_wconf 87' lang='lat' dir='ltr'><strong>neis</strong></span> <span class='ocrx_word' id='word_1_447' title='bbox 240 3765 266 3817; x_wconf 90' lang='lat' dir='ltr'><strong>et</strong></span> <span class='ocrx_word' id='word_1_448' title='bbox 279 3763 497 3834; x_wconf 83' lang='lat' dir='ltr'><strong>probatissimis</strong></span> <span class='ocrx_word' id='word_1_449' title='bbox 513 3763 586 3818; x_wconf 72' lang='lat' dir='ltr'><strong>viris</strong></span> <span class='ocrx_word' id='word_1_450' title='bbox 601 3765 665 3819; x_wconf 86' lang='lat' dir='ltr'><strong>heri</strong></span> <span class='ocrx_word' id='word_1_451' title='bbox 681 3766 778 3821; x_wconf 86' lang='lat' dir='ltr'><strong>debet.</strong></span> <span class='ocrx_word' id='word_1_452' title='bbox 1050 3782 1131 3851; x_wconf 67' lang='lat' dir='ltr'><strong>ptum</strong></span> <span class='ocrx_word' id='word_1_453' title='bbox 1146 3781 1381 3853; x_wconf 52' lang='grc' dir='ltr'><strong>γθρῑρῑῃωψᾱ</strong></span> <span class='ocrx_word' id='word_1_454' title='bbox 1397 3785 1515 3856; x_wconf 56' lang='lat' dir='ltr'><strong>proprj„</strong></span> <span class='ocrx_word' id='word_1_455' title='bbox 1530 3801 1615 3857; x_wconf 52' lang='lat' dir='ltr'>voce,</span> <span class='ocrx_word' id='word_1_456' title='bbox 1626 3777 1859 3858; x_wconf 53' lang='lat' dir='ltr'><strong>mgentem</strong></span> 
     </span>
    </p>

    <p class='ocr_par' dir='ltr' id='par_1_18' title="bbox 160 3852 1863 4033">
     <span class='ocr_line' id='line_1_40' title="bbox 195 3852 1193 3939; baseline 0.007 -32"><span class='ocrx_word' id='word_1_457' title='bbox 195 3852 240 3908; x_wconf 76' lang='grc'><strong>34.</strong></span> <span class='ocrx_word' id='word_1_458' title='bbox 260 3853 296 3906; x_wconf 92' lang='lat' dir='ltr'><strong>Ut</strong></span> <span class='ocrx_word' id='word_1_459' title='bbox 311 3856 470 3907; x_wconf 90' lang='lat' dir='ltr'><strong>accusatus</strong></span> <span class='ocrx_word' id='word_1_460' title='bbox 482 3853 918 3924; x_wconf 87' lang='lat' dir='ltr'><strong>episeopuscommunionenon</strong></span> <span class='ocrx_word' id='word_1_461' title='bbox 933 3859 993 3930; x_wconf 89' lang='lat' dir='ltr'><strong>pri·</strong></span> <span class='ocrx_word' id='word_1_462' title='bbox 1048 3870 1193 3939; x_wconf 67' lang='lat' dir='ltr'><strong>pulsatur,</strong></span> 
     </span>
     <span class='ocr_line' id='line_1_41' title="bbox 160 3941 1863 4033; baseline 0.004 -22"><span class='ocrx_word' id='word_1_463' title='bbox 160 3945 257 4011; x_wconf 62' lang='lat' dir='ltr'><strong>vetur,</strong></span> <span class='ocrx_word' id='word_1_464' title='bbox 273 3941 333 3996; x_wconf 64' lang='lat'><strong>25⁸5</strong></span> <span class='ocrx_word' id='word_1_465' title='bbox 348 3942 396 3998; x_wconf 63' lang='lat'><strong>&lt;¹10</strong></span> <span class='ocrx_word' id='word_1_466' title='bbox 418 3945 524 3997; x_wconf 65' lang='grc'><strong>44444144</strong></span> <span class='ocrx_word' id='word_1_467' title='bbox 540 3943 640 3999; x_wconf 64' lang='lat' dir='ltr'><strong>lenire</strong></span> <span class='ocrx_word' id='word_1_468' title='bbox 656 3944 794 4000; x_wconf 63' lang='grc'><strong>40444444·</strong></span> <span class='ocrx_word' id='word_1_469' title='bbox 1084 3958 1130 4015; x_wconf 81' lang='grc'><strong>43.</strong></span> <span class='ocrx_word' id='word_1_470' title='bbox 1146 3959 1184 4014; x_wconf 91' lang='lat' dir='ltr'><strong>Ut</strong></span> <span class='ocrx_word' id='word_1_471' title='bbox 1194 3975 1332 4031; x_wconf 82' lang='lat' dir='ltr'><strong>persona,</strong></span> <span class='ocrx_word' id='word_1_472' title='bbox 1344 3959 1429 4033; x_wconf 86' lang='lat' dir='ltr'><strong>tides,</strong></span> <span class='ocrx_word' id='word_1_473' title='bbox 1439 3967 1468 4019; x_wconf 89' lang='grc'><strong>44</strong></span> <span class='ocrx_word' id='word_1_474' title='bbox 1476 3967 1665 4025; x_wconf 85' lang='lat' dir='ltr'><strong>conversatio</strong></span> <span class='ocrx_word' id='word_1_475' title='bbox 1674 3965 1863 4025; x_wconf 81' lang='lat' dir='ltr'><strong>accusantium</strong></span> 
     </span>
    </p>

    <p class='ocr_par' dir='ltr' id='par_1_19' title="bbox 157 4029 1870 4216">
     <span class='ocr_line' id='line_1_42' title="bbox 193 4029 1737 4127; baseline 0.016 -42"><span class='ocrx_word' id='word_1_476' title='bbox 193 4029 237 4085; x_wconf 79' lang='lat'><strong>33.</strong></span> <span class='ocrx_word' id='word_1_477' title='bbox 261 4029 345 4096; x_wconf 88' lang='lat' dir='ltr'><strong>Quod</strong></span> <span class='ocrx_word' id='word_1_478' title='bbox 368 4031 515 4102; x_wconf 76' lang='lat' dir='ltr'><strong>judicium</strong></span> <span class='ocrx_word' id='word_1_479' title='bbox 541 4032 830 4105; x_wconf 81' lang='lat' dir='ltr'><strong>subterfugientibus</strong></span> <span class='ocrx_word' id='word_1_480' title='bbox 855 4039 992 4095; x_wconf 88' lang='lat' dir='ltr'><strong>absentia</strong></span> <span class='ocrx_word' id='word_1_481' title='bbox 1048 4047 1165 4103; x_wconf 88' lang='lat' dir='ltr'><strong>Domini</strong></span> <span class='ocrx_word' id='word_1_482' title='bbox 1179 4049 1519 4123; x_wconf 85' lang='lat' dir='ltr'><strong>sacerdotesdiligenter</strong></span> <span class='ocrx_word' id='word_1_483' title='bbox 1533 4056 1737 4127; x_wconf 88' lang='lat' dir='ltr'><strong>exquirantur.</strong></span> 
     </span>
     <span class='ocr_line' id='line_1_43' title="bbox 157 4122 1870 4216; baseline 0.005 -26"><span class='ocrx_word' id='word_1_484' title='bbox 157 4123 315 4190; x_wconf 62' lang='grc'><strong>4404444448</strong></span> <span class='ocrx_word' id='word_1_485' title='bbox 330 4136 389 4176; x_wconf 74' lang='lat' dir='ltr'><strong>¹1⁰ss</strong></span> <span class='ocrx_word' id='word_1_486' title='bbox 399 4122 503 4191; x_wconf 61' lang='grc'><strong>4440344·</strong></span> <span class='ocrx_word' id='word_1_487' title='bbox 1082 4135 1127 4192; x_wconf 82' lang='grc'><strong>44.</strong></span> <span class='ocrx_word' id='word_1_488' title='bbox 1147 4136 1231 4201; x_wconf 87' lang='lat' dir='ltr'><strong>Quod</strong></span> <span class='ocrx_word' id='word_1_489' title='bbox 1252 4143 1444 4196; x_wconf 86' lang='lat' dir='ltr'><strong>accusatores</strong></span> <span class='ocrx_word' id='word_1_490' title='bbox 1468 4143 1546 4197; x_wconf 89' lang='lat' dir='ltr'><strong>omni</strong></span> <span class='ocrx_word' id='word_1_491' title='bbox 1572 4145 1746 4216; x_wconf 85' lang='lat' dir='ltr'><strong>suspicione</strong></span> <span class='ocrx_word' id='word_1_492' title='bbox 1762 4149 1792 4203; x_wconf 86' lang='grc'><strong>44</strong></span> <span class='ocrx_word' id='word_1_493' title='bbox 1802 4142 1870 4201; x_wconf 81' lang='lat' dir='ltr'><strong>inta-</strong></span> 
     </span>
    </p>

    <p class='ocr_par' dir='ltr' id='par_1_20' title="bbox 156 4208 1872 4374">
     <span class='ocr_line' id='line_1_44' title="bbox 191 4208 1872 4296; baseline 0.011 -32"><span class='ocrx_word' id='word_1_494' title='bbox 191 4208 236 4265; x_wconf 76' lang='lat' dir='ltr'><strong>et.</strong></span> <span class='ocrx_word' id='word_1_495' title='bbox 254 4209 291 4265; x_wconf 91' lang='lat' dir='ltr'><strong>Ut</strong></span> <span class='ocrx_word' id='word_1_496' title='bbox 306 4211 489 4266; x_wconf 86' lang='lat' dir='ltr'><strong>detractores</strong></span> <span class='ocrx_word' id='word_1_497' title='bbox 503 4215 531 4267; x_wconf 91' lang='lat' dir='ltr'><strong>et</strong></span> <span class='ocrx_word' id='word_1_498' title='bbox 541 4212 728 4268; x_wconf 90' lang='lat' dir='ltr'><strong>inimicorum</strong></span> <span class='ocrx_word' id='word_1_499' title='bbox 738 4213 869 4271; x_wconf 88' lang='lat' dir='ltr'><strong>lautores</strong></span> <span class='ocrx_word' id='word_1_500' title='bbox 880 4216 917 4273; x_wconf 90' lang='lat' dir='ltr'><strong>ab</strong></span> <span class='ocrx_word' id='word_1_501' title='bbox 932 4218 991 4289; x_wconf 92' lang='lat' dir='ltr'><strong>epi·</strong></span> <span class='ocrx_word' id='word_1_502' title='bbox 1046 4225 1104 4279; x_wconf 88' lang='lat' dir='ltr'><strong>mia</strong></span> <span class='ocrx_word' id='word_1_503' title='bbox 1119 4241 1232 4296; x_wconf 86' lang='lat' dir='ltr'><strong>carere,</strong></span> <span class='ocrx_word' id='word_1_504' title='bbox 1249 4231 1277 4282; x_wconf 90' lang='lat' dir='ltr'><strong>et</strong></span> <span class='ocrx_word' id='word_1_505' title='bbox 1301 4232 1390 4284; x_wconf 88' lang='lat' dir='ltr'><strong>rectae</strong></span> <span class='ocrx_word' id='word_1_506' title='bbox 1412 4229 1479 4285; x_wconf 82' lang='lat' dir='ltr'><strong>fidei</strong></span> <span class='ocrx_word' id='word_1_507' title='bbox 1495 4235 1524 4287; x_wconf 87' lang='lat' dir='ltr'><strong>et</strong></span> <span class='ocrx_word' id='word_1_508' title='bbox 1547 4233 1634 4288; x_wconf 76' lang='lat' dir='ltr'><strong>bonae</strong></span> <span class='ocrx_word' id='word_1_509' title='bbox 1657 4235 1727 4289; x_wconf 73' lang='lat' dir='ltr'><strong>vllae</strong></span> <span class='ocrx_word' id='word_1_510' title='bbox 1742 4248 1814 4292; x_wconf 64' lang='lat'><strong>0200</strong></span> <span class='ocrx_word' id='word_1_511' title='bbox 1825 4232 1872 4289; x_wconf 73' lang='lat' dir='ltr'><strong>(le-</strong></span> 
     </span>
     <span class='ocr_line' id='line_1_45' title="bbox 156 4298 1123 4374; baseline 0.01 -21"><span class='ocrx_word' id='word_1_512' title='bbox 156 4298 268 4368; x_wconf 86' lang='lat' dir='ltr'><strong>scopeli</strong></span> <span class='ocrx_word' id='word_1_513' title='bbox 283 4302 682 4365; x_wconf 85' lang='lat' dir='ltr'><strong>amoveanturaccusatione.</strong></span> <span class='ocrx_word' id='word_1_514' title='bbox 696 4318 792 4374; x_wconf 87' lang='lat' dir='ltr'><strong>neque</strong></span> <span class='ocrx_word' id='word_1_515' title='bbox 807 4305 834 4359; x_wconf 92' lang='lat' dir='ltr'><strong>in</strong></span> <span class='ocrx_word' id='word_1_516' title='bbox 852 4321 884 4361; x_wconf 90' lang='lat' dir='ltr'><strong>re</strong></span> <span class='ocrx_word' id='word_1_517' title='bbox 900 4306 988 4362; x_wconf 81' lang='lat' dir='ltr'><strong>dubia</strong></span> <span class='ocrx_word' id='word_1_518' title='bbox 1045 4314 1123 4368; x_wconf 82' lang='lat' dir='ltr'><strong>bant.</strong></span> 
     </span>
    </p>
   </div>
   <div class='ocr_carea' id='block_1_7' title="bbox 152 4388 1878 5020">
    <p class='ocr_par' dir='ltr' id='par_1_21' title="bbox 156 4388 1874 4550">
     <span class='ocr_line' id='line_1_46' title="bbox 156 4388 1874 4488; baseline 0.016 -47"><span class='ocrx_word' id='word_1_519' title='bbox 156 4391 236 4443; x_wconf 86' lang='lat' dir='ltr'><strong>certa</strong></span> <span class='ocrx_word' id='word_1_520' title='bbox 251 4388 338 4445; x_wconf 88' lang='lat' dir='ltr'><strong>detur</strong></span> <span class='ocrx_word' id='word_1_521' title='bbox 349 4390 506 4488; x_wconf 78' lang='lat' dir='ltr'><strong>sententia.</strong></span> <span class='ocrx_word' id='word_1_522' title='bbox 1079 4402 1123 4459; x_wconf 81' lang='lat'><strong>55.</strong></span> <span class='ocrx_word' id='word_1_523' title='bbox 1141 4403 1179 4459; x_wconf 93' lang='lat' dir='ltr'><strong>Ut</strong></span> <span class='ocrx_word' id='word_1_524' title='bbox 1194 4418 1227 4459; x_wconf 89' lang='lat' dir='ltr'><strong>ea</strong></span> <span class='ocrx_word' id='word_1_525' title='bbox 1242 4419 1309 4477; x_wconf 78' lang='lat' dir='ltr'><strong>quaa</strong></span> <span class='ocrx_word' id='word_1_526' title='bbox 1323 4407 1469 4464; x_wconf 86' lang='grc'><strong>44444444</strong></span> <span class='ocrx_word' id='word_1_527' title='bbox 1493 4411 1633 4466; x_wconf 86' lang='lat' dir='ltr'><strong>absentee</strong></span> <span class='ocrx_word' id='word_1_528' title='bbox 1648 4414 1790 4486; x_wconf 83' lang='lat' dir='ltr'><strong>aguntor,</strong></span> <span class='ocrx_word' id='word_1_529' title='bbox 1807 4426 1874 4470; x_wconf 79' lang='lat' dir='ltr'><strong>eve·</strong></span> 
     </span>
     <span class='ocr_line' id='line_1_47' title="bbox 190 4473 1178 4550; baseline 0.012 -19"><span class='ocrx_word' id='word_1_530' title='bbox 190 4473 234 4531; x_wconf 84' lang='lat'><strong>35.</strong></span> <span class='ocrx_word' id='word_1_531' title='bbox 253 4476 291 4531; x_wconf 91' lang='lat' dir='ltr'><strong>Ut</strong></span> <span class='ocrx_word' id='word_1_532' title='bbox 306 4494 356 4547; x_wconf 83' lang='lat' dir='ltr'><strong>qur</strong></span> <span class='ocrx_word' id='word_1_533' title='bbox 381 4493 489 4531; x_wconf 90' lang='lat' dir='ltr'><strong>causas</strong></span> <span class='ocrx_word' id='word_1_534' title='bbox 505 4477 592 4533; x_wconf 89' lang='lat' dir='ltr'><strong>habet</strong></span> <span class='ocrx_word' id='word_1_535' title='bbox 608 4481 709 4534; x_wconf 83' lang='lat' dir='ltr'><strong>contra</strong></span> <span class='ocrx_word' id='word_1_536' title='bbox 723 4483 860 4543; x_wconf 89' lang='lat' dir='ltr'><strong>pastores</strong></span> <span class='ocrx_word' id='word_1_537' title='bbox 874 4484 921 4538; x_wconf 86' lang='lat' dir='ltr'><strong>vel</strong></span> <span class='ocrx_word' id='word_1_538' title='bbox 936 4500 988 4539; x_wconf 89' lang='lat' dir='ltr'><strong>ec·</strong></span> <span class='ocrx_word' id='word_1_539' title='bbox 1044 4497 1178 4550; x_wconf 73' lang='lat' dir='ltr'><strong>euentur.</strong></span> 
     </span>
    </p>

    <p class='ocr_par' dir='ltr' id='par_1_22' title="bbox 154 4560 1876 4662">
     <span class='ocr_line' id='line_1_48' title="bbox 154 4560 1876 4662; baseline 0.017 -44"><span class='ocrx_word' id='word_1_540' title='bbox 154 4565 394 4634; x_wconf 80' lang='grc'><strong>4144444444444,</strong></span> <span class='ocrx_word' id='word_1_541' title='bbox 410 4567 505 4636; x_wconf 90' lang='lat' dir='ltr'><strong>primo</strong></span> <span class='ocrx_word' id='word_1_542' title='bbox 523 4565 696 4623; x_wconf 89' lang='lat' dir='ltr'><strong>charitative</strong></span> <span class='ocrx_word' id='word_1_543' title='bbox 718 4574 870 4640; x_wconf 85' lang='lat' dir='ltr'><strong>exspectet</strong></span> <span class='ocrx_word' id='word_1_544' title='bbox 885 4560 1025 4628; x_wconf 76' lang='lat' dir='ltr'><strong>emen-0</strong></span> <span class='ocrx_word' id='word_1_545' title='bbox 1078 4580 1122 4638; x_wconf 85' lang='grc'><strong>56.</strong></span> <span class='ocrx_word' id='word_1_546' title='bbox 1140 4583 1178 4639; x_wconf 93' lang='lat' dir='ltr'><strong>Ut</strong></span> <span class='ocrx_word' id='word_1_547' title='bbox 1188 4585 1346 4641; x_wconf 85' lang='lat' dir='ltr'><strong>interiores</strong></span> <span class='ocrx_word' id='word_1_548' title='bbox 1357 4587 1460 4643; x_wconf 88' lang='lat' dir='ltr'><strong>ordine</strong></span> <span class='ocrx_word' id='word_1_549' title='bbox 1469 4602 1528 4644; x_wconf 89' lang='lat' dir='ltr'><strong>non</strong></span> <span class='ocrx_word' id='word_1_550' title='bbox 1539 4592 1682 4645; x_wconf 86' lang='lat' dir='ltr'><strong>accusent</strong></span> <span class='ocrx_word' id='word_1_551' title='bbox 1690 4592 1876 4662; x_wconf 80' lang='lat' dir='ltr'><strong>superiores,</strong></span> 
     </span>
    </p>

    <p class='ocr_par' dir='ltr' id='par_1_23' title="bbox 153 4654 1878 4755">
     <span class='ocr_line' id='line_1_49' title="bbox 153 4654 1878 4755; baseline 0.011 -36"><span class='ocrx_word' id='word_1_552' title='bbox 153 4654 320 4720; x_wconf 69' lang='lat' dir='ltr'><strong>dfl¹i⁰110mi</strong></span> <span class='ocrx_word' id='word_1_553' title='bbox 334 4654 423 4755; x_wconf 46' lang='lat' dir='ltr'><strong>“1¹¹0d</strong></span> <span class='ocrx_word' id='word_1_554' title='bbox 448 4655 473 4708; x_wconf 68' lang='lat'><strong>⁸5</strong></span> <span class='ocrx_word' id='word_1_555' title='bbox 497 4659 565 4711; x_wconf 60' lang='lat'><strong>⁰⁰²⁰</strong></span> <span class='ocrx_word' id='word_1_556' title='bbox 584 4656 725 4713; x_wconf 58' lang='lat' dir='ltr'><strong>inffflfflffl</strong></span> <span class='ocrx_word' id='word_1_557' title='bbox 750 4663 984 4735; x_wconf 66' lang='lat' dir='ltr'><strong>Pl&#39;oessumpset&#39;st,</strong></span> <span class='ocrx_word' id='word_1_558' title='bbox 1043 4677 1072 4727; x_wconf 88' lang='grc'><strong>44</strong></span> <span class='ocrx_word' id='word_1_559' title='bbox 1086 4672 1115 4727; x_wconf 91' lang='lat' dir='ltr'><strong>iu</strong></span> <span class='ocrx_word' id='word_1_560' title='bbox 1132 4689 1163 4729; x_wconf 88' lang='lat' dir='ltr'><strong>re</strong></span> <span class='ocrx_word' id='word_1_561' title='bbox 1179 4674 1267 4730; x_wconf 89' lang='lat' dir='ltr'><strong>dubia</strong></span> <span class='ocrx_word' id='word_1_562' title='bbox 1283 4680 1362 4731; x_wconf 89' lang='lat' dir='ltr'><strong>certa</strong></span> <span class='ocrx_word' id='word_1_563' title='bbox 1378 4693 1436 4732; x_wconf 92' lang='lat' dir='ltr'><strong>non</strong></span> <span class='ocrx_word' id='word_1_564' title='bbox 1450 4679 1536 4734; x_wconf 92' lang='lat' dir='ltr'><strong>detur</strong></span> <span class='ocrx_word' id='word_1_565' title='bbox 1547 4680 1703 4751; x_wconf 89' lang='lat' dir='ltr'><strong>sententia,</strong></span> <span class='ocrx_word' id='word_1_566' title='bbox 1723 4684 1753 4736; x_wconf 92' lang='lat' dir='ltr'><strong>et</strong></span> <span class='ocrx_word' id='word_1_567' title='bbox 1766 4682 1878 4738; x_wconf 81' lang='grc'><strong>444444</strong></span> 
     </span>
    </p>

    <p class='ocr_par' dir='ltr' id='par_1_24' title="bbox 152 4747 1303 4834">
     <span class='ocr_line' id='line_1_50' title="bbox 152 4747 1303 4834; baseline 0.019 -36"><span class='ocrx_word' id='word_1_568' title='bbox 152 4747 436 4800; x_wconf 81' lang='lat' dir='ltr'><strong>excommunicetur.</strong></span> <span class='ocrx_word' id='word_1_569' title='bbox 1042 4777 1129 4817; x_wconf 90' lang='lat' dir='ltr'><strong>nemo</strong></span> <span class='ocrx_word' id='word_1_570' title='bbox 1142 4762 1303 4834; x_wconf 82' lang='lat' dir='ltr'><strong>judicetur.</strong></span> 
     </span>
    </p>

    <p class='ocr_par' dir='ltr' id='par_1_25' title="bbox 171 4832 1878 4934">
     <span class='ocr_line' id='line_1_51' title="bbox 171 4832 1878 4934; baseline 0.011 -36"><span class='ocrx_word' id='word_1_571' title='bbox 171 4832 230 4932; x_wconf 72' lang='lat'><strong>⁴33·</strong></span> <span class='ocrx_word' id='word_1_572' title='bbox 240 4833 323 4899; x_wconf 80' lang='lat' dir='ltr'><strong>Quod</strong></span> <span class='ocrx_word' id='word_1_573' title='bbox 339 4835 368 4890; x_wconf 89' lang='lat' dir='ltr'><strong>hi</strong></span> <span class='ocrx_word' id='word_1_574' title='bbox 383 4835 433 4906; x_wconf 84' lang='lat' dir='ltr'><strong>qui</strong></span> <span class='ocrx_word' id='word_1_575' title='bbox 450 4835 568 4934; x_wconf 73' lang='lat' dir='ltr'><strong>culpam</strong></span> <span class='ocrx_word' id='word_1_576' title='bbox 583 4850 705 4890; x_wconf 86' lang='lat' dir='ltr'><strong>suorum</strong></span> <span class='ocrx_word' id='word_1_577' title='bbox 721 4836 849 4906; x_wconf 87' lang='lat' dir='ltr'><strong>produnt</strong></span> <span class='ocrx_word' id='word_1_578' title='bbox 866 4855 983 4911; x_wconf 88' lang='lat' dir='ltr'><strong>praepo·</strong></span> <span class='ocrx_word' id='word_1_579' title='bbox 1077 4850 1121 4904; x_wconf 78' lang='grc'><strong>47.</strong></span> <span class='ocrx_word' id='word_1_580' title='bbox 1139 4851 1181 4906; x_wconf 85' lang='lat' dir='ltr'><strong>De</strong></span> <span class='ocrx_word' id='word_1_581' title='bbox 1197 4853 1244 4908; x_wconf 90' lang='lat' dir='ltr'><strong>bis</strong></span> <span class='ocrx_word' id='word_1_582' title='bbox 1259 4853 1309 4924; x_wconf 92' lang='lat' dir='ltr'><strong>qui</strong></span> <span class='ocrx_word' id='word_1_583' title='bbox 1324 4870 1381 4908; x_wconf 86' lang='lat' dir='ltr'><strong>nou</strong></span> <span class='ocrx_word' id='word_1_584' title='bbox 1398 4860 1523 4925; x_wconf 88' lang='lat' dir='ltr'><strong>possunt</strong></span> <span class='ocrx_word' id='word_1_585' title='bbox 1545 4873 1688 4914; x_wconf 88' lang='lat' dir='ltr'><strong>accusare</strong></span> <span class='ocrx_word' id='word_1_586' title='bbox 1703 4859 1878 4932; x_wconf 77' lang='lat' dir='ltr'><strong>episcopos,</strong></span> 
     </span>
    </p>

    <p class='ocr_par' dir='ltr' id='par_1_26' title="bbox 152 4924 1878 5020">
     <span class='ocr_line' id='line_1_52' title="bbox 152 4924 1878 5020; baseline 0.018 -46"><span class='ocrx_word' id='word_1_587' title='bbox 152 4925 286 4993; x_wconf 83' lang='lat' dir='ltr'><strong>sitorum,</strong></span> <span class='ocrx_word' id='word_1_588' title='bbox 303 4924 395 4978; x_wconf 72' lang='lat' dir='ltr'><strong>(tham</strong></span> <span class='ocrx_word' id='word_1_589' title='bbox 410 4929 565 4991; x_wconf 80' lang='lat' dir='ltr'><strong>sententia,</strong></span> <span class='ocrx_word' id='word_1_590' title='bbox 590 4925 640 4995; x_wconf 88' lang='lat' dir='ltr'><strong>qui</strong></span> <span class='ocrx_word' id='word_1_591' title='bbox 659 4925 753 4995; x_wconf 89' lang='lat' dir='ltr'><strong>patris</strong></span> <span class='ocrx_word' id='word_1_592' title='bbox 769 4927 904 4996; x_wconf 88' lang='lat' dir='ltr'><strong>pudenda</strong></span> <span class='ocrx_word' id='word_1_593' title='bbox 923 4946 983 4985; x_wconf 90' lang='lat' dir='ltr'><strong>nou</strong></span> <span class='ocrx_word' id='word_1_594' title='bbox 1042 4940 1070 4994; x_wconf 81' lang='lat' dir='ltr'><strong>et</strong></span> <span class='ocrx_word' id='word_1_595' title='bbox 1084 4939 1163 5010; x_wconf 89' lang='lat' dir='ltr'><strong>quod</strong></span> <span class='ocrx_word' id='word_1_596' title='bbox 1179 4956 1237 4997; x_wconf 91' lang='lat' dir='ltr'><strong>nou</strong></span> <span class='ocrx_word' id='word_1_597' title='bbox 1253 4942 1379 4998; x_wconf 87' lang='lat' dir='ltr'><strong>debeant</strong></span> <span class='ocrx_word' id='word_1_598' title='bbox 1390 4944 1523 5015; x_wconf 90' lang='lat' dir='ltr'><strong>episcopi</strong></span> <span class='ocrx_word' id='word_1_599' title='bbox 1533 4950 1601 5002; x_wconf 90' lang='lat' dir='ltr'><strong>ante</strong></span> <span class='ocrx_word' id='word_1_600' title='bbox 1614 4947 1878 5020; x_wconf 83' lang='lat' dir='ltr'><strong>reintegrationem</strong></span> 
     </span>
    </p>
   </div>
   <div class='ocr_carea' id='block_1_8' title="bbox 152 5012 1877 5193">
    <p class='ocr_par' dir='ltr' id='par_1_27' title="bbox 152 5012 1877 5193">
     <span class='ocr_line' id='line_1_53' title="bbox 152 5012 1823 5106; baseline 0.019 -44"><span class='ocrx_word' id='word_1_601' title='bbox 152 5012 275 5079; x_wconf 86' lang='lat' dir='ltr'><strong>operuit,</strong></span> <span class='ocrx_word' id='word_1_602' title='bbox 292 5013 454 5068; x_wconf 87' lang='lat' dir='ltr'><strong>damnetur.</strong></span> <span class='ocrx_word' id='word_1_603' title='bbox 1042 5029 1169 5082; x_wconf 89' lang='lat' dir='ltr'><strong>omnium</strong></span> <span class='ocrx_word' id='word_1_604' title='bbox 1185 5045 1284 5084; x_wconf 89' lang='lat' dir='ltr'><strong>rerum</strong></span> <span class='ocrx_word' id='word_1_605' title='bbox 1300 5046 1421 5086; x_wconf 89' lang='lat' dir='ltr'><strong>suarum</strong></span> <span class='ocrx_word' id='word_1_606' title='bbox 1436 5033 1472 5087; x_wconf 90' lang='lat' dir='ltr'><strong>ad</strong></span> <span class='ocrx_word' id='word_1_607' title='bbox 1488 5032 1605 5106; x_wconf 83' lang='lat' dir='ltr'><strong>objecta</strong></span> <span class='ocrx_word' id='word_1_608' title='bbox 1626 5037 1823 5106; x_wconf 87' lang='lat' dir='ltr'><strong>respondere.</strong></span> 
     </span>
     <span class='ocr_line' id='line_1_54' title="bbox 185 5098 1877 5193; baseline 0.02 -43"><span class='ocrx_word' id='word_1_609' title='bbox 185 5098 230 5152; x_wconf 77' lang='lat'><strong>37.</strong></span> <span class='ocrx_word' id='word_1_610' title='bbox 247 5099 329 5163; x_wconf 82' lang='lat' dir='ltr'><strong>Quod</strong></span> <span class='ocrx_word' id='word_1_611' title='bbox 346 5118 402 5157; x_wconf 91' lang='lat' dir='ltr'><strong>uon</strong></span> <span class='ocrx_word' id='word_1_612' title='bbox 416 5106 512 5173; x_wconf 86' lang='lat' dir='ltr'><strong>potest</strong></span> <span class='ocrx_word' id='word_1_613' title='bbox 526 5103 654 5157; x_wconf 89' lang='lat' dir='ltr'><strong>humano</strong></span> <span class='ocrx_word' id='word_1_614' title='bbox 666 5105 856 5160; x_wconf 86' lang='lat' dir='ltr'><strong>condemnari</strong></span> <span class='ocrx_word' id='word_1_615' title='bbox 871 5109 982 5162; x_wconf 78' lang='grc' dir='ltr'><strong>4444ιί-</strong></span> <span class='ocrx_word' id='word_1_616' title='bbox 1075 5115 1119 5170; x_wconf 84' lang='lat'><strong>58,</strong></span> <span class='ocrx_word' id='word_1_617' title='bbox 1137 5117 1175 5172; x_wconf 79' lang='lat' dir='ltr'><strong>lll</strong></span> <span class='ocrx_word' id='word_1_618' title='bbox 1190 5133 1245 5172; x_wconf 71' lang='lat' dir='ltr'><strong>noe</strong></span> <span class='ocrx_word' id='word_1_619' title='bbox 1261 5119 1328 5173; x_wconf 77' lang='lat' dir='ltr'><strong>falsi</strong></span> <span class='ocrx_word' id='word_1_620' title='bbox 1344 5136 1400 5175; x_wconf 77' lang='lat' dir='ltr'><strong>neo,</strong></span> <span class='ocrx_word' id='word_1_621' title='bbox 1421 5121 1532 5177; x_wconf 85' lang='lat' dir='ltr'><strong>inimici</strong></span> <span class='ocrx_word' id='word_1_622' title='bbox 1555 5139 1609 5179; x_wconf 92' lang='lat' dir='ltr'><strong>nee</strong></span> <span class='ocrx_word' id='word_1_623' title='bbox 1625 5126 1759 5193; x_wconf 86' lang='lat' dir='ltr'><strong>suspecti</strong></span> <span class='ocrx_word' id='word_1_624' title='bbox 1774 5125 1877 5182; x_wconf 82' lang='lat' dir='ltr'><strong>susci·</strong></span> 
     </span>
    </p>
   </div>
   <div class='ocr_carea' id='block_1_9' title="bbox 150 5191 1874 5463">
    <p class='ocr_par' dir='ltr' id='par_1_28' title="bbox 150 5191 1874 5463">
     <span class='ocr_line' id='line_1_55' title="bbox 150 5191 1417 5274; baseline 0.02 -36"><span class='ocrx_word' id='word_1_625' title='bbox 150 5200 197 5255; x_wconf 84' lang='lat' dir='ltr'><strong>ne,</strong></span> <span class='ocrx_word' id='word_1_626' title='bbox 214 5202 300 5257; x_wconf 86' lang='lat' dir='ltr'><strong>quem</strong></span> <span class='ocrx_word' id='word_1_627' title='bbox 317 5191 396 5244; x_wconf 81' lang='lat' dir='ltr'><strong>ilaus</strong></span> <span class='ocrx_word' id='word_1_628' title='bbox 412 5209 467 5245; x_wconf 78' lang='lat' dir='ltr'><strong>siro</strong></span> <span class='ocrx_word' id='word_1_629' title='bbox 484 5192 652 5247; x_wconf 83' lang='lat' dir='ltr'><strong>reservavit</strong></span> <span class='ocrx_word' id='word_1_630' title='bbox 663 5191 789 5262; x_wconf 79' lang='lat' dir='ltr'><strong>judicio.</strong></span> <span class='ocrx_word' id='word_1_631' title='bbox 1039 5205 1157 5274; x_wconf 89' lang='lat' dir='ltr'><strong>piantur</strong></span> <span class='ocrx_word' id='word_1_632' title='bbox 1172 5208 1201 5260; x_wconf 90' lang='lat' dir='ltr'><strong>in</strong></span> <span class='ocrx_word' id='word_1_633' title='bbox 1217 5208 1417 5264; x_wconf 85' lang='lat' dir='ltr'><strong>accusatione.</strong></span> 
     </span>
     <span class='ocr_line' id='line_1_56' title="bbox 184 5274 1874 5373; baseline 0.02 -46"><span class='ocrx_word' id='word_1_634' title='bbox 184 5274 229 5329; x_wconf 79' lang='lat'><strong>38.</strong></span> <span class='ocrx_word' id='word_1_635' title='bbox 245 5276 329 5338; x_wconf 81' lang='lat' dir='ltr'><strong>Quod</strong></span> <span class='ocrx_word' id='word_1_636' title='bbox 341 5293 398 5331; x_wconf 82' lang='lat' dir='ltr'><strong>riou</strong></span> <span class='ocrx_word' id='word_1_637' title='bbox 410 5281 522 5349; x_wconf 87' lang='lat' dir='ltr'><strong>passim</strong></span> <span class='ocrx_word' id='word_1_638' title='bbox 538 5284 566 5335; x_wconf 91' lang='lat' dir='ltr'><strong>ct</strong></span> <span class='ocrx_word' id='word_1_639' title='bbox 582 5281 667 5335; x_wconf 88' lang='lat' dir='ltr'><strong>t&#39;aeilc</strong></span> <span class='ocrx_word' id='word_1_640' title='bbox 683 5281 746 5336; x_wconf 84' lang='lat' dir='ltr'><strong>tisri</strong></span> <span class='ocrx_word' id='word_1_641' title='bbox 757 5282 865 5338; x_wconf 86' lang='lat' dir='ltr'><strong>debent</strong></span> <span class='ocrx_word' id='word_1_642' title='bbox 880 5300 980 5340; x_wconf 90' lang='lat' dir='ltr'><strong>sacer·</strong></span> <span class='ocrx_word' id='word_1_643' title='bbox 1073 5294 1116 5349; x_wconf 79' lang='lat'><strong>59,</strong></span> <span class='ocrx_word' id='word_1_644' title='bbox 1137 5294 1173 5348; x_wconf 86' lang='lat' dir='ltr'><strong>lli</strong></span> <span class='ocrx_word' id='word_1_645' title='bbox 1189 5294 1218 5348; x_wconf 89' lang='lat' dir='ltr'><strong>hi</strong></span> <span class='ocrx_word' id='word_1_646' title='bbox 1230 5295 1279 5365; x_wconf 92' lang='lat' dir='ltr'><strong>qui</strong></span> <span class='ocrx_word' id='word_1_647' title='bbox 1292 5297 1444 5368; x_wconf 88' lang='lat' dir='ltr'><strong>episcopis</strong></span> <span class='ocrx_word' id='word_1_648' title='bbox 1456 5301 1765 5373; x_wconf 76' lang='lat' dir='ltr'><strong>criminaimpingunt,</strong></span> <span class='ocrx_word' id='word_1_649' title='bbox 1776 5318 1874 5373; x_wconf 78' lang='lat' dir='ltr'><strong>perse</strong></span> 
     </span>
     <span class='ocr_line' id='line_1_57' title="bbox 150 5360 1874 5463; baseline 0.021 -51"><span class='ocrx_word' id='word_1_650' title='bbox 150 5360 240 5417; x_wconf 86' lang='lat' dir='ltr'><strong>dotun</strong></span> <span class='ocrx_word' id='word_1_651' title='bbox 256 5363 304 5418; x_wconf 86' lang='lat' dir='ltr'><strong>vel</strong></span> <span class='ocrx_word' id='word_1_652' title='bbox 319 5372 469 5433; x_wconf 84' lang='lat' dir='ltr'><strong>pastorum</strong></span> <span class='ocrx_word' id='word_1_653' title='bbox 485 5370 701 5424; x_wconf 86' lang='lat' dir='ltr'><strong>accusationes.</strong></span> <span class='ocrx_word' id='word_1_654' title='bbox 1036 5385 1120 5454; x_wconf 89' lang='lat' dir='ltr'><strong>ipsos</strong></span> <span class='ocrx_word' id='word_1_655' title='bbox 1136 5383 1254 5452; x_wconf 83' lang='lat' dir='ltr'><strong>facient,</strong></span> <span class='ocrx_word' id='word_1_656' title='bbox 1272 5386 1299 5439; x_wconf 88' lang='lat' dir='ltr'><strong>si</strong></span> <span class='ocrx_word' id='word_1_657' title='bbox 1314 5391 1413 5442; x_wconf 88' lang='lat' dir='ltr'><strong>tamen</strong></span> <span class='ocrx_word' id='word_1_658' title='bbox 1428 5388 1708 5458; x_wconf 88' lang='lat' dir='ltr'><strong>irreprehensibiles</strong></span> <span class='ocrx_word' id='word_1_659' title='bbox 1722 5391 1782 5463; x_wconf 86' lang='lat' dir='ltr'><strong>ipsi</strong></span> <span class='ocrx_word' id='word_1_660' title='bbox 1801 5394 1874 5447; x_wconf 89' lang='lat' dir='ltr'><strong>sint.</strong></span> 
     </span>
    </p>
   </div>
   <div class='ocr_carea' id='block_1_10' title="bbox 146 5450 1879 5623">
    <p class='ocr_par' dir='ltr' id='par_1_29' title="bbox 146 5450 1879 5623">
     <span class='ocr_line' id='line_1_58' title="bbox 183 5450 1879 5547; baseline 0.019 -42"><span class='ocrx_word' id='word_1_661' title='bbox 183 5450 228 5507; x_wconf 76' lang='lat'><strong>89.</strong></span> <span class='ocrx_word' id='word_1_662' title='bbox 245 5453 283 5508; x_wconf 91' lang='lat' dir='ltr'><strong>Ut</strong></span> <span class='ocrx_word' id='word_1_663' title='bbox 294 5458 451 5510; x_wconf 89' lang='lat' dir='ltr'><strong>accusatus</strong></span> <span class='ocrx_word' id='word_1_664' title='bbox 462 5457 979 5532; x_wconf 80' lang='lat' dir='ltr'><strong>episcopusduodecimsibijudices</strong></span> <span class='ocrx_word' id='word_1_665' title='bbox 1071 5471 1116 5528; x_wconf 86' lang='lat'><strong>60.</strong></span> <span class='ocrx_word' id='word_1_666' title='bbox 1133 5472 1206 5528; x_wconf 83' lang='lat' dir='ltr'><strong>Item</strong></span> <span class='ocrx_word' id='word_1_667' title='bbox 1233 5472 1270 5529; x_wconf 89' lang='lat' dir='ltr'><strong>de</strong></span> <span class='ocrx_word' id='word_1_668' title='bbox 1291 5474 1340 5532; x_wconf 89' lang='lat' dir='ltr'><strong>his</strong></span> <span class='ocrx_word' id='word_1_669' title='bbox 1354 5476 1405 5547; x_wconf 90' lang='lat' dir='ltr'><strong>qni</strong></span> <span class='ocrx_word' id='word_1_670' title='bbox 1429 5477 1465 5532; x_wconf 86' lang='lat' dir='ltr'><strong>nd</strong></span> <span class='ocrx_word' id='word_1_671' title='bbox 1486 5478 1705 5534; x_wconf 80' lang='lat' dir='ltr'><strong>accusationem</strong></span> <span class='ocrx_word' id='word_1_672' title='bbox 1726 5494 1787 5535; x_wconf 89' lang='lat' dir='ltr'><strong>non</strong></span> <span class='ocrx_word' id='word_1_673' title='bbox 1808 5483 1879 5537; x_wconf 86' lang='lat' dir='ltr'><strong>sunt</strong></span> 
     </span>
     <span class='ocr_line' id='line_1_59' title="bbox 146 5538 1217 5623; baseline 0.025 -30"><span class='ocrx_word' id='word_1_674' title='bbox 146 5538 236 5612; x_wconf 79' lang='lat' dir='ltr'><strong>eligat</strong></span> <span class='ocrx_word' id='word_1_675' title='bbox 251 5543 303 5615; x_wconf 91' lang='lat' dir='ltr'><strong>qui</strong></span> <span class='ocrx_word' id='word_1_676' title='bbox 318 5541 386 5614; x_wconf 83' lang='lat' dir='ltr'><strong>ejas</strong></span> <span class='ocrx_word' id='word_1_677' title='bbox 401 5560 523 5601; x_wconf 87' lang='lat' dir='ltr'><strong>causam</strong></span> <span class='ocrx_word' id='word_1_678' title='bbox 532 5547 617 5618; x_wconf 77' lang='lat' dir='ltr'><strong>jaste</strong></span> <span class='ocrx_word' id='word_1_679' title='bbox 632 5548 802 5623; x_wconf 87' lang='lat' dir='ltr'><strong>decernant,</strong></span> <span class='ocrx_word' id='word_1_680' title='bbox 820 5551 888 5610; x_wconf 87' lang='lat' dir='ltr'><strong>tlnis</strong></span> <span class='ocrx_word' id='word_1_681' title='bbox 904 5569 976 5615; x_wconf 86' lang='lat' dir='ltr'><strong>vero</strong></span> <span class='ocrx_word' id='word_1_682' title='bbox 1036 5561 1217 5619; x_wconf 87' lang='lat' dir='ltr'><strong>admittendi.</strong></span> 
     </span>
    </p>
   </div>
   <div class='ocr_carea' id='block_1_11' title="bbox 110 5632 1875 5747">
    <p class='ocr_par' dir='ltr' id='par_1_30' title="bbox 110 5632 1875 5747">
     <span class='ocr_line' id='line_1_60' title="bbox 110 5632 1875 5747; baseline 0.021 -65"><span class='ocrx_word' id='word_1_683' title='bbox 110 5716 119 5747; x_wconf 47' lang='grc' dir='ltr'>Ι</span> <span class='ocrx_word' id='word_1_684' title='bbox 145 5641 246 5692; x_wconf 85' lang='lat' dir='ltr'><strong>causae</strong></span> <span class='ocrx_word' id='word_1_685' title='bbox 261 5632 297 5690; x_wconf 91' lang='lat' dir='ltr'><strong>ad</strong></span> <span class='ocrx_word' id='word_1_686' title='bbox 308 5647 412 5707; x_wconf 87' lang='lat' dir='ltr'><strong>papam</strong></span> <span class='ocrx_word' id='word_1_687' title='bbox 424 5633 584 5695; x_wconf 80' lang='lat' dir='ltr'><strong>deferatur.</strong></span> <span class='ocrx_word' id='word_1_688' title='bbox 1069 5650 1114 5708; x_wconf 88' lang='grc'><strong>64.</strong></span> <span class='ocrx_word' id='word_1_689' title='bbox 1128 5652 1166 5708; x_wconf 90' lang='lat' dir='ltr'><strong>Ut</strong></span> <span class='ocrx_word' id='word_1_690' title='bbox 1177 5669 1263 5711; x_wconf 87' lang='lat' dir='ltr'><strong>nemo</strong></span> <span class='ocrx_word' id='word_1_691' title='bbox 1275 5654 1314 5711; x_wconf 90' lang='lat' dir='ltr'><strong>sit</strong></span> <span class='ocrx_word' id='word_1_692' title='bbox 1329 5670 1464 5728; x_wconf 77' lang='lat' dir='ltr'><strong>preceps</strong></span> <span class='ocrx_word' id='word_1_693' title='bbox 1479 5656 1515 5712; x_wconf 87' lang='lat' dir='ltr'><strong>ad</strong></span> <span class='ocrx_word' id='word_1_694' title='bbox 1524 5657 1738 5731; x_wconf 82' lang='lat' dir='ltr'><strong>&#39;proterendam</strong></span> <span class='ocrx_word' id='word_1_695' title='bbox 1749 5650 1875 5718; x_wconf 81' lang='grc'><strong>444444·</strong></span> 
     </span>
    </p>
   </div>
   <div class='ocr_carea' id='block_1_12' title="bbox 0 0 1954 6112">
    <p class='ocr_par' dir='ltr' id='par_1_31' title="bbox 0 0 1954 6112">
     <span class='ocr_line' id='line_1_61' title="bbox 0 0 1954 6112; baseline 0 10"><span class='ocrx_word' id='word_1_696' title='bbox 0 0 1954 6112; x_wconf 95' lang='lat' dir='ltr'><strong> </strong></span> 
     </span>
    </p>
   </div>
  </div>
 </body>
</html>
