3900 6112
104 298 163 362 ²45
420 296 621 364 CHRONIC.
638 299 671 360 S.
688 296 877 361 ANDREAE
892 296 1042 361 casrsst
1061 295 1359 361 CAMERACESII.
1378 296 1457 359 LlB.
1474 298 1499 358 l.
1763 296 1837 362 246·

107 478 248 533 ditatibus
264 477 400 550 ditavit]
421 478 497 544 Quid
518 478 553 533 de
575 478 642 533 aliis
657 479 812 549 coenobiis,
823 479 893 550 quid
904 480 939 533 de
990 480 1145 534 brachium
1161 477 1441 550 cognominabatur3
1456 494 1540 548 aquo
1552 479 1640 534 etiam
1656 478 1824 534 Hariwardi

108 567 269 636 maricolis,
280 566 352 639 quid
365 567 402 621 de
412 567 486 621 cella
501 568 596 622 sancti
607 567 730 636 Gisleni,
741 568 811 638 quid
826 567 862 622 de
874 568 940 621 Alto
993 569 1084 622 Vallis
1099 571 1294 637 nuncupatur.
1320 565 1414 638 Cujus
1431 568 1545 621 mansio
1560 569 1637 638 apud
1652 567 1823 622 Basuellum

109 655 204 709 Monte
218 654 420 724 reserandum,
433 655 484 710 ubi
498 655 559 726 jam
577 656 693 726 lapsum
715 658 744 710 et
758 656 794 710 ad
809 656 941 711 lubricos
992 656 1066 725 (494)
1082 671 1169 727 quam
1185 656 1272 710 suerit
1294 655 1389 724 lentie,
1407 656 1555 725 exipsius
1571 657 1628 710 situ
1647 657 1705 710 loci
1725 657 1823 711 adhuc

109 743 286 798 clericorum
293 744 547 799 usnsdevolutum
556 743 902 798 monachalemordinem
912 744 941 798 in
992 744 1078 800 facile
1094 747 1191 815 potest
1205 743 1478 816 agnosciQuicum
1493 744 1678 798 multiscirca
1694 760 1727 799 se
1737 743 1823 798 diliu-

111 830 243 901 pristiuae
260 829 415 901 religionis
431 845 562 886 normam
583 832 716 885 studiose
732 831 888 901 reparavit,
914 833 942 885 et
994 835 1037 888 sis
1053 849 1090 888 ex
1103 838 1224 903 paterno
1236 833 1306 902 jure
1322 833 1447 903 polleret
1457 832 1573 901 alodiis,
1591 831 1795 901 interpellatus
1806 848 1824 884 a

111 919 425 974 sectatoresbonorum
432 918 820 990 operunrabbatesregulari
827 920 942 973 tramite
993 922 1100 975 domno
1117 921 1268 991 episcopo,
1285 922 1389 990 partim
1404 920 1561 991 proaliqua
1574 920 1823 975 iactacommuta-

113 1006 181 1061 inibi
195 1005 346 1060 instituit?
359 1005 418 1063 Sed
430 1007 535 1062 horum
549 1007 678 1061 narratio
690 1023 777 1062 suum
788 1009 883 1061 teneat
896 1006 942 1061 lo·
992 1010 1081 1078 tione,
1095 1011 1220 1064 maxime
1245 1013 1340 1064 autam
1360 1026 1414 1079 pro
1440 1010 1535 1063 anima
1549 1024 1603 1063 sua
1618 1011 1646 1063 et
1670 1009 1823 1078 parentum

113 1108 193 1162 cum3
209 1108 268 1148 nos
283 1093 616 1164 antam,sicutinprima
627 1094 722 1149 fronte
736 1095 829 1166 huius
841 1095 942 1165 operis
993 1113 1116 1153 enorum
1132 1113 1246 1151 necnon
1266 1101 1294 1151 et
1309 1098 1360 1151 tilii
1375 1098 1422 1151 sui
1439 1098 1584 1152 Hervardi
1600 1099 1628 1150 ct
1642 1095 1760 1166 nepotis
1775 1094 1825 1150 sui

115 1182 333 1253 proposuimus,
343 1181 380 1239 ad
391 1182 555 1236 enarranda
565 1182 698 1252 quolibet
709 1181 796 1237 modo
806 1182 943 1237 ecclesie
992 1186 1164 1255 FulchoniS,
1175 1186 1302 1241 alodium
1319 1185 1354 1240 de
1369 1185 1543 1240 Theoderici
1558 1183 1823 1251 monte,daWate·

115 1273 219 1324 nostrae
234 1269 399 1340 primordia
413 1270 554 1340 deinceps
563 1271 655 1325 verba
670 1274 830 1325 vertamus.
993 1275 1069 1329 neiis
1088 1272 1138 1343 ³⁸⁹,
1154 1275 1224 1345 quin
1241 1274 1327 1328 etiam
1343 1277 1449 1327 terram
1465 1273 1541 1327 hanc
1557 1277 1585 1326 et
1600 1273 1697 1327 locum
1712 1274 1824 1327 nostrae
1845 1334 1848 1339 ⁴

144 1356 187 1412 ll.
205 1357 290 1423 Quod
314 1357 438 1413 domnas
454 1358 608 1413 Gerardus
624 1359 731 1412 turrim
759 1359 847 1430 napus
865 1357 944 1412 villae
992 1362 1182 1416 habitationis
1198 1365 1225 1416 et
1249 1363 1380 1416 culturas
1396 1362 1431 1416 de
1448 1361 1521 1416 ioris
1537 1360 1723 1415 contradidit.
1740 1360 1824 1415 Tunc

116 1447 271 1501 contruxit.
284 1446 418 1501 Diximus
430 1446 461 1500 in
474 1446 588 1517 primis,
606 1449 778 1517 episcopum
790 1446 942 1501 Erluinum
993 1451 1119 1505 domnus
1130 1451 1357 1519 episcopusvoti
1373 1465 1494 1519 compos
1506 1448 1639 1518 allectus,
1656 1449 1733 1502 sicut
1740 1447 1825 1517 prius

116 1535 145 1588 ad
154 1534 342 1604 repellendas
357 1537 508 1605 raptorum
518 1533 726 1590 infestationes
743 1535 772 1587 in
787 1535 861 1604 haec,
874 1551 942 1606 quaa
993 1538 1090 1592 animo
1105 1542 1289 1609 conceperat,
1303 1538 1462 1592 oratorium
1476 1535 1760 1592 inhonorcmsancti
1770 1536 1826 1589 An·

116 1627 173 1677 tanc
187 1626 239 1676 aut
262 1623 343 1676 nulla
357 1624 406 1679 aut
420 1637 511 1692 parva
525 1622 627 1676 villula
642 1627 713 1693 erat,
730 1623 828 1677 locum
843 1620 940 1677 muni·
955 1617 980 1679 B
993 1627 1073 1681 draae
1089 1626 1212 1696 apostoli
1228 1630 1256 1680 et
1271 1626 1356 1679 amici
1371 1626 1434 1693 Doi,
1451 1625 1499 1680 cui
1510 1641 1543 1679 se
1554 1640 1618 1695 prae
1630 1624 1747 1679 caeteris
1758 1638 1825 1678 san-

117 1713 178 1779 tum,
194 1710 224 1764 id
241 1713 288 1764 est
302 1710 419 1765 Novum
433 1709 581 1777 Castrum,
598 1711 692 1780 primo
707 1711 888 1779 condidisse,
906 1727 941 1765 ac
994 1716 1050 1769 ctis
1066 1714 1287 1768 commendabat
1296 1715 1445 1782 attentius,
1458 1712 1676 1767 ciircacistudio
1692 1714 1827 1767 constru-

117 1814 161 1869 par
174 1797 233 1853 hoc
248 1798 355 1853 incolis
370 1798 461 1870 totius
473 1799 637 1869 provinciae
652 1813 754 1868 pacem
770 1803 798 1854 et
813 1799 941 1869 quietem
993 1803 1052 1872 xit,
1079 1807 1107 1857 et
1122 1802 1226 1873 viginti
1239 1805 1364 1872 quatuor
1378 1801 1540 1855 monachos
1553 1799 1660 1855 ibidem
1672 1799 1729 1853 sub
1739 1814 1829 1853 sacra

59 1888 61 1949 ξ
117 1902 166 1940 aon
180 1886 545 1957 modicamacquisivisse.
560 1887 668 1942 Postea
677 1887 944 1942 verodomnusuc·
994 1891 1139 1962 religione
1156 1893 1183 1943 et
1192 1889 1324 1960 regulari
1338 1904 1442 1943 norma
1469 1889 1636 1944 servituros
1667 1885 1825 1958 delegavit,

59 1974 62 2095 j
116 1974 943 2046 rardussuccessorajus,consideranshocipsumpro-
992 1978 1172 2049 fratremque
1187 1993 1275 2031 suum
1289 1977 1429 2031 domnum
1440 1976 1604 2044 Elbertum,
1617 1976 1685 2030 vitoe
1701 1963 1826 2030 venera·

104 2062 198 2117 'babili
214 2064 427 2117 etnecossaria
441 2063 549 2118 iactum
561 2079 629 2119 esse
640 2064 944 2134 industria,ipsaquo·
993 2067 1062 2122 bilis
1079 2068 1184 2135 virum,
1200 2066 1336 2120 abbatem
1352 2065 1396 2119 eis
1411 2064 1536 2136 proiecit
1549 2065 1634 2133 (495).

113 2166 165 2222 qua
179 2150 343 2223 diligenter
351 2152 502 2207 custodire
512 2155 540 2206 et
548 2152 577 2204 in
588 2151 730 2223 majoram
741 2154 849 2206 statum
860 2153 942 2222 epis·
1030 2155 1072 2209 lt.
1090 2155 1134 2209 De
1144 2154 1310 2225 nephandis
1319 2152 1500 2208 factionibus
1520 2152 1649 2207 Walteri
1658 2149 1826 2207 castellani.

112 2238 393 2308 copaliprovidentia
409 2239 520 2294 studuit
531 2254 651 2311 augere.
665 2239 740 2293 Nam
754 2243 821 2308 post
832 2240 943 2310 aliquot
993 2243 1092 2314 Cogor
1105 2257 1159 2311 per
1174 2241 1309 2313 singulas
1324 2255 1399 2310 pene
1423 2241 1514 2311 hujus
1539 2240 1637 2309 operis
1660 2238 1826 2294 sententias

110 2341 200 2381 annos
214 2326 350 2397 prodicta
362 2327 461 2398 lignea
475 2327 563 2382 domo
579 2327 713 2398 depulsa,
725 2329 830 2381 turrim
846 2328 944 2382 excel·
996 2330 1121 2384 Walteri
1136 2331 1313 2383 mentionem
1324 2333 1467 2398 repetere,
1480 2329 1595 2398 qniaita
1610 2325 1826 2397 quodammodo

110 2430 173 2468 sam
185 2414 284 2484 lapide
291 2415 445 2485 quadrato,
454 2415 943 2485 usquebodiesicutcerniturper·
995 2417 1173 2473 narrationis
1188 2416 1260 2470 ordo
1276 2416 1392 2470 videtur
1402 2416 1641 2487 exigereilonec
1652 2415 1730 2468 enim
1741 2413 1826 2469 dom-

109 2503 288 2572 mauentem,
312 2518 370 2556 non
386 2503 451 2557 sine
475 2503 641 2575 maioribus
669 2503 810 2573 expensis
834 2504 944 2558 ibidem
996 2522 1052 2561 nus
1064 2506 1223 2576 episcopus
1236 2504 1414 2573 supradictis
1426 2508 1454 2557 et
1468 2504 1534 2558 aliis
1545 2505 1690 2558 bonorum
1704 2517 1828 2572 operum

109 2590 277 2645 aedificavit.
296 2590 421 2660 insuper
435 2593 464 2645 et
474 2607 595 2646 causam
611 2591 781 2645 intentionis
796 2607 861 2645 suaa
876 2594 942 2646 tan·
995 2595 1146 2650 exercitiis
1160 2592 1326 2660 insudabat,
1337 2591 1505 2646 illevesano
1516 2591 1622 2661 spiritu
1632 2591 1761 2662 agitatus
1771 2606 1828 2646 nec

107 2679 188 2750 tique
194 2678 411 2733 laborisinuna
421 2680 526 2751 grandi
534 2680 631 2750 lapide
640 2679 718 2733 muri
725 2679 820 2749 ipsius
832 2679 944 2733 torma·
986 2679 1446 2753 ‚parumperamalignitatissuae
1458 2679 1722 2735 debachationibus
1737 2693 1828 2733 vaca-

107 2767 689 2838 tisliterisinsculpiprecepithocmodo
708 2784 714 2822 ε
733 2767 872 2822 ·Sanctae
886 2768 945 2821 Dei
996 2771 1056 2825 bat.

106 2851 295 2927 ortaitricrtiti
301 2855 409 2909 Mariae
418 2854 858 2927 Gerardusapiscopusdomum
868 2855 943 2910 hanc
957 2866 983 2929 c
1031 2858 1146 2931 [thsta
1162 2873 1205 2929 ep.
1224 2856 1303 2911 Cam.
1314 2855 1589 2927 111,t.)Quapropter
1600 2855 1712 2926 saepius
1723 2854 1760 2909 ab
1768 2855 1827 2925 epi-

107 2943 147 2999 κά
152 2943 310 2999 tuitionem
321 2948 351 2998 et
357 2942 505 3015 resupium
511 2959 681 3015 pauperum.
692 2943 838 3016 Quamqui
846 2943 944 2998 adhoc
996 2962 1087 3016 scopo
1102 2950 1130 3000 et
1144 2945 1180 3000 ab
1191 2945 1393 3016 imperialibus
1401 2944 1682 3016 lagatisadmonitus
1694 2944 1825 3012 impera-

105 3029 546 3098 servarerit,bcnedictionem,
558 3032 608 3103 qui
614 3040 710 3086 autem
721 3032 812 3086 aliter
823 3031 942 3087 lecerit.
995 3035 1068 3090 toris
1080 3034 1191 3088 curiam
1202 3034 1353 3103 adira,·illa
1364 3032 1500 3103 cujusvis
1514 3032 1704 3101 praetendens
1721 3045 1825 3085 casum

108 3127 257 3176 aeternam
271 3120 399 3190 accipiat
412 3119 660 3176 maledictionem.
996 3120 1517 3191 excusationis,promittendoverbis
1525 3120 1648 3174 sormam
1656 3116 1828 3172 resumebat

141 3207 189 3264 12.
208 3207 292 3273 Quod
308 3207 464 3263 ecclesiam
479 3208 555 3262 hanc
579 3208 732 3264 mdidcara
755 3208 943 3280 copitarerit.
996 3210 1141 3265 simulatae
1156 3209 1360 3276 correctionis,
1377 3209 1430 3263 sed
1445 3223 1504 3262 non
1519 3208 1610 3262 multo
1625 3208 1693 3277 post
1706 3206 1737 3259 in
1751 3205 1829 3260 dete-

106 3298 182 3353 Posl
194 3295 260 3351 baec
274 3296 426 3351 meditatio
437 3296 537 3351 cordis
553 3296 619 3367 eius
632 3313 649 3350 a
660 3302 821 3369 conspectu
835 3298 945 3352 divinae
997 3299 1075 3353 riora
1086 3298 1201 3367 labens,
1215 3298 1340 3367 amplius
1354 3296 1478 3352 iterabat
1489 3297 1591 3365 culpas
1606 3296 1828 3364 eonsuetaepra·

104 3385 228 3456 pictatis
239 3384 277 3438 ad
286 3384 344 3438 hoc
353 3384 496 3454 inspirata
507 3388 563 3452 est,
574 3390 605 3439 ut
614 3386 683 3456 quia
694 3388 797 3441 contra
807 3385 944 3440 visibiles
996 3387 1096 3441 vitatis
1111 3385 1165 3457 (ib.
1181 3385 1247 3457 [39),
1263 3385 1336 3439 adeo
1348 3386 1388 3439 ·ut
1402 3384 1558 3455 quemdam
1576 3383 1737 3438 liebertum
1753 3381 1829 3436 mili·

104 3472 212 3528 hostes
226 3472 335 3528 domus
350 3471 459 3544 refugii
474 3473 645 3543 temporalis
662 3476 832 3529 constructa
847 3475 941 3542 esset,
995 3478 1053 3530 tem
1069 3473 1424 3544 episcopitamnobilitate
1438 3470 1828 3543 generisquamvirtutcju·

105 3563 198 3616 etiam
227 3565 332 3616 contra
353 3560 548 3615 invisibilium
572 3561 720 3632 nequitias
754 3562 891 3631 spiritum
916 3563 944 3616 et
994 3564 1124 3618 ventutis
1141 3566 1304 3631 strenuum,
1317 3576 1404 3633 quem
1421 3559 1638 3630 suaetyranaidi
1651 3559 1829 3614 obstiturum

107 3648 263 3720 principes
272 3649 464 3703 tenebrarum
480 3650 570 3704 altera
580 3650 686 3704 domus
702 3649 867 3720 spiritualis
882 3649 943 3703 exi·
996 3650 1214 3720 suspicabatur,
1245 3650 1379 3721 quamvis
1400 3649 1457 3704 sub
1473 3648 1707 3720 interpellatione
1727 3645 1828 3701 domni

107 3737 178 3792 miis
192 3737 314 3809 quidem
330 3737 478 3808 lapidibus
492 3752 583 3808 prope
599 3737 740 3793 aedificari
754 3738 893 3806 deberet3
914 3738 943 3791 in
996 3739 1136 3809 presulis,
1152 3739 1203 3809 qui
1218 3754 1271 3793 eos
1287 3738 1422 3793 federare
1438 3738 1584 3807 cupiebat,
1600 3737 1630 3790 in
1646 3736 1739 3790 traria
1754 3732 1828 3805 (tat)

108 3824 559 3898 quacustodesjacvigitostales
571 3826 746 3893 habitarent,
759 3827 807 3898 qui
820 3830 943 3897 utroque
996 3826 1125 3898 positum
1141 3827 1292 3881 Dominica
1317 3827 1364 3881 die
1385 3825 1563 3880 interficeret
1572 3844 1579 3890 ;
1596 3825 1648 3894 (ib.
1664 3824 1709 3893 tt)
1729 3822 1830 3894 ipsum

111 3918 246 3984 tempore
259 3914 319 3968 dici
335 3916 363 3967 et
378 3914 474 3969 noctis
490 3913 583 3969 Deum
598 3915 753 3969 insaecula
773 3914 943 3984 laudarent3
998 3930 1114 3986 quoque
1125 3915 1380 3983 episcopumintra
1396 3913 1606 3968 domumsuam
1618 3911 1829 3967 tribusdiebus

110 4006 138 4057 et
151 4002 230 4057 sicut
245 4001 296 4056 illa
310 4001 454 4072 protectio
465 4018 623 4072 corporum
638 4006 667 4057 et
680 4018 782 4057 rorum
795 4003 944 4073 peritura·
998 4005 1091 4057 armis
1118 4003 1157 4056 ita
1171 4002 1344 4070 includeret,
1369 4006 1400 4056 ut
1420 4017 1474 4056 nec
1504 4001 1568 4070 ipse
1593 4016 1649 4055 nec
1669 4001 1829 4071 quisquam

111 4105 188 4161 rum,
203 4092 244 4144 ita
266 4091 325 4145 ista
336 4091 510 4160 presidium
524 4090 608 4146 lieret
623 4089 785 4146 animarum
795 4106 945 4162 nunquam
958 4104 986 4168 D
1000 4106 1121 4146 suorum
1136 4090 1238 4161 agredi
1254 4105 1307 4159 pre
1323 4090 1426 4144 timore
1442 4089 1546 4143 mortis
1562 4089 1683 4142 auderet
1698 4086 1747 4141 ³7⁰.
1770 4086 1841 4169 Sed*

115 4180 336 4234 moriturarum.
353 4178 417 4233 Hoc
431 4183 529 4234 autem
545 4194 580 4234 eo
603 4180 761 4252 cogitante,
778 4179 869 4249 DeuS,
894 4182 946 4251 qui
998 4177 1060 4250 jam
1074 4180 1110 4232 de
1126 4179 1182 4232 hoc
1198 4178 1294 4248 magis
1312 4177 1383 4231 libet
1397 4178 1531 4243 reticere,
1558 4191 1645 4245 quam
1667 4175 1752 4244 plura
1767 4179 1829 4228 tam

118 4265 200 4321 dives
212 4266 526 4337 estiamisericordia,
544 4283 603 4338 quo
617 4269 852 4340 inspirantequae
867 4272 946 4323 recta
999 4267 1134 4338 perversi
1151 4264 1278 4319 hominis
1293 4262 1446 4320 malefacta
1461 4262 1583 4332 referre,
1601 4263 1709 4333 quippe
1733 4276 1829 4333 quan·

121 4359 184 4409 sant
197 4355 376 4426 cogitantur,
393 4358 422 4409 et
445 4369 503 4425 quo
518 4359 657 4425 operante
680 4357 783 4412 eadam
798 4372 947 4429 peragun·
999 4359 1060 4411 tum
1076 4355 1111 4408 da
1122 4369 1156 4409 eo
1172 4352 1298 4407 dicimus
1314 4352 1378 4406 acsi
1392 4353 1429 4407 de
1443 4354 1574 4406 torrente
1589 4366 1643 4405 vas
1659 4366 1744 4421 aquae
1759 4350 1831 4404 bau·

122 4440 227 4514 turm,
243 4442 335 4515 quiei
357 4442 433 4498 velle
448 4442 536 4506 dedit,
555 4443 642 4498 etiam
656 4447 685 4498 ct
707 4459 798 4514 posse
812 4446 945 4515 contulit,
1000 4445 1122 4511 rianrus,
1140 4444 1181 4497 tot
1203 4444 1231 4495 et
1245 4444 1333 4497 tantae
1361 4440 1429 4512 ains
1449 4440 1580 4495 existunt
1599 4439 1727 4508 malitiae,
1754 4451 1830 4508 quas

123 4543 278 4600 preparans
291 4531 320 4586 ei
335 4531 582 4602 opportunitatem
595 4531 767 4604 hujusmodi
782 4536 879 4604 optata
893 4550 947 4604 pa·
1000 4532 1146 4587 adversus
1160 4533 1296 4584 sanctum
1310 4529 1407 4583 virum
1422 4532 1451 4583 ct
1465 4528 1613 4583 civitatem
1621 4543 1680 4583 non
1696 4529 1743 4582 est
1756 4525 1830 4580 veri·
1905 4551 1907 4557 >

125 4619 221 4673 madi.
999 4624 1212 4676 tusexercere.

156 4704 197 4761 ta.
212 4706 358 4773 Quomodo
367 4707 422 4763 boc
437 4708 856 4766 monasteriumcoutruxcrrt.
877 4710 948 4766 Erat
1035 4711 1320 4786 rememoratione
1329 4712 1428 4768 domni
1436 4712 1565 4784 episcopi
1571 4711 1609 4766 ad
1619 4713 1730 4766 curiam
1741 4712 1828 4783 impe·

128 4794 188 4848 tuuc
198 4795 338 4866 temporis
354 4796 441 4850 miles
463 4795 583 4867 quidam
611 4797 816 4868 Heriwardus3
832 4815 945 4872 genere
999 4805 1121 4858 tatoris.
1137 4801 1260 4870 (Insa.)
1276 4802 1390 4855 interea
1405 4816 1457 4870 pro
1474 4801 1530 4854 hoc
1545 4803 1573 4854 et
1588 4815 1643 4869 pro
1659 4799 1726 4854 aliis
1740 4815 1831 4871 nago-

132 4881 235 4954 nobilis,
254 4884 306 4957 qui
317 4885 354 4940 ob
369 4883 497 4940 insolitae
516 4882 658 4940 ³li⁸robur
672 4887 789 4942 virtutis
806 4888 947 4945 Ferreum
999 4892 1054 4946 ciis
1069 4889 1645 4960 causaextitit,quadomnusepiscopus,
1664 4889 1830 4960 assumptis

765 5038 913 5101 VARIAE
938 5037 1173 5107 LECTIONES

157 5156 194 5238 ‚m
204 5163 356 5244 genitricis
372 5178 433 5235 cop.
489 5162 528 5206 ³⁸⁷
543 5165 723 5234 parabuntur
738 5165 850 5239 cop.³⁸8
865 5167 1002 5224 insolutae
1017 5184 1078 5240 cop.
1134 5165 1174 5209 ³⁶⁹
1189 5167 1230 5222 ita
1250 5167 1373 5222 restitui
1388 5182 1427 5222 er
1443 5166 1544 5222 Gestis
1554 5184 1598 5240 ep.
1618 5167 1697 5225 Cam.
1715 5167 1769 5238 111,
1786 5167 1832 5225 te·

137 5225 404 5291 Trichomsalodium
418 5235 454 5289 da
478 5275 484 5288 .
513 5276 520 5290 .
549 5276 555 5289 .
584 5276 591 5289 .
615 5239 712 5293 monte
727 5239 763 5293 de
779 5238 951 5296 Watencsis
967 5239 1049 5312 copia
1103 5236 1143 5281 ³⁷⁰
1158 5239 1259 5295 ederet
1274 5254 1335 5310 cop.

901 5409 1031 5475 NOTAE

164 5533 216 5597 itit
240 5535 361 5608 Basuel,
376 5536 633 5609 propelcCttaau.
1004 5538 1083 5594 1047.

161 5605 214 5674 (iti
228 5607 282 5691 α.
298 5607 389 5665 Gesta
411 5624 458 5681 cp.
479 5606 559 5666 Cam.
574 5627 605 5682 a,
620 5608 647 5667 3.
667 5607 746 5666 Obiit
768 5625 797 5664 v.
813 5608 856 5667 Id.
873 5609 940 5666 Mai.
1032 5607 1108 5680 (tat)
1119 5609 1140 5665 l.
1158 5624 1183 5665 e.
1199 5609 1305 5681 trevia,
1324 5612 1437 5686 treuva,
1450 5613 1566 5686 treuga.
