3900 6112
750 338 968 404 W1tuELnt1
992 338 1311 415 CONQUESTORIS

904 638 908 663 .
1001 561 1067 675 ΙΙ.

165 746 343 810 Concilium
369 746 595 808 Juliobonense
638 742 698 804 uod
728 742 926 803 aWillelmo
951 742 1129 822 Anglorum
1158 761 1235 821 rege
1263 761 1334 803 oum
1355 742 1516 822 episcopis
1538 752 1570 805 et
1595 744 1785 823 proceribus
1807 745 1879 804 Nor·

206 827 348 888 mannire
369 826 453 906 apud
473 825 593 889 Juliam
649 842 744 882 onam
768 822 962 884 celebratum
987 832 1035 884 est
1056 822 1089 881 in
1106 822 1282 884 festivitate
1307 823 1528 900 Pentecostes,
1551 843 1639 885 enno
1665 824 1786 886 Christi
1804 823 1880 899 l080,

107 938 110 943 ¹
207 908 351 987 Gregorii
368 906 424 966 Vll
440 925 532 984 papae
550 922 634 964 enno
649 922 716 978 viu,
742 901 881 981 Philippi
898 902 1095 963 Francorum
1110 902 1197 983 regis
1213 920 1268 962 xx.

211 1029 315 1100 (Lien.
334 1028 457 1098 Concit,
475 1030 512 1082 X.
534 1025 634 1081 391.—
647 1026 759 1080 Exstat
779 1027 809 1078 in
834 1024 987 1106 tabulario,
1000 1025 1086 1097 reqio
1104 1026 1303 1080 authenticum
1324 1024 1407 1079 illius
1422 1042 1506 1081 exem
1527 1027 1574 1080 Iar
1588 1028 1620 1080 in
1645 1027 1841 1097 membranis,

336 1100 410 1171 quod
430 1101 555 1153 indimus
571 1119 578 1151 :
595 1098 722 1151 hahetur
738 1112 893 1221 quoqqrclrn
905 1095 1044 1219 plurrbqs
1058 1112 1129 1220 nasta
1148 1102 1177 1151 et
1193 1097 1268 1222 aqqud
1285 1095 1461 1151 Ordericum
1511 1098 1612 1153 itatem
1628 1097 1683 1152 lib.
1702 1116 1722 1151 v

824 1184 851 1221 rs
867 1183 940 1222 erim
955 1182 1005 1222 ccc
1019 1181 1099 1221 esras
1115 1184 1178 1238 icco,
1204 1184 1259 1222 ec.

897 1296 1139 1312 m

411 1437 537 1492 TITULI
553 1435 751 1492 anONUM.
1012 1421 1040 1485 Α
1361 1434 1575 1491 PRAEFATIO.

166 1527 189 1584 I.
209 1527 248 1583 Ut
260 1544 321 1599 pax
334 1526 391 1581 Dei
412 1526 542 1580 tirmiter
568 1532 714 1594 tencatur,
739 1523 859 1597 ejusque
882 1522 996 1578 intrac-
1087 1524 1171 1580 Anno
1184 1524 1522 1580 lncarnationisDomini
1536 1523 1614 1595 ¹080,
1637 1512 1771 1596 papatus
1786 1527 1884 1582 domini

204 1621 285 1673 tores
300 1616 337 1671 ab
353 1616 501 1687 episcopis
515 1621 702 1670 coercantur.
1053 1612 1187 1683 Gregorii
1195 1612 1335 1683 papaeVll
1347 1618 1460 1680 octavo,
1472 1612 1656 1668 Francorum
1665 1630 1744 1686 rege
1753 1621 1884 1688 regnante

163 1705 201 1761 11.
223 1705 260 1760 Ut
275 1705 313 1760 rte
328 1705 454 1759 incestis
469 1704 668 1759 matrimoniis
675 1704 763 1775 Juxta
779 1701 995 1773 canones—judi·
1053 1700 1366 1773 Philippo,bnglorum
1379 1701 1605 1774 rogeWillelmo
1617 1704 1813 1775 gubernante
1823 1706 1885 1760 Nor·

200 1800 268 1849 cent
289 1794 427 1865 episcopi.
1056 1791 1214 1859 manniam,
1236 1792 1264 1844 in
1279 1791 1437 1845 testivitate
1451 1791 1658 1862 pentecostae,
1684 1794 1747 1848 sub
1763 1793 1886 1867 eiusdem

166 1883 213 1937 Ill.
231 1882 274 1936 De
286 1880 582 1952 judicioclericorum
595 1882 643 1952 qui
658 1881 695 1935 tle
713 1881 804 1935 vetito
819 1878 996 1934 teminorum
1055 1879 1137 1949 regis
1147 1881 1316 1949 praesentia,
1329 1879 1730 1954 praesenteRothomogcnsi
1741 1883 1886 1952 archIpro

201 1970 397 2025 contubernio
408 1976 594 2023 accusantur.
1055 1966 1119 2020 sule
1142 1967 1300 2037 Willelmo,
1316 1969 1508 2040 congregatis
1527 1969 1616 2022 etiam
1635 1970 1797 2041 episcopis
1811 1970 1884 2025 crau

166 2059 216 2113 IV.
234 2058 315 2123 Quod
336 2058 430 2112 laicus
443 2064 558 2127 partem
581 2057 612 2110 in
626 2056 778 2111 reditibus
792 2055 927 2111 ecclcsiae
941 2054 996 2108 ha·
1052 2055 1182 2124 batibue,
1200 2056 1375 2111 consulibus
1387 2073 1504 2128 quoque
1520 2060 1549 2111 et
1564 2059 1688 2112 caeteris
1705 2058 1885 2114 Normannie

199 2147 274 2202 berc
290 2163 347 2202 non
366 2146 483 2215 debeat,
511 2151 540 2200 ct
560 2145 644 2217 quale
660 2147 729 2200 inde
746 2146 904 2200 servitium
929 2143 997 2198 rod·
1052 2144 1886 2217 principibuscelebratumcstapudLillebonamUulian

201 2236 276 2292 dere
290 2236 381 2290 liceat
393 2234 586 2305 presbytero.
659 2228 665 2240 ⁸
1054 2232 1165 2286 Bonam
1182 2248 1236 2287 seu
1252 2233 1438 2288 Iuliobonam
1459 2233 1652 2304 (Lillebone)]
1674 2236 1846 2306 concilium,
1863 2238 1886 2290 in

168 2324 203 2379 V.
223 2324 262 2379 Ut
276 2325 406 2395 episcopi
417 2340 432 2377 a
445 2323 641 2394 preshyteris
649 2323 867 2394 prmtorjustos
880 2322 1000 2378 reditus
1055 2337 1112 2391 quo
1125 2322 1313 2376 serenissimi
1331 2322 1413 2394 regis
1425 2320 1565 2377 Willelmi
1585 2323 1786 2393 providentia
1801 2341 1885 2396 praes-

202 2410 282 2465 nihii
295 2411 427 2482 eriqant.
1054 2410 1216 2481 criptorum
1233 2410 1363 2465 fidelium
1380 2426 1504 2465 suorum
1515 2411 1642 2466 consilio
1657 2411 1814 2470 diffinivit.

166 2499 215 2554 VI.
236 2499 273 2553 Ut
288 2499 493 2553 archidiaconi
506 2498 662 2570 quotannis
669 2498 917 2570 presbytororum
933 2512 998 2551 suo·
1220 2563 1223 2566 Δ
1377 2498 1564 2554 CANONES.

201 2603 267 2644 rum
286 2593 396 2656 restes,
413 2587 522 2641 calices
538 2592 567 2642 ct
582 2586 678 2640 libros
694 2587 828 2641 visitent.
1458 2587 1480 2642 1.

167 2675 289 2731 v11.nc
304 2675 430 2729 crimine
446 2675 520 2747 quod
540 2674 706 2745 presbyter
721 2677 751 2729 in
776 2673 901 2730 forestis
916 2675 1001 2746 reqis
1090 2675 1128 2730 Ut
1144 2691 1200 2746 pax
1215 2675 1278 2745 Dei,
1296 2691 1361 2746 quae
1375 2675 1465 2748 vulgo
1485 2676 1593 2731 dicitur
1609 2679 1724 2750 trevia,
1738 2681 1815 2735 sieut
1833 2681 1885 2751 ipse
1921 2686 1923 2691 ⁴

203 2763 999 2836 chbaronumejuscommisitcpiscopusrecoqnoscet.
1014 2801 1036 2862 Β
1053 2780 1118 2818 eam
1141 2765 1222 2818 initio
1251 2764 1453 2832 constituerat,
1477 2765 1601 2820 firmiter
1626 2771 1781 2836 teneatur,
1805 2773 1886 2840 etper

102 2914 103 2917 Ἴ
167 2853 244 2908 VIII.
265 2852 304 2907 IJt
320 2854 357 2908 tle
372 2851 501 2923 singulis
515 2851 651 2907 domibus
666 2867 746 2906 coreo
756 2852 899 2906 denerata
910 2853 1001 2907 matri
1054 2852 1191 2924 singulas
1205 2855 1352 2923 paroecias
1368 2853 1454 2908 dictis
1467 2856 1832 2912 excommunicationibus
1845 2875 1884 2913 re·

203 2942 343 2998 ecclesiae
354 2943 510 3013 quotannis
522 2956 579 3011 per
589 2940 684 3012 presb
686 2949 791 3012 ytcros
801 2939 955 2996 offeratur.
1053 2946 1189 2996 novetur.
1212 2940 1266 3006 Qui
1290 2957 1360 2996 vero
1381 2958 1445 2997 eam
1461 2943 1624 2998 observare
1646 2948 1883 3017 contempserint,

166 3031 217 3088 nt.
233 3032 280 3088 Nc
292 3030 386 3085 laicus
392 3031 485 3101 presb
487 3037 605 3102 yterum
616 3029 667 3084 rtet
682 3029 730 3084 rel
743 3030 853 3084 adimat
866 3029 1000 3084 ecclcsiae
1053 3030 1103 3084 vel
1117 3030 1304 3101 aliquetenus
1316 3030 1469 3102 fregerint,
1482 3032 1627 3103 episcopi,
1639 3035 1885 3108 secundumquod

204 3121 266 3177 nisi
281 3138 321 3175 ex
335 3136 481 3175 consensu
497 3119 637 3190 episcopi.
1054 3119 1136 3189 prius
1148 3120 1288 3173 statutum
1304 3124 1360 3189 cst,
1371 3135 1424 3174 cos
1437 3119 1762 3191 judicandoJustitiam
1778 3124 1884 3178 iaciant

168 3212 206 3268 X.
223 3211 268 3266 De
283 3209 466 3265 coemeteriis
491 3225 553 3279 quae
568 3213 637 3261 sunt
652 3209 683 3261 in
699 3207 882 3273 civitatibus,
900 3207 999 3278 capel·
1055 3207 1085 3262 Si
1101 3208 1168 3278 quis
1183 3214 1279 3261 autem
1295 3208 1435 3278 episcopo
1447 3224 1501 3263 suo
1518 3209 1585 3263 inde
1597 3210 1783 3268 inobediens
1798 3213 1884 3279 tuerit,

204 3301 243 3355 lis
258 3305 288 3354 et
304 3299 420 3369 burqis,
444 3297 491 3350 rel
502 3297 533 3349 in
548 3297 698 3350 inaccriis.
1059 3295 1176 3351 domino
1186 3298 1217 3349 in
1228 3295 1315 3366 cujus
1325 3298 1403 3350 terra
1415 3296 1524 3351 habitat
1533 3298 1699 3368 episcopus
1711 3300 1771 3356 hoc
1781 3302 1884 3356 demon-

170 3390 221 3446 xt.
238 3390 282 3444 Do
299 3386 479 3441 coenreteriis
496 3384 642 3439 villarum.
1060 3388 1144 3454 stret,
1154 3387 1183 3439 et
1193 3385 1316 3439 illeeum
1329 3386 1604 3456 subdetepiscopali
1614 3387 1759 3458 justitiae.
1772 3390 1851 3456 Quod
1863 3390 1883 3445 si

170 3478 236 3535 XII.
264 3477 308 3531 Dc
334 3473 528 3545 presbyteris
550 3489 669 3544 quorum
698 3472 833 3528 ecclesiae
852 3473 999 3530 donantur
1058 3472 1349 3528 ctdominuslaccre
1373 3476 1592 3544 contempserit,
1616 3479 1705 3548 regis
1726 3479 1884 3534 vicecomes

207 3565 360 3621 monachis
376 3562 424 3617 rel
436 3563 596 3616 canonicis
1058 3563 1125 3617 inite
1137 3578 1188 3632 per
1199 3562 1370 3633 episcopum
1387 3563 1561 3634 requisitus,
1578 3566 1661 3619 omni
1671 3571 1788 3623 remota
1804 3583 1884 3623 excu-

171 3653 252 3710 Xlll.
262 3652 307 3706 De
315 3652 449 3722 justitiis
459 3657 488 3704 ct
499 3652 761 3706 consuctudinibus
772 3653 997 3724 episcopalibus.
1055 3653 1168 3706 satione
1185 3651 1281 3707 faciat.

172 3763 204 3816 ut
222 3758 387 3826 scribitillc,
401 3759 508 3812 dicitur
518 3760 617 3830 regalo
627 3761 789 3829 servitium,
808 3761 876 3830 quie
888 3766 1001 3831 spectat
1056 3774 1247 3815 numerosum
1258 3773 1291 3812 ac
1300 3757 1494 3813 fortissimum
1505 3759 1724 3830 conflaverunt,
1732 3765 1886 3835 praeficies·

171 3831 208 3885 ad
224 3831 373 3885 dominum
390 3845 501 3900 regom,
519 3836 546 3884 ct
558 3846 616 3884 non
634 3831 771 3885 adolium
790 3838 817 3885 et
837 3833 1000 3888 secundum
1055 3829 1326 3900 lrssihiEdgarum
1339 3831 1597 3898 speciosissimum
1608 3834 1884 3902 etlortissimum,in

112 3966 114 3970 q
171 3902 250 3974 quod
271 3902 299 3954 in
326 3907 489 3971 conquestu
506 3901 559 3955 luit
575 3903 774 3957 adinventum.
796 3903 840 3956 Ad
860 3904 1001 3959 Willelmi
1056 3903 1143 3973 cujus
1160 3901 1227 3955 sinu
1242 3903 1300 3954 tota
1324 3916 1394 3970 spes
1416 3902 1545 3970 reposita
1564 3901 1620 3956 tuit
1642 3905 1881 3979 Angligenanrn,

171 3973 263 4043 hique
273 3977 403 4041 tempora
413 3989 478 4026 eum
491 3975 663 4043 respexisse
673 3975 766 4043 palam
776 3981 830 4028 est.
843 3975 1001 4030 l'ictorinm
1055 3973 1171 4028 unrlein
1181 3974 1286 4043 Anglia
1298 3972 1354 4025 tale
1366 3973 1435 4026 exiit
1444 3973 1593 4044 eulogium
1607 3974 1736 4047 :Edqar
1752 3979 1884 4045 Etheh'nq

171 4046 250 4100 enim
265 4045 342 4113 eiua,
363 4044 506 4098 vocabulo
530 4045 666 4111 barbaro,
683 4052 851 4116 conquestu,
873 4049 999 4115 praecise
1054 4043 1246 4113 b’uqelondes
1261 4042 1415 4114 Derelinq.
1426 4042 1491 4098 Fuit
1509 4047 1606 4098 autom
1619 4046 1819 4103 interomnes
1835 4054 1883 4102 An·

171 4115 240 4169 olim
256 4115 381 4169 uthodio
393 4116 559 4185 signabant.
573 4116 728 4170 Nonnullae
744 4117 809 4169 aliae
819 4122 886 4170 sunt
897 4117 1000 4187 ejusce
1057 4117 1123 4187 glos
1140 4115 1200 4168 dux
1215 4117 1243 4168 et
1258 4118 1410 4183 promotor
1424 4113 1656 4170 efficacissimus
1674 4119 1773 4175 abbas
1791 4120 1821 4175 S.
1843 4118 1883 4172 Al·

170 4186 254 4257 leges
270 4187 345 4255 apud
369 4187 535 4240 Matthaeum
557 4188 715 4257 I’arisium,
738 4187 898 4242 ilenricum
919 4159 1036 4242 lIun-c
1055 4187 1133 4256 huni,
1151 4184 1352 4253 Fretherious,
1368 4191 1416 4253 tan
1440 4200 1505 4239 uam
1526 4186 1572 4239 vir
1587 4203 1776 4260 generosus,
1798 4192 1883 4259 operi-

169 4257 420 4330 tingdonicnsent,
432 4258 648 4333 etaliosqquas,
665 4259 880 4328 quoniamsuut
893 4260 998 4331 cuique
1055 4259 1111 4312 hus
1127 4262 1154 4312 et
1170 4256 1283 4311 viribus
1299 4271 1357 4309 non
1372 4202 1562 4311 mebiocriter
1577 4258 1884 4332 formidabilisCoepit

170 4328 277 4397 obviae,
307 4329 999 4385 reeternrittimus.Sodcaveantinterimlcctores
1056 4330 1148 4400 igitur
1157 4341 1211 4382 rex
1220 4327 1410 4381 vehementer
1425 4328 1483 4381 sibi
1495 4328 1597 4382 timere
1607 4345 1645 4384 nc
1663 4335 1760 4386 totum
1772 4347 1881 4405 regnan

169 4346 386 4469 neaPoii'doro
396 4399 521 4469 ejusque
532 4400 747 4470 sequacibusin
757 4400 841 4454 hisce
851 4401 997 4456 saltantur.
1057 4401 1135 4470 quod
1150 4399 1219 4452 tanti
1236 4399 1392 4469 sanguinis
1407 4397 1550 4453 effusione
1560 4401 1761 4474 acquisierat,
1772 4405 1882 4474 turpiter

170 4469 356 4540 indiligentia
372 4473 448 4523 enim
464 4487 517 4523 sna
533 4471 673 4541 deceptus
694 4472 837 4542 quasdam
851 4472 999 4527 Willelmo
1057 4473 1202 4525 amitteret
1229 4470 1314 4524 etiam
1346 4469 1519 4523 trucidatus
1550 4472 1788 4545 Archicpiscopi
1806 4476 1881 4546 igitur

169 4541 250 4595 velut
270 4541 382 4595 auctori
398 4541 507 4609 tribuit,
532 4558 606 4611 quas
629 4543 844 4597 vetustioribus
862 4544 1001 4598 Saxonici
1057 4541 1183 4609 (scilicet
1217 4540 1390 4609 Lanhanci)
1413 4539 1567 4610 prudentia
1592 4541 1725 4599 lelicitcr
1748 4542 1879 4607 eruditus,

169 4611 285 4682 imperii
301 4611 484 4681 temporibus
501 4614 699 4667 certissimum
716 4618 761 4667 ost
776 4614 892 4684 deberi3
908 4631 1000 4686 quas·
1056 4613 1155 4666 mitius
1171 4613 1259 4680 coepil
1273 4627 1362 4681 agere
1386 4628 1452 4665 cum
1467 4612 1552 4682 regni
1567 4613 1762 4684 primatibus,
1779 4634 1812 4672 ea
1825 4631 1879 4688 quc

169 4682 236 4737 dam
252 4683 350 4752 etiam,
367 4699 433 4752 quaa
448 4697 506 4736 non
522 4687 588 4737 ante·
604 4685 744 4754 aliquota
762 4684 910 4740 Willelmo
922 4687 1000 4756 clap·
1055 4684 1137 4754 pacis
1149 4689 1218 4736 sunt
1232 4683 1383 4736 humililer
1397 4683 1564 4754 rogitando,
1581 4691 1610 4737 et
1624 4700 1738 4743 serena
1755 4689 1879 4743 laciano·

170 4768 203 4808 ea
215 4755 326 4809 saecula
343 4761 417 4807 natae
433 4758 511 4807 sunt.
1057 4756 1134 4809 cavit
1149 4769 1201 4807 cos
1217 4753 1252 4806 ad
1267 4768 1369 4823 pacem
1382 4753 1436 4808 sed
1455 4753 1621 4823 subdolam,
1641 4757 1723 4812 sicut
1739 4760 1784 4814 rei
1798 4759 1879 4814 series

205 4825 263 4880 Sed
287 4826 395 4880 oblitus
413 4826 554 4879 hactenus
575 4827 699 4895 praestiti
722 4843 737 4880 a
758 4827 906 4881 Willclmo
927 4843 998 4899 rege
1056 4825 1182 4879 finaliter
1197 4824 1463 4947 clariusqtatetecit.
1478 4823 1683 4882 Occurrerunt
1696 4829 1791 4900 igitur
1806 4827 1877 4899 Angl

163 4894 337 4965 juramenti,
354 4912 412 4967 quo
428 4897 579 4951 veteribus
591 4896 753 4967 Anglorum
770 4899 891 4951 sancitis
912 4900 998 4952 etiam
1054 4896 1205 4951 memorati
1222 4894 1262 4948 nil
1274 4911 1319 4948 ma
1333 4896 1341 4947 i
1353 4896 1517 4966 cogitantes
1528 4896 1556 4948 io
1573 4897 1727 4969 regimine
1742 4904 1773 4955 ct
1787 4901 1878 4956 ducatu

169 4969 332 5039 generatim
348 4969 544 5022 observandis
557 4984 589 5021 se
601 4969 768 5038 obstrinxit,
783 4985 840 5023 non
859 4970 999 5039 intempo-
1054 4968 1168 5021 abbatis
1188 4965 1351 5022 Frothcrici
1373 4966 1449 5035 apud
1475 4966 1747 5039 Berckbamstude,
1763 4973 1812 5027 ubi
1823 4973 1877 5042 post

169 5040 243 5093 stive
260 5041 307 5093 bic
325 5040 452 5093 Matthaei
470 5040 574 5093 Parisii
591 5040 626 5092 de
638 5056 671 5092 ea
687 5056 718 5093 re
730 5040 820 5094 verba
835 5039 996 5113 subjungo.
1053 5040 1159 5092 multas
1169 5037 1401 5105 deprecationes,
1412 5042 1561 5108 pressante
1571 5040 1804 5115 archiepiscopo
1814 5043 1876 5096 lan·

168 5107 250 5163 Vitas
271 5112 449 5180 conseripsit
469 5111 516 5165 illc
533 5110 809 5165 coenobiarcharum
826 5112 858 5165 I).
880 5111 996 5166 Albani.
1054 5111 1165 5170 franco,
1183 5124 1235 5162 rex
1257 5124 1310 5177 pro
1333 5108 1410 5163 bono
1436 5108 1645 5178 pacisquravil
1671 5129 1766 5184 super
1788 5126 1875 5169 ornnes

167 5177 200 5231 In
215 5179 378 5236 Frctherici
390 5187 486 5235 autem
503 5181 720 5236 coenobiarchae
738 5183 801 5235 l'itn
817 5184 878 5252 iqui
893 5199 997 5252 nempe
1053 5181 1194 5251 reliquiae
1213 5179 1350 5233 ccclesiae
1366 5180 1463 5234 Sancti
1479 5180 1597 5248 Albani,
1623 5185 1774 5256 tactisque
1788 5199 1873 5240 sacro

166 5249 363 5306 vir-strennus
381 5258 409 5307 et
426 5259 575 5320 constans,
595 5253 713 5306 llarnldi
728 5255 810 5325 rogis
826 5270 884 5307 non
900 5256 997 5308 minus
1052 5252 1165 5305 san'ctis
1183 5250 1363 5321 EvangeliiS,
1382 5252 1509 5319 minante
1528 5249 1581 5322 [ita
1595 5255 1666 5326 ms]
1687 5255 1874 5326 juramentum

168 5315 274 5398 devicti
291 5338 376 5390 quarn
400 5326 551 5395 regnantis
579 5340 684 5378 nomen
709 5325 768 5378 sibi
788 5325 997 5378 charissimum
1051 5322 1156 5376 abbate
1174 5319 1364 5389 Frctheric03
1389 5322 1483 5375 bonas
1508 5327 1535 5375 ct
1548 5326 1731 5392 approbatas
1753 5329 1873 5397 antiquas

167 5392 308 5453 retinens,
323 5394 533 5449 reluctantIhus
543 5396 730 5465 postmodum
742 5397 848 5467 Anglis
864 5397 996 5449 australi·
1051 5395 1218 5465 legesquas
1235 5393 1330 5446 sancti
1342 5408 1376 5445 ac
1391 5393 1432 5461 pii
1442 5393 1557 5463 Angliee
1574 5409 1666 5465 reges
1678 5397 1747 5469 ojus
1758 5404 1875 5452 auteres

108 5530 112 5539 ἱ
166 5454 995 5537 bus,utAldredusantIstesljboracensisaquilonaribus,
1051 5463 1873 5530 sores,etmaximerexEdwardusstatuilinviolabiliter

168 5542 202 5609 se
217 5530 332 5610 duccrn¹
347 5531 471 5604 lortItcr,
486 5541 514 5591 at
528 5538 647 5602 trustra,
671 5538 807 5608 praebuit)
829 5539 911 5591 varia
926 5516 1031 5608 par-D
1050 5537 1222 5591 observare.
1239 5533 1275 5590 Et
1289 5533 1335 5589 sic
1354 5534 1510 5606 pacificati,
1520 5535 1557 5589 ad
1571 5540 1696 5610 propria
1711 5540 1772 5598 laeti
1786 5554 1872 5597 rocos

166 5599 237 5655 trum
255 5601 353 5656 studia
362 5615 503 5681 narrans:
519 5629 530 5653 r
550 5608 700 5676 Videntcs,
715 5611 817 5680 inquit,
828 5608 917 5680 Angli
932 5625 995 5664 rem
1050 5608 1164 5663 serunt.
1182 5628 1193 5655 r

165 5673 215 5749 agi
234 5690 289 5754 pro
314 5672 471 5749 capitibus,
499 5678 600 5750 plures
619 5681 809 5739 convocando
833 5680 995 5740 exercitum
