3900 6112
108 271 165 338 187

786 275 916 341 menn
936 228 1161 343 snenanus

1781 286 1841 352 138
1890 337 1894 341 ,

143 474 188 532 88.
205 475 252 531 De
272 475 341 531 vitia
363 475 510 532 Wasterc.
532 476 565 531 ln
587 477 656 532 villa
672 493 791 549 quoque
807 477 949 532 Waslero
964 458 992 520 Α
1009 477 1157 547 bripiente
1173 476 1281 548 inopia,
1298 478 1371 534 ordo
1386 480 1568 538 monachalis
1588 485 1625 538 ad
1639 486 1840 543 canonicalem
1912 514 1915 519 ·

113 564 186 638 (280)
212 565 321 620 beatus
346 564 528 619 Landelinus
552 567 763 620 monasterium
783 566 818 620 ad
836 581 948 637 paucos

111 656 220 710 iratres
237 655 384 724 condidit,
402 655 448 709 cui
465 659 600 709 sunctum
616 656 768 710 Dodoncm
784 656 870 710 banaa
885 671 947 709 me-

112 746 214 799 moriae
231 744 327 797 virum
343 743 477 814 proiecit.
491 743 546 798 Hic
558 744 696 798 nimirum
707 744 804 798 sacris
816 743 948 797 moribus

114 833 230 901 cluens,
255 838 334 888 votae
358 832 555 887 innocentiam
579 833 672 900 duxit,
694 833 794 903 ibique
815 832 948 902 deposito

115 938 203 977 onere
221 922 402 994 tragilitatis,
418 921 544 976 feliciter
558 923 588 975 in
604 937 675 991 pace
691 922 827 991 quiescit.

146 1009 190 1066 st.
216 1011 261 1066 Dc
280 1010 350 1065 villa
366 1009 490 1065 Fesoan.
509 1010 541 1062 ln
555 1010 625 1064 villa
641 1013 727 1064 etiarn
743 1010 858 1064 h'escan
873 1006 947 1078 (281)

112 1101 326 1155 monasterium
352 1102 407 1166 est,
434 1099 485 1153 ubi
510 1114 582 1153 sane
606 1102 729 1152 sanctus
751 1099 798 1152 vir
819 1098 945 1167 Domini,

114 1189 198 1243 Hetto
214 1189 356 1243 videlicet
372 1187 490 1256 ScotuS,
508 1187 608 1241 divina
623 1187 807 1257 providentia
821 1186 949 1257 dirigen-

110 1282 146 1348 te,
162 1278 343 1345 deveniens,
360 1276 509 1347 aliquanto
525 1280 656 1346 tempore
671 1279 866 1330 conversatus
881 1276 945 1341 est;

113 1367 292 1437 tandemque
315 1382 439 1420 cursum
464 1381 527 1421 suae
551 1365 801 1436 peregrinationis
823 1364 945 1434 liniens,

112 1456 250 1527 migravit
267 1455 303 1509 ad
320 1454 481 1510 Christum.
494 1457 538 1509 hu
551 1454 639 1525 cujus
651 1454 787 1507 meritum
797 1452 947 1506 declaran-

112 1544 177 1598 dum
200 1545 305 1598 divina
328 1545 424 1614 pietas
445 1542 534 1596 multa
556 1543 675 1614 dignata
700 1546 745 1596 est
761 1543 877 1612 operari
893 1541 947 1595 do-

112 1635 248 1689 cumenta
266 1633 416 1687 virtutum.
434 1632 517 1686 Unde
529 1631 647 1702 quidam
657 1647 693 1684 ex
704 1630 857 1702 religiosis
872 1629 948 1684 viris

112 1727 216 1777 sanem
231 1723 300 1777 viro
314 1724 463 1776 tantorum
484 1721 679 1775 emolumenta
698 1720 845 1777 bonorum
860 1718 948 1773 tradi·

111 1811 229 1880 derunt,
246 1814 280 1865 ut
293 1809 405 1881 aliquot
421 1810 581 1864 canonicos
597 1809 791 1864 admitterent.

141 1897 188 1954 35.
207 1898 254 1954 De
271 1899 454 1954 monasterio
469 1898 543 1969 qnod
559 1898 650 1952 estin
669 1896 739 1951 villa
750 1897 820 1951 Alto
834 1897 945 1952 Monte.

111 1987 173 2053 Nee
189 1993 366 2058 praeteream
381 1987 495 2056 vicum,
512 2001 598 2058 quem
616 1987 712 2040 Altum
729 1986 856 2040 Mentem
873 1983 947 2055 (882)

109 2077 221 2146 dicunt,
239 2092 296 2131 nec
311 2077 448 2130 inmerito
473 2076 516 2130 sie
541 2076 741 2140 nominatum;
758 2091 825 2128 cum
839 2075 944 2129 beatus

109 2165 299 2235 Vincentius,
312 2181 379 2220 cum
389 2164 489 2219 mullis
501 2165 575 2219 viris
585 2164 754 2237 religiosis,
768 2164 816 2234 qui
829 2179 894 2218 cum
911 2177 946 2217 eo

108 2254 238 2322 fuerant,
255 2270 311 2309 sua
327 2254 553 2309 conversatione
568 2253 729 2308 reddiderit
744 2252 945 2307 sublimatum.

108 2343 158 2408 (V.
175 2345 286 2412 Anth.)
300 2343 404 2416 {Porro
420 2345 476 2397 istc
493 2343 666 2398 Vincentius
678 2358 778 2396 comes
790 2340 944 2413 egregins,

109 2433 249 2487 videlicet
259 2432 578 2487 sanctaeWaldetrudis
589 2433 722 2500 martine,
732 2430 816 2501 juxta
828 2429 945 2502 quidem

108 2522 289 2576 saecularem
304 2521 491 2576 eminentiam
503 2525 530 2575 et
541 2520 631 2575 rebus
643 2525 671 2575 et
681 2535 791 2592 genere
804 2520 945 2590 potentis·

107 2612 225 2678 simuS,
249 2610 416 2665 eruditione
439 2613 536 2664 tamen
557 2611 585 2665 et
603 2609 718 2664 crebris
734 2608 946 2663 monitionibus

106 2700 184 2755 beati
201 2698 337 2753 Autberti
355 2698 503 2769 pontificis
519 2698 705 2765 informatus,
722 2697 877 2751 saecularis
893 2696 945 2749 mi·

107 2789 178 2843 litiae
197 2803 337 2858 pompam
357 2787 460 2858 procul
480 2786 645 2855 abhorruit,
661 2787 774 2856 Deique
791 2785 944 2856 obsequiis

105 2878 278 2946 mancipare
295 2891 330 2931 se
346 2878 444 2945 potius
455 2873 623 2947 estimavit]
635 2875 729 2946 Igitur
742 2875 812 2928 dum
828 2874 864 2927 de
880 2873 945 2928 loco

107 2989 172 3026 suaa
187 2971 426 3026 conversationis
442 2971 606 3041 expetendo
619 2970 765 3025 sellicitus
778 2985 878 3023 curam
895 2984 944 3040 ge-

1009 567 1160 633 rcdactus,
1186 567 1231 619 sic
1255 566 1291 620 ad
1316 571 1431 638 tempus
1457 570 1554 624 domni
1570 573 1693 629 Gerardi
1708 576 1840 648 episcopi

1008 669 1105 725 usque
1130 656 1282 710 remansit.
1306 656 1390 721 Quod
1412 674 1483 713 vero
1505 674 1630 716 cernens
1658 665 1839 735 episcopus,

1008 747 1158 813 praecepto
1183 744 1314 799 Heinrici
1338 746 1524 815 imperatoris
1551 751 1735 823 consilioque
1755 755 1840 809 Hori·

1009 833 1087 885 mani
1109 834 1225 886 comitis
1247 832 1330 903 (283),
1353 851 1387 889 ec
1406 836 1555 891 voluntate
1571 839 1618 891 sui
1635 839 1734 895 fratris
1750 843 1842 898 Gode·

1008 921 1086 991 iridi,
1104 921 1203 975 fratris
1218 923 1355 978 videlicet
1371 925 1513 995 episcopi,
1532 926 1582 996 qui
1602 943 1639 981 ex
1658 933 1740 998 parte
1756 930 1841 985 lieri·

1008 1010 1107 1063 manni
1122 1010 1239 1065 comitis
1255 1012 1352 1081 ipsum
1366 1014 1463 1068 locum
1477 1015 1508 1068 in
1524 1015 1597 1069 fisco
1617 1017 1745 1088 tenebat,
1763 1035 1842 1075 eme-

1008 1097 1141 1167 lioravit,
1164 1101 1192 1153 et
1214 1099 1291 1153 iacto
1316 1101 1421 1156 abbate
1446 1101 1605 1173 Fulooino,
1628 1105 1659 1159 in
1683 1107 1842 1177 pristinum

1009 1186 1121 1252 ordinis
1144 1190 1253 1242 statum
1273 1188 1445 1244 reformavit
1469 1195 1527 1255 tan.
1554 1190 1644 1263 tato).
1669 1195 1725 1250 Hie
1744 1202 1842 1253 autern

1009 1275 1054 1327 vir
1068 1276 1154 1330 bonoe
1169 1277 1318 1332 memoriae
1340 1280 1433 1334 abbas
1460 1296 1527 1333 cum
1551 1297 1667 1338 summo
1691 1286 1789 1340 studio
1813 1289 1842 1342 et

1008 1361 1109 1417 labore
1134 1366 1261 1420 nominis
1284 1366 1332 1421 sui
1355 1368 1485 1423 officiam
1506 1369 1628 1441 librans,
1645 1374 1673 1426 et
1688 1388 1776 1428 nsum
1791 1390 1841 1431 re-

1008 1452 1087 1522 gulae
1102 1453 1227 1507 interius
1242 1455 1358 1524 docuit,
1384 1460 1413 1511 et
1435 1457 1533 1512 lacum
1549 1474 1664 1515 emnem
1679 1477 1734 1531 pro
1753 1463 1841 1519 modo

1009 1541 1161 1611 temporis,
1172 1545 1272 1612 utpote
1286 1544 1382 1599 adhuc
1397 1546 1535 1601 videlicet
1545 1549 1697 1620 novitium,
1707 1551 1841 1619 pulchris

1009 1630 1144 1684 aediliciis
1159 1634 1188 1685 et
1204 1632 1271 1685 usai
1287 1633 1500 1689 monachorum
1516 1638 1698 1693 necessariis
1709 1640 1840 1695 exterius

1009 1718 1174 1790 insignivit.

968 1802 992 1862 B
1044 1806 1089 1862 36.
1116 1808 1160 1863 De
1182 1809 1391 1867 Methodienso
1409 1815 1600 1869 monasterio.
1617 1815 1781 1871 Dicendum
1795 1820 1842 1871 est

1009 1911 1125 1967 quoque
1139 1899 1169 1952 in
1184 1899 1331 1954 Methodio
1347 1899 1421 1970 (884)
1437 1904 1651 1958 monasterium
1665 1905 1841 1977 puellarum,

1007 1982 1029 2056 ((
1038 1985 1067 2039 V.
1078 1987 1182 2057 Anat.)
1199 1990 1276 2059 quod
1293 1989 1377 2043 beata
1389 1990 1500 2045 Christi
1511 1993 1597 2063 virgo
1609 1992 1794 2064 Aldegundis
1806 1994 1842 2048 ad

1008 2090 1083 2144 opus
1093 2091 1156 2130 suae
1166 2079 1402 2132 conversationis
1412 2081 1586 2150 expropriis
1594 2082 1707 2152 prediis
1717 2084 1842 2154 struxit;

1008 2164 1188 2234 quodetiam
1204 2165 1308 2220 beatus
1325 2167 1507 2238 hotbertus,
1533 2170 1634 2223 multis
1649 2171 1723 2224 viris
1739 2186 1843 2225 secum

1007 2253 1157 2322 adhibitis,
1174 2254 1330 2308 dedicarit.
1344 2254 1415 2309 Haec
1427 2256 1564 2311 nimirum
1574 2259 1660 2330 virgo
1671 2259 1840 2327 laudabilis,

1008 2355 1095 2395 soror
1111 2346 1223 2397 sanctas
1238 2343 1621 2415 praelibataeWatdetrudis,
1639 2363 1655 2399 a
1670 2348 1754 2401 beato
1770 2347 1841 2402 Aut·

1007 2429 1092 2485 berto
1124 2430 1286 2486 doctrinata
1314 2433 1447 2487 velamen
1468 2434 1524 2504 piae
1545 2434 1699 2505 religionis
1719 2437 1842 2507 accepit,

1006 2517 1105 2590 ibique
1120 2535 1187 2572 cum
1202 2519 1326 2589 plurima
1342 2524 1435 2575 turma
1456 2537 1595 2576 sororum
1611 2539 1693 2593 purae
1708 2524 1776 2578 vitoe
1792 2525 1840 2577 in-

1006 2608 1170 2662 nocentiam
1185 2609 1308 2677 ducens,
1326 2609 1459 2680 deposita
1476 2627 1610 2681 corporis
1626 2612 1724 2684 gleba,
1736 2613 1839 2667 celesti

1007 2711 1118 2765 sponso
1134 2713 1201 2752 eum
1215 2698 1329 2752 ardenti
1345 2697 1478 2769 lampade
1494 2700 1610 2754 obviam
1625 2702 1766 2770 perrexit.

1041 2785 1085 2839 dt.
1105 2786 1148 2841 De
1167 2786 1330 2841 Loubiensr'
1344 2789 1485 2843 caenobio.
1503 2789 1730 2844 Transeundum
1741 2793 1788 2844 est
1803 2791 1839 2845 ad

1006 2873 1172 2929 Lauhiense
1182 2876 1338 2930 cenobium
1348 2875 1432 2946 (285),
1443 2879 1522 2947 quod
1531 2879 1627 2932 sacris
1638 2879 1730 2933 initiis
1743 2881 1838 2934 sancti

1007 2961 1158 3016 landelini
1176 2965 1211 3018 ad
1233 2965 1303 3019 tanti
1326 2966 1459 3032 lionoris,
1473 2967 1522 3037 qui
1536 2983 1613 3020 nunc
1627 2972 1682 3032 est,
1698 2969 1837 3036 paulatim

106 3064 196 3129 reret,
215 3076 277 3115 non
291 3061 384 3115 deluit
399 3060 496 3113 divina
514 3059 618 3129 pictae,
636 3059 731 3112 sancti
750 3058 807 3111 viri
824 3058 943 3112 deside·
963 3058 988 3119 Ο
1004 3056 1178 3120 pervenerat
1188 3054 1313 3107 titulum.
1326 3052 1345 3126 [(
1355 3053 1385 3108 V.
1397 3055 1501 3123 Anio.)
1516 3055 1601 3108 Hunc
1612 3056 1749 3109 nimirum
1760 3057 1835 3109 Lan-

106 3151 182 3204 rium
210 3149 403 3219 completura.
421 3149 495 3202 Nam
511 3148 636 3219 quadam
653 3149 738 3201 nocte
754 3146 827 3216 pluit
842 3147 943 3200 Domi-

104 3255 160 3294 nus
176 3239 290 3306 nivem,
315 3240 343 3292 et
365 3253 480 3293 omnem
505 3236 659 3308 regionem
685 3236 797 3289 circum
813 3240 841 3289 et
864 3235 942 3289 cirea

105 3329 192 3382 niveo
208 3342 279 3382 rore
295 3327 450 3395 respersit,
468 3329 590 3394 excepta
606 3325 723 3394 paululo
738 3324 805 3393 loci,
818 3324 897 3393 quod
913 3325 943 3377 in

107 3415 282 3487 supradicto
296 3414 363 3468 vico
379 3414 410 3467 in
424 3414 541 3469 niodum
559 3414 696 3468 videlicet
712 3413 809 3468 crucis
826 3428 942 3482 resper-

108 3505 237 3576 gendum
261 3503 438 3558 reservavit.
461 3501 547 3566 Quod
569 3503 615 3555 vir
636 3502 688 3555 Dei
714 3517 769 3556 sua
794 3501 942 3556 desiderio

108 3594 215 3648 celitus
230 3592 396 3662 contigisse
418 3591 521 3645 altiore
546 3591 671 3646 consilio
686 3590 848 3660 intellexit3
865 3590 942 3643 divi-

108 3697 204 3754 noque
229 3681 341 3735 indicio
363 3682 472 3735 certior
495 3680 601 3749 lactus,
625 3696 694 3734 mex
714 3680 817 3734 eodem
832 3680 862 3732 in
878 3680 942 3733 loco

108 3769 323 3825 monasterium
347 3785 385 3823 ex
408 3769 526 3840 proprio
553 3772 671 3838 sumptu
697 3768 846 3837 lundavit3
865 3766 941 3837 qued

108 3860 192 3913 etiarn
210 3874 288 3913 suus
303 3858 447 3930 magister
461 3859 623 3912 Autbertus
636 3899 653 3925 „
664 3857 736 3911 viris
753 3872 854 3911 secum
872 3855 942 3908 reli-

110 3949 204 4019 giosis
219 3946 374 4016 adhibitis,
400 3946 430 3999 in
452 3947 567 4002 bonore
589 3946 790 4016 apostolorum
817 3944 893 3998 Petri
916 3947 945 3997 et

109 4036 189 4090 Pauli
205 4035 366 4089 dedicavit.
388 4034 490 4106 ibique
515 4035 561 4089 vir
585 4038 706 4089 sanatus
731 4033 856 4088 feliciter
876 4048 944 4087 eon·

112 4127 262 4192 versatus,
282 4122 441 4179 laudabilis
461 4123 530 4178 vitae
550 4124 735 4177 sanctitatem
751 4123 858 4176 ducere
873 4120 944 4175 ads-

112 4214 213 4268 tuduit.
240 4212 286 4266 Ad
308 4211 397 4283 eujus
422 4212 500 4282 piam
521 4212 776 4266 conversationem
792 4210 875 4266 multi
888 4209 944 4264 viri

1004 3139 1132 3194 dclinum
1149 3141 1177 3194 in
1191 3142 1322 3211 primeva
1338 3142 1456 3212 quidem
1468 3147 1552 3197 aetate
1565 3160 1581 3196 a
1592 3144 1676 3197 beata
1688 3144 1832 3199 helberto

1002 3228 1140 3297 pontifice
1152 3230 1257 3284 titteris
1268 3234 1296 3284 et
1306 3231 1438 3285 moribus
1455 3233 1551 3285 sacris
1567 3232 1719 3302 imbutum,
1732 3235 1836 3301 postea

1002 3333 1073 3371 vcro
1086 3317 1203 3373 fallente
1213 3319 1330 3373 diabolo
1342 3320 1381 3389 pii
1394 3321 1528 3391 magistri
1539 3320 1718 3391 profugium,
1732 3324 1835 3391 spreto
1883 3388 1886 3393 .

1003 3406 1140 3461 clericatu
1154 3408 1250 3462 manui
1261 3408 1447 3478 praedatoriae
1463 3409 1492 3463 in
1507 3409 1582 3464 libro
1598 3411 1666 3463 vitae
1682 3410 1778 3478 ipsius
1794 3410 1836 3464 le·

1001 3496 1101 3565 gimus
1113 3498 1267 3550 sociatum.
1281 3498 1376 3567 Hune,
1387 3499 1516 3570 inquam,
1527 3503 1683 3568 postquam
1692 3498 1836 3570 magister
1873 3482 1879 3491 ’

1002 3583 1238 3656 benignissimus
1256 3585 1393 3642 diuturna
1409 3589 1614 3642 lamentatione
1627 3586 1729 3657 etjugi
1745 3603 1833 3657 prece

1001 3674 1037 3727 ab
1048 3688 1150 3728 errore
1162 3680 1332 3763 revoqatum
1343 3677 1429 3746 quasi
1439 3681 1522 3746 pater
1531 3678 1622 3731 tilium
1634 3678 1833 3747 suscepisset,

1001 3777 1035 3815 ac
1050 3764 1184 3817 saucium
1200 3764 1277 3818 dulci
1294 3767 1477 3820 correctione
1493 3782 1526 3820 ac
1542 3766 1678 3821 benivola
1694 3767 1833 3821 consola-

1001 3850 1080 3904 tione
1097 3857 1274 3922 recreasset,
1296 3854 1326 3906 in
1345 3855 1499 3924 praelibata
1519 3855 1584 3910 loco
1607 3859 1675 3910 tunc
1690 3855 1832 3925 temporis
1895 3890 1897 3896 .

1002 3940 1135 3994 solitario
1151 3941 1292 3996 secedere
1309 3944 1429 4013 monuit,
1453 3949 1481 3998 ut
1502 3941 1719 4015 disciplinatius
1734 3944 1835 4015 videli-

1001 4031 1047 4086 eet
1063 4032 1159 4083 errata
1171 4031 1333 4101 corrigeret
1344 4036 1371 4086 et
1382 4033 1565 4087 emendatius
1574 4034 1696 4088 viveret.
1708 4035 1832 4089 Peracto

999 4119 1099 4189 itaque
1115 4117 1303 4173 habitationis
1319 4120 1444 4175 aedilicio
1464 4124 1493 4175 et
1511 4122 1541 4174 in
1557 4123 1747 4177 veneratione
1762 4138 1831 4192 apa-

1001 4207 1145 4261 stolorum
1160 4207 1238 4261 Petri
1254 4211 1282 4262 et
1298 4208 1381 4262 Pauli
1397 4213 1570 4263 consecrato
1587 4209 1670 4279 (286),
1682 4211 1831 4279 —paucis

111 4302 242 4372 religiosi
258 4301 472 4371 conduxerant,
491 4301 665 4372 traditisque
680 4300 801 4370 praediis
823 4302 852 4354 et
874 4309 985 4370 pro-D
1001 4295 1147 4366 siquidem
1168 4296 1241 4350 viris
1257 4297 1357 4351 nitidae
1372 4299 1440 4352 vitae
1455 4312 1556 4351 secum
1571 4298 1710 4368 receptis,
1723 4327 1758 4338 -·
1769 4314 1829 4353 mo·

112 4391 178 4458 priis
196 4390 289 4444 rebus
311 4406 376 4444 aum
398 4406 484 4444 sacro
506 4391 569 4444 viro
590 4390 743 4460 degentes,
761 4389 880 4443 advitae
895 4402 944 4441 re-

114 4479 222 4548 gularis
244 4495 379 4534 normam
399 4494 469 4532 sose
491 4478 738 4533 constrinxerant.
756 4478 829 4531 Cum
847 4479 944 4530 autem

114 4566 192 4622 locus
213 4585 228 4621 a
248 4568 375 4639 regibus
395 4570 423 4621 et
437 4566 622 4636 principibus
638 4566 823 4637 augmentari
839 4567 867 4619 et
883 4566 943 4619 fro-

114 4658 225 4727 qnentia
241 4657 366 4710 fratrum
381 4656 546 4726 populosus
564 4658 706 4724 coepisset
722 4654 842 4707 liaberi:
862 4657 891 4707 ut
907 4654 943 4707 li-

114 4745 209 4801 herius
226 4747 288 4800 Deo
305 4748 434 4811 vacaret,
447 4744 475 4797 in
488 4746 680 4798 secretiorem
695 4744 791 4797 locum
804 4742 941 4811 secessit,

114 4850 194 4906 quem
217 4836 306 4889 etiam
330 4835 427 4890 locum
448 4832 535 4903 paulo
554 4834 705 4903 posterius
722 4833 826 4886 dicam.
844 4831 943 4901 Hujus

114 4938 178 4978 rere
195 4924 290 4978 forma
305 4928 333 4977 et
349 4922 484 4993 exemplo
500 4921 605 4994 religio
617 4922 830 4976 monachorum
840 4924 943 4991 postea

113 5013 198 5067 multo
209 5016 342 5083 tempore
353 5012 490 5080 adolevit,
499 5011 553 5065 sed
564 5026 616 5080 per
628 5012 766 5065 incursus
778 5009 941 5082 gentilium,

112 5099 195 5156 immo
210 5105 239 5157 et
255 5117 308 5171 per
328 5101 450 5156 crebras
471 5100 634 5154 seditiones
649 5099 878 5154 domesticorum
894 5114 944 5152 sn·

1000 4385 1129 4438 uitiones
1148 4387 1176 4438 ct
1198 4386 1332 4438 mandata
1347 4387 1481 4458 magistri
1497 4402 1581 4456 aequa
1596 4386 1680 4441 lance
1696 4386 1786 4441 moris
1804 4390 1832 4441 ct

1001 4474 1100 4542 operis
1116 4474 1293 4543 adimplevit,
1311 4480 1338 4529 et
1355 4476 1389 4529 de
1406 4476 1452 4529 alie
1472 4477 1501 4529 in
1517 4477 1594 4530 diem
1609 4476 1779 4546 preficiens,
1796 4475 1833 4528 ad

1001 4564 1068 4616 vitae
1083 4563 1282 4618 sanctissimae
1299 4565 1415 4619 culinen
1428 4566 1618 4619 transcendit.
1632 4566 1690 4618 Ubi
1701 4558 1772 4618 iero
1785 4565 1831 4617 lo-

1002 4666 1054 4703 cus
1067 4651 1121 4705 viri
1132 4654 1225 4705 sancti
1234 4656 1281 4720 pia
1291 4656 1515 4709 conversatione
1526 4655 1632 4708 llorere
1642 4653 1793 4722 coepisset,
1804 4654 1833 4706 et

1001 4755 1037 4793 en
1048 4741 1256 4796 munitlcentiis
1272 4760 1376 4814 regum
1391 4745 1454 4798 sive
1470 4749 1619 4813 potentum
1633 4742 1833 4812 quorumlibet

1001 4834 1109 4899 quanto
1125 4831 1217 4884 rebus
1233 4834 1374 4901 exterius,
1392 4837 1471 4887 lanto
1487 4833 1573 4886 etiam
1590 4846 1711 4885 numere
1728 4847 1831 4885 mona·

1001 4918 1124 4972 eliorum
1149 4921 1273 4975 interius
1294 4921 1498 4975 habundaret:
1520 4937 1589 4974 mcx
1605 4921 1672 4974 inde
1688 4925 1831 4989 remotae,

1001 5007 1147 5076 siqnidem
1163 5012 1193 5062 ut
1209 5009 1270 5064 Deo
1285 5011 1417 5063 strictius
1434 5009 1663 5079 manciparetur,
1686 5011 1832 5064 secretio-

1001 5112 1063 5151 rem
1082 5097 1193 5168 loeum,
1216 5113 1303 5169 quem
1323 5098 1409 5168 paulo
1431 5102 1498 5168 post
1517 5099 1665 5168 dicemuS,
1693 5102 1833 5169 expetere

920 5218 1058 5281 NOTAE.

142 5356 219 5427 (280)
235 5356 372 5411 Walters
382 5354 550 5426 StHilaire,
562 5355 627 5409 sive
637 5353 769 5410 Walters
778 5370 815 5409 en
824 5354 873 5408 Fal
899 5370 945 5408 ne

108 5430 277 5485 Quadam
294 5427 595 5493 Fulcuinnmautem,
613 5443 677 5497 cap
693 5426 720 5495 t,
737 5371 946 5481 nantoniac-

107 5516 164 5556 rrus
181 5501 240 5555 hoc
257 5499 474 5554 monasterium
488 5498 628 5566 condidit,
645 5497 700 5552 sed
713 5468 888 5553 ’Ursmarus

153 5571 218 5642 281)
236 5570 401 5640 Fusciani,
419 5585 511 5643 prope
525 5572 655 5625 Avesne
673 5569 716 5624 Le
730 5569 820 5626 enar.

153 5642 224 5716 281)
234 5641 412 5712 nmmum,
427 5652 519 5715 prope
535 5641 712 5718 Mauheego.

325 5739 447 5800 Parnoi.
460 5738 591 5804 CXLIX.

1038 5350 1112 5424 (883)
1128 5353 1316 5409 Eihnmensis
1332 5369 1396 5409 sivo
1406 5353 1621 5422 virdunensis
1638 5353 1676 5411 ct.
1693 5371 1734 5426 ιιι,
1751 5352 1777 5410 6

1037 5425 1112 5495 (ιιι)
1128 5426 1303 5497 naueeuge

1036 5496 1112 5566 (285)
1128 5441 1277 5552 Lobbes.g

1039 5567 1113 5637 (286)
1133 5568 1300 5623 Secundum
1320 5566 1494 5624 Falcuinum
1513 5570 1543 5624 in
1558 5569 1658 5625 Gestis
1672 5568 1740 5625 abb.
1756 5567 1830 5623 Lab.

999 5641 1027 5700 t.
1046 5640 1209 5696 Ursmerus
1224 5639 1342 5697 demum
1357 5640 1414 5699 hoo
1429 5641 1509 5717 tecit,
1526 5656 1604 5699 euno
1621 5641 1683 5699 697.
1779 5640 1871 5766 ¹
