3900 6112
106 284 163 367 m
760 287 955 351 VICTORIS
977 289 1022 357 lit
1046 288 1169 357 PAPAE

104 489 279 560 excogitare
295 490 437 558 valentes,
457 489 492 541 ad
507 488 604 542 diviua
621 504 654 541 se
676 487 773 540 statim
791 487 942 540 contulero
959 469 983 528 Α
1039 484 1225 557 Theophilus.
1243 485 1305 540 lioc
1322 486 1495 541 miraculum
1509 489 1538 541 et
1560 487 1591 540 in
1608 486 1710 541 Veteri

108 577 257 647 praesidia.
274 577 356 630 Totis
376 578 474 646 itaque
492 575 607 628 viribus
624 579 651 628 ct
676 590 712 627 ex
729 575 827 627 intime
844 574 944 627 cerdis
998 578 1095 629 mente
1111 574 1146 628 ab
1157 574 1267 642 Blisco,
1283 578 1312 628 et
1326 575 1356 628 in
1371 575 1484 630 Necron
1499 573 1675 630 sactissimo
1689 575 1725 631 P.

108 664 216 720 affectu
232 665 460 734 omnipotentem
478 665 631 718 Dominum
648 680 756 734 rogare
781 667 944 732 caeperunt,
999 663 1077 717 dicto
1093 662 1201 716 factum
1219 663 1405 717 reminiscor.
1427 662 1486 718 Sed
1499 662 1569 717 dum
1586 663 1694 717 merita
1717 663 1730 717 i:

110 756 143 808 ut
168 753 281 807 meritis
307 753 339 806 B.
366 753 463 805 l‘atria
480 752 638 819 Benedicti,
655 768 712 821 que
730 753 832 806 ordine
848 751 944 818 vellet,
999 752 1176 821 illorumque
1187 751 1500 821 longedistantiaesso
1511 751 1730 822 perpendam

109 857 166 896 aun
176 842 286 896 virtute
302 845 446 895 monaster
455 842 512 894 inm
524 841 560 893 ab
571 841 705 894 inccndio
717 840 853 909 eriperet,
865 840 944 910 qued
999 839 1101 907 fatcor,
1114 840 1335 894 admirationem
1346 840 1382 894 de
1393 841 1450 895 hoc
1461 855 1558 910 nuper
1566 843 1687 910 patrato
1696 841 1730 895 mi

112 928 241 983 humane
256 945 343 983 mann
360 930 477 985 defendi
497 945 587 999 posse
603 930 721 998 penitas
738 928 944 999 desperabant.
998 928 1027 982 in
1043 929 1140 984 animo
1157 944 1221 982 mee
1237 928 1381 998 concipio.

110 1017 242 1088 Cumque
271 1018 319 1070 alii
338 1018 447 1071 erectis
464 1019 491 1071 iu
504 1018 609 1071 carlum
626 1018 772 1086 inanibus,
785 1022 872 1088 atque
896 1017 946 1071 alii
1034 1017 1222 1071 Desiderins.
1243 1017 1305 1071 llee
1321 1015 1441 1085 factum,
1459 1016 1638 1071 charissime
1655 1015 1730 1072 frate

110 1106 269 1176 prostratis
285 1106 314 1159 in
329 1109 406 1160 terra
423 1107 608 1176 corporibus,
626 1106 673 1159 alii
696 1107 781 1159 flexis
806 1107 944 1177 genibus,
999 1109 1109 1159 tantum
1121 1105 1341 1178 isti-simputarc
1352 1105 1508 1172 debemus,
1528 1104 1730 1176 quantumilli,

111 1194 162 1248 alii
186 1195 216 1248 in
246 1199 352 1248 terram
384 1195 525 1249 demissis
550 1195 695 1263 capitibus
719 1195 946 1264 onniipotcntem
994 1193 1048 1264 jus
1065 1194 1178 1247 meritis
1191 1195 1305 1256 contisi,
1320 1193 1347 1247 id
1362 1197 1661 1265 ageretentarorunt.
1679 1192 1730 1248 Ver

110 1282 266 1336 Dominum
283 1288 485 1352 precarentur,
501 1284 600 1336 salide
619 1299 709 1353 parra
721 1283 904 1359 ualrecploso
916 1284 945 1337 in
999 1298 1065 1337 rnen
1083 1283 1128 1335 ris
1142 1297 1261 1336 narrem
1276 1281 1387 1352 aliquid
1398 1281 1433 1335 de
1448 1281 1587 1335 obsessis
1601 1297 1619 1334 a
1634 1282 1730 1337 ‘Jaemd

114 1368 304 1439 hajaslutero
312 1372 419 1424 mentis
429 1371 584 1441 colligens,
594 1386 682 1440 supra
691 1386 831 1425 cacumen
838 1372 944 1440 ipsias,
998 1372 1066 1424 rina
1075 1371 1217 1443 largiente
1228 1369 1391 1439 clementia,
1403 1367 1637 1441 suffragantibus
1647 1369 1730 1425 aaa

110 1458 210 1513 divino
231 1459 393 1528 imperante
412 1462 551 1530 potentia,
569 1459 698 1513 dilatarit
709 1474 715 1526 3
728 1476 793 1530 quae
809 1475 877 1514 mox
888 1465 944 1514 tan·
1000 1460 1113 1514 maritis
1129 1460 1159 1512 in
1173 1459 1229 1513 boo
1245 1458 1313 1529 ojus
1328 1459 1511 1512 monasterie
1527 1459 1651 1524 caratis,
1671 1460 1730 1512 uta

112 1549 174 1602 tum
188 1546 312 1602 imbrem
327 1563 362 1602 ex
372 1565 405 1602 se
422 1547 579 1603 effundens
593 1549 753 1617 expressit,
768 1552 799 1601 nt
809 1549 944 1602 etineen-
999 1548 1071 1603 tium
1086 1549 1202 1603 animus
1214 1548 1311 1619 magis
1322 1562 1356 1601 ac
1368 1547 1464 1618 magis
1474 1546 1505 1600 in
1515 1546 1567 1601 Dei
1580 1546 1722 1603 laudibus

113 1634 194 1691 dium
209 1652 294 1690 omne
310 1637 525 1710 exstingueret,
547 1640 574 1690 ct
589 1637 707 1691 omuino
736 1637 945 1691 monasterium
1001 1637 1102 1705 lescat,
1115 1640 1202 1707 atque
1214 1637 1243 1690 in
1253 1651 1383 1691 amorem
1392 1651 1516 1690 summa
1525 1635 1692 1690 divinitatis
1702 1650 1730 1692 m

112 1723 262 1779 liberaret.
279 1725 562 1797 Studeamusigitur,
571 1726 689 1790 fratrea,
707 1726 945 1796 religioseacpie
961 1695 986 1755 Β
1002 1726 1074 1781 citer
1090 1726 1259 1780 incalescat.

112 1811 223 1880 vivere,
241 1817 269 1866 et
285 1817 394 1867 tantam
409 1817 574 1883 patronum,
593 1815 653 1868 Deo
670 1815 837 1881 serviendo,
848 1815 942 1884 prepi·
1044 1814 1229 1885 Tlieopliilas.
1243 1812 1390 1886 Quidquid
1410 1813 1448 1869 ad
1468 1813 1699 1868 aedificationem
1716 1827 1731 1868 a

113 1899 185 1953 tium
213 1901 476 1971 acquireretquia
505 1902 593 1972 capas
616 1902 946 1974 meritisnubeshnjus
1005 1903 1290 1971 tiumdiccrcvelis,
1308 1908 1730 1974 prosequerezegeautemn

117 2002 259 2042 cacumen
280 1991 388 2043 mentis
404 1990 523 2058 obtexit,
540 1995 626 2061 atque
639 2006 674 2043 cx
687 2008 720 2045 se
730 1992 884 2060 copiosum
895 1992 947 2044 im·
1005 1995 1154 2064 gratanter
1168 1990 1336 2046 auscultare
1351 1992 1501 2061 profiteor.

112 2073 196 2128 brem
212 2077 392 2147 exprimenS,
410 2077 577 2134 incendium
594 2079 746 2146 exstinxit,
758 2078 824 2150 ejus
839 2080 946 2133 nibilo-
1041 2077 1730 2149 DesideriasQuidampuerimdemelrospituo

114 2163 213 2218 minus
230 2167 505 2235 prociliuS,sierin1
526 2168 629 2221 sedule
653 2184 687 2220 oe
701 2168 816 2236 (terrete,
833 2183 949 2237 praere·
1007 2185 1074 2222 curn
1090 2166 1216 2237 patroio
1231 2167 1337 2222 lectulo
1354 2166 1477 2234 cubans,
1494 2167 1613 2221 eumad
1631 2182 1730 2223 necem

116 2251 214 2306 niente
238 2253 314 2308 bono
331 2269 430 2325 opere,
462 2256 679 2327 regenerande,
705 2256 740 2309 ab
762 2257 950 2309 aestuantium
1008 2257 1142 2326 corperis
1158 2255 1187 2309 in
1205 2256 1271 2325 ipso
1286 2255 1382 2309 noctis
1397 2254 1514 2309 silentio
1530 2256 1725 2325 surrexisset

114 2339 253 2395 vitiorum
270 2342 396 2412 flamma,
415 2343 513 2397 diviua
538 2345 718 2398 concedente
735 2344 949 2415 misericordia,
1007 2346 1114 2417 ingens
1129 2345 1175 2399 leo
1190 2343 1328 2398 dentibus
1345 2342 1487 2411 tremene,
1504 2359 1571 2397 eum
1587 2344 1730 2412 paratae<¹

111 2427 313 2489 liberabimur.
1008 2451 1078 2505 pere
1091 2433 1252 2505 unguibus,
1266 2432 1323 2486 sibi
1339 2432 1663 2503 horrendusapparuit3
1673 2432 1730 2505 qui¹

152 2517 284 2582 Quodam
303 2523 433 2590 tempore
463 2521 530 2589 dn,
554 2522 631 2576 sicat
655 2523 692 2576 ab
719 2524 756 2577 iis
779 2524 951 2593 quioptimc
1008 2524 1098 2578 nimio
1114 2523 1272 2577 exterritus
1292 2521 1470 2589 vociferans,
1487 2521 1517 2574 iu
1533 2526 1646 2575 terram
1662 2537 1730 2577 corn

117 2612 262 2661 noverant
284 2610 403 2679 agnovi,
432 2611 499 2663 dum
524 2611 631 2665 fratres
662 2610 752 2682 liujus
782 2611 952 2666 monasterii
1009 2612 1216 2682 cujusvecem
1231 2626 1298 2664 mox
1322 2610 1678 2679 turbatuspatercleete
1701 2625 1730 2664 sn

116 2695 275 2749 ecelesiam
293 2697 325 2751 B.
336 2698 528 2753 Scholastica
546 2700 672 2771 virginis
694 2702 768 2754 intra
783 2700 952 2771 Cajetauarn
1009 2701 1136 2754 festinus
1152 2699 1189 2753 nd
1204 2715 1280 2768 cum,
1299 2696 1441 2768 valdeque
1456 2698 1563 2752 anxius
1579 2699 1718 2768 accessit,

113 2783 233 2852 urbem,
262 2789 407 2855 quotenus
437 2787 504 2840 dum
534 2789 569 2841 ad
596 2789 711 2858 aliquas
743 2805 791 2843 res
811 2790 952 2842 emendas
1009 2789 1176 2857 clamasset,
1192 2788 1238 2842 vel
1254 2786 1323 2857 qnid
1340 2786 1396 2840 sibi
1408 2786 1569 2855 evenisset,
1584 2785 1730 2856 primadil

118 2872 227 2926 ibidem
250 2878 417 2945 pergerent,
445 2877 662 2945 receptaculum
687 2877 796 2932 babere
817 2880 950 2946 possenti
1008 2876 1367 2946 sollicitnsinterrogevit.
1381 2874 1599 2930 lllcimmanem
1613 2876 1725 2930 leonem

113 2965 336 3032 construerent,
360 2964 478 3034 qnidam
503 2981 539 3019 ex
565 2967 710 3035 operariis
728 2966 756 3018 in
786 2966 952 3029 summitate
969 2947 1040 3020 Ceo
1055 2966 1220 3020 venientem
1236 2963 1447 3018 tremebundus
1461 2978 1497 3017 ac
1511 2962 1658 3032 palpitans
1673 2963 1730 3017 vidi

115 3050 211 3120 rupis,
228 3052 334 3121 quaein
351 3054 445 3123 capite
463 3054 590 3107 civitatis
606 3054 869 3124 maripracominet,
880 3069 952 3106 saxa
1007 3054 1114 3109 retulit.
1131 3055 1224 3118 Quem
1247 3057 1330 3121 pater
1344 3051 1496 3105 blanditiis
1518 3050 1730 3119 demulcens‚ii

115 3138 370 3208 quibusccclesiae
380 3142 509 3211 parietes
520 3145 774 3210 construerentur,
786 3141 950 3212 frangebat.
1006 3143 1292 3212 propriisacceptam
1301 3139 1617 3194 reduxitadlectnlum.
1626 3138 1730 3194 Seddia

112 3227 171 3292 Qui
193 3244 259 3281 eum
288 3230 428 3284 attentius
454 3230 556 3284 cadom
581 3247 653 3283 saxa
679 3230 781 3284 nrarlleo
806 3234 950 3300 quateret,
1006 3231 1096 3302 quiin
1108 3229 1207 3298 specie
1221 3227 1316 3281 leonis
1329 3227 1385 3281 sibi
1397 3232 1583 3298 apparuerat,
1600 3227 1730 3282 ineumi

114 3314 193 3370 idom
210 3317 335 3371 mallens
351 3318 386 3371 de
408 3319 563 3372 manubrio
588 3319 702 3386 recidit,
729 3334 763 3371 ae
778 3335 830 3388 per
846 3319 952 3390 ingens
1007 3334 1071 3388 sae,
1080 3321 1148 3388 post
1158 3316 1341 3387 aliquotdies
1351 3316 1615 3370 vehementissime
1625 3330 1730 3371 vexare

112 3405 323 3475 praecipitium,
341 3406 533 3475 quodibidem
550 3407 675 3475 patebat,
687 3407 952 3475 delapsusinmare
1007 3408 1138 3477 Cumque
1153 3406 1188 3459 ad
1205 3404 1362 3459 ecclesiam
1378 3409 1445 3458 ante
1461 3405 1551 3459 attare
1563 3405 1730 3459 Beatissimi

114 3492 243 3549 cecidit:
260 3493 951 3564 quivaldecontristatusquodercneratdam·
1007 3496 1075 3549 dieti
1093 3498 1174 3549 esset
1198 3493 1352 3562 adductus,
1370 3493 1476 3547 mirum
1498 3493 1527 3545 in
1552 3493 1681 3562 modam,
1704 3494 1730 3547 ia

114 3595 162 3647 no,
179 3580 215 3633 od
233 3580 339 3633 fratres
361 3580 408 3633 nbi
434 3582 563 3650 parietes
593 3582 730 3636 ecclesiae
755 3582 949 3652 aedificabant,
1007 3582 1231 3638 rnentoclausis
1248 3580 1730 3652 oeulisprest1·atasjaeenS,qai‹

112 3667 249 3737 protinus
265 3669 353 3736 veuit,
367 3672 394 3722 et
409 3685 453 3735 ca,
470 3685 536 3739 qaae
552 3670 610 3723 sibi
626 3672 804 3740 aireiderunt,
817 3687 948 3726 moerens
1007 3671 1179 3726 monosterii
1193 3674 1306 3740 portam
1322 3669 1554 3741 ingrediebatur,
1568 3686 1639 3724 mox
1655 3669 1721 3741 ejus

113 3755 221 3810 retulit.
239 3756 372 3828 Cumque
383 3773 454 3826 spos
464 3760 697 3829 recuperationis
710 3765 791 3814 esset
801 3761 907 3828 oblate,
920 3766 950 3816 et
1006 3760 1199 3831 exprimebat,
1217 3759 1339 3813 dicens:
1357 3758 1448 3825 Talis,
1461 3758 1507 3812 vel
1521 3759 1589 3812 talis
1606 3759 1730 3829 homept

115 3844 475 3915 alterumsibimalieum,
492 3863 550 3918 que
567 3864 638 3902 saxa
654 3849 689 3902 ad
706 3849 842 3904 eeclesia
857 3850 950 3904 aediti·
1006 3853 1064 3903 tam
1089 3847 1175 3900 medo
1191 3844 1363 3899 monasterii
1393 3844 1568 3915 ingreditur.
1595 3843 1721 3908 Quidam

115 3932 193 3986 cium
207 3933 426 4006 frangerentur,
443 3936 506 3990 lieri
524 3937 725 4005 decreverant,
743 3954 844 3993 anese
861 3937 953 3992 fratri·
1006 3938 1099 3991 feriter
1110 3952 1175 3990 eam
1188 3950 1278 3988 causa
1290 3933 1466 3989 obedientiae
1477 3950 1492 3987 o
1504 3933 1730 3989 monasterioad

114 4020 173 4076 bus
197 4022 293 4077 ciixit:
324 4023 548 4079 Descendamns
577 4026 656 4095 illae,
685 4026 802 4094 fratres,
829 4026 951 4082 forsitan
1007 4031 1063 4081 tem
1088 4024 1307 4091 descendisset,
1333 4021 1521 4076 ‹laodocima
1542 4016 1670 4092 quodam
1695 4038 1728 4077 ac

114 4109 148 4164 B.
165 4110 418 4166 lienedietussuis
429 4115 542 4168 inuritis
559 4115 646 4168 nobis
656 4115 791 4168 malleum
805 4117 949 4183 restituet,
1006 4113 1275 4182 denarios,oosque
1282 4111 1410 4180 propriae
1419 4110 1552 4164 utilitatis
1564 4111 1660 4181 gratio
1670 4125 1730 4164 ocor

115 4199 165 4270 qui
184 4200 856 4272 quondamGotlioferramentumexprofunde
867 4203 950 4257 lacus
965 4189 989 4249 D
1006 4201 1091 4272 piens
1107 4200 1165 4254 sibi
1183 4200 1211 4252 in
1227 4199 1325 4253 sinum
1341 4199 1430 4252 misit.
1447 4196 1519 4251 Cum
1536 4200 1634 4252 autem
1645 4200 1681 4253 ad
1697 4214 1730 4252 nn

113 4287 288 4343 mirabiliter
302 4289 480 4345 abstrahens
493 4291 627 4358 reddidit,
637 4296 723 4361 atque
738 4291 772 4344 ad
786 4307 861 4361 epus
872 4293 950 4363 qued
1007 4291 1081 4344 riam
1094 4304 1249 4357 reversus,
1263 4288 1298 4340 ad
1310 4302 1433 4357 puerum
1445 4286 1591 4355 inlocum,
1602 4303 1661 4358 quo
1670 4301 1730 4341 roxa

114 4380 252 4445 caeperat,
269 4377 368 4431 laetam
385 4379 509 4432 remisit.
531 4378 644 4432 l’taeuit
659 4396 759 4433 sermo
775 4395 875 4433 eoram
891 4397 951 4434 cae·
1007 4379 1201 4446 accessisset,
1218 4377 1316 4430 statim
1332 4376 1467 4430 diabolus
1483 4375 1539 4429 hoc
1555 4376 1644 4430 medo
1660 4391 1726 4429 eum

113 4464 197 4531 teria,
210 4468 238 4518 et
249 4465 465 4520 descendentes
481 4467 516 4520 ad
537 4483 617 4522 mare
633 4468 803 4522 naviculam
819 4473 889 4523 sunt
905 4469 951 4522 in·
1008 4467 1092 4538 pueri
1107 4482 1205 4520 eoram
1217 4465 1360 4518 fratribus
1371 4463 1513 4518 infamare
1527 4463 1627 4532 eoepit,
1640 4463 1731 4518 dicent

115 4553 235 4623 gressi:
263 4558 499 4625 regyrantesque
520 4556 616 4609 sinum
641 4557 778 4626 civitatis,
808 4562 952 4612 venerunt
1007 4555 1310 4610 necliusisteeontra
1335 4552 1532 4623 regalamsni
1552 4552 1667 4606 ordinis
1689 4551 1730 4606 du

116 4641 360 4712 adlocamiuqao
372 4642 428 4696 suh
445 4643 758 4714 praedietoproecipitie
774 4661 809 4699 ex
826 4645 951 4715 operarii
1007 4643 1145 4698 denarios
1160 4659 1176 4694 a
1191 4642 1240 4695 toli
1263 4643 1327 4695 viro
1343 4641 1494 4709 accipiens
1516 4655 1609 4693 eausa
1633 4639 1730 4709 propri

116 4730 254 4784 manibus
279 4730 433 4785 dissiliens
450 4732 574 4786 malleus
589 4733 638 4787 ilie
655 4733 803 4786 ceciderat
820 4750 826 4787 :
843 4733 873 4786 in
893 4749 951 4803 quo
1008 4733 1096 4799 modi,
1114 4730 1277 4786 occultatos
1294 4729 1400 4783 retinet
1414 4728 1443 4780 ia
1463 4727 1542 4781 sinn.
1560 4727 1656 4799 Igitur
1671 4743 1730 4782 eum

115 4819 253 4874 videlieet
277 4823 354 4873 tanta
369 4824 432 4874 erat
447 4836 588 4890 aquarum
614 4820 809 4890 profunditas,
831 4825 862 4876 ut
881 4837 952 4891 spes
1008 4818 1730 4890 tribusinterrogareturutrumnamreraessentc

116 4909 313 4980 recuperandi
329 4908 410 4963 illum
423 4924 477 4979 per
492 4908 610 4980 aliquod
627 4910 785 4964 humanum
802 4911 953 4981 ingenium
1008 4925 1075 4979 quae
1090 4909 1229 4978 antiquus
1245 4906 1341 4960 hostis
1357 4920 1411 4976 per
1432 4920 1466 4959 es
1489 4905 1587 4958 vexati
1613 4905 1671 4959 sibi
1691 4904 1730 4972 ob

116 4997 196 5052 nulle
213 4997 332 5052 omnino
349 4997 534 5068 persisteret.
552 4998 645 5069 lgitnr
659 4998 763 5052 contisi
776 4996 812 5053 de
822 4999 954 5069 omnipo·
1009 5014 1076 5051 mex
1091 4997 1140 5051 illo
1152 5012 1235 5050 suam
1247 4995 1400 5049 clamitans
1412 4993 1537 5062 culpam,
1550 4993 1671 5049 omnino
1682 4991 1730 5049 idi

120 5085 209 5139 tontis
225 5084 277 5139 Dei
294 5085 441 5156 adjutorio
457 5088 484 5140 et
502 5085 614 5139 meritis
630 5086 662 5140 e.
679 5085 776 5141 Patris
790 5087 952 5155 Benedicti,
1009 5085 1167 5155 professus
1183 5087 1237 5138 est.

117 5173 304 5234 manubrium
320 5175 349 5228 in
367 5190 486 5245 aequora
501 5175 626 5229 mittunt.
656 5173 763 5228 iliram
778 5176 807 5229 in
824 5175 952 5244 medum,
1045 5168 1455 5243 dlterquequcfrater,cujus
1466 5183 1730 5236 nomeu,neverec

117 5275 185 5314 mox
201 5261 314 5316 ferrum
326 5263 479 5317 manubrio
497 5264 631 5332 adhaesit,
645 5268 673 5318 et
687 5264 876 5318 extrahentes
888 5280 955 5318 eam
1009 5264 1146 5332 patiatur,
1170 5260 1281 5326 emitte,
1306 5274 1343 5312 ex
1369 5258 1426 5311 aiio
1448 5257 1632 5313 monasterie
1655 5274 1719 5313 sne

120 5346 211 5415 feras,
230 5350 342 5420 gratias
356 5355 478 5422 agentes
491 5353 551 5406 Deo
567 5353 636 5407 etll.
653 5353 813 5406 Benedieto
825 5352 955 5423 ganden—
1010 5367 1099 5405 eausa
1122 5350 1157 5402 ad
1172 5354 1305 5402 nostrum
1323 5347 1477 5414 deductas,
1492 5345 1621 5416 quadam
1637 5348 1723 5402 noeto

118 5438 163 5490 tes
178 5437 214 5490 ad
231 5453 320 5506 opera
336 5455 388 5492 sno
405 5445 475 5494 suut
488 5443 611 5495 reversi.
1010 5443 1130 5493 cturnas
1141 5437 1270 5509 vigilias,
1280 5436 1436 5490 lectionem
1452 5435 1488 5489 de
1500 5434 1604 5488 Veteri
1619 5434 1730 5489 Testae

155 5590 211 5661 (u)
234 5591 387 5648 lteeitatnr
402 5594 490 5650 etiam
505 5596 562 5651 hec
576 5597 753 5653 miraculum
768 5612 783 5650 a
798 5596 878 5652 Petr.
896 5596 1025 5651 Diaceno
1041 5596 1070 5650 in
1093 5610 1183 5650 serm.
1212 5609 1268 5647 ms.
1286 5592 1322 5647 de
1333 5594 1389 5646 oct.
1410 5590 1511 5646 Sancti
1524 5590 1690 5647 Benedicti.
