3900 6112
105 219 166 284 823
465 220 685 292 WlLLELMI
698 220 882 284 CALCULI
903 221 1249 287 GEMMETIOENSIS
1265 223 1467 291 MONAGHI
1492 250 1502 264 ·
1557 243 1560 246 ’
1767 227 1827 295 8³4

111 421 251 476 descentc
267 419 482 492 ingredientem
492 419 570 473 viam
586 419 735 475 universae
747 419 846 474 earnis
866 400 984 475 ulte-A
1034 420 1197 493 Hucusque
1206 421 1332 495 digesta,
1340 423 1617 496 proutaRodulpbo
1624 423 1733 482 comite
1740 423 1830 497 hujus

109 512 173 567 rius
188 510 298 566 habere
313 526 372 563 non
386 507 522 579 potestis,
546 508 680 577 deposito
696 525 785 565 onere
800 509 868 563 vitae
880 524 941 563 cor·
988 508 1083 579 ,ducis
1098 509 1198 578 fratre,
1225 526 1332 583 magno
1347 514 1375 565 et
1393 511 1519 569 honesto
1535 514 1610 584 viro,
1627 517 1748 570 narrata
1762 517 1829 570 sunt

109 600 258 671 ruptibilis
288 621 299 647 l
315 598 370 652 His
386 597 422 652 ab
448 612 483 652 eo
498 598 623 669 lugubre
647 597 780 666 prolatis,
805 597 941 667 protinus
988 580 1123 670 collegi,
1140 614 1206 669 qum
1222 599 1365 655 scholasti
1379 600 1536 656 dictamine
1559 604 1675 675 scripta
1694 602 1826 675 relinquo

109 693 171 748 tota
203 688 309 744 domus
345 685 511 741 concutitur
545 686 704 757 gemitibus
733 688 761 740 et
788 685 939 756 lacrymis
997 687 1138 757 posteris.
1153 687 1231 742 Obiit
1245 691 1344 759 autem
1367 689 1445 759 apud
1461 690 1643 747 Fiscannum
1662 690 1827 747 Richardns

109 778 241 834 Tandem
255 775 375 831 ssetibus
389 774 506 844 sopitis,
523 789 682 828 assensum
697 773 832 844 praebent
842 773 943 828 volun·
997 775 1057 830 dux
1067 776 1191 846 primus,
1202 776 1342 832 flentibus
1351 779 1480 848 populis,
1492 779 1824 852 gaudentibusangelis,

110 867 162 922 tati
177 866 274 934 ducis,
288 863 468 918 lliehardum
482 862 710 931 adolescentem,
727 866 811 932 poeta
826 863 853 916 ei
869 862 941 916 fide·
996 865 1221 936 nongentesimo
1237 867 1440 937 monagesimo
1456 870 1540 924 sexto
1556 884 1633 925 anno
1643 869 1681 924 ab
1697 869 1826 924 iucarna-

110 956 201 1024 litate,
213 953 419 1025 aequanimiter
430 951 629 1005 collaudantes
644 951 818 1022 principem,
829 950 942 1005 Dehine
997 953 1075 1006 lione
1085 953 1212 1008 Domini.
1222 955 1375 1024 Regnaute
1390 954 1495 1011 eodem
1509 957 1635 1013 Domino
1644 957 1851 1033 nostrolcsr-

111 1045 255 1117 languore
271 1044 509 1114 ingravescente,
532 1040 608 1094 lecto
623 1040 830 1109 prosternitur,
847 1043 884 1107 et,
904 1038 939 1092 li·
996 1039 1125 1111 Christo,
1142 1043 1276 1112 quicum
1300 1043 1388 1098 Putre
1409 1047 1437 1098 et
1456 1043 1567 1115 Spiritu
1587 1051 1691 1101 sancto
1714 1046 1785 1100 vivit
1797 1062 1851 1121 eg

110 1132 206 1187 bratis
222 1146 342 1185 sursum
358 1128 464 1197 oculis,
484 1129 561 1184 inter
572 1128 662 1184 verba
678 1128 820 1184 orationis
835 1127 942 1198 plenus
997 1134 1101 1201 regnat
1111 1131 1141 1184 iu
1158 1130 1270 1186 saecula
1286 1132 1476 1188 saeculorum.
1493 1134 1598 1189 Amen.

110 1221 227 1276 dierum
245 1220 382 1291 spiritum
397 1218 518 1274 eissuvit.

110 1370 229 1381 “’
269 1482 754 1643 rnsronnu
808 1482 1670 1644 uerrunlnuouuu

766 1751 919 1831 LIBER
942 1751 1169 1845 QUINTUS,

526 1921 570 1976 De
585 1919 714 1976 secundo
728 1918 879 1975 Rioberdo
893 1916 1208 1990 duce,dliollicl1ardi
1221 1921 1398 1991 superioris.

375 2089 500 2146 CAPUT
514 2089 680 2145 PRIMUM.
958 2069 984 2131 Β
998 2087 1089 2159 phum
1104 2089 1239 2144 comitem
1254 2104 1320 2144 cum
1335 2089 1460 2144 militum
1473 2089 1726 2147 multitudineillis
1736 2091 1803 2147 desti·

113 2200 158 2256 De
173 2201 296 2256 honesta
317 2198 545 2253 conversatione
559 2197 684 2252 secundi
708 2196 864 2265 Riclrardi,
886 2203 944 2250 tam
999 2179 1088 2248 navit,
1103 2180 1152 2249 (lul
1163 2181 1314 2250 flilfflSlem
1330 2177 1512 2234 s0l⁰⁰i¹³l0m
1524 2182 1552 2234 0¹
1564 2181 1803 2235 ruslifflmdillffit

194 2273 225 2325 in
240 2268 438 2325 soecularibns
451 2286 534 2341 quam
551 2270 581 2322 in
593 2269 707 2322 divinis
718 2268 856 2339 repotiis.
998 2271 1042 2321 ret
1052 2269 1234 2321 concionem.
1246 2265 1311 2336 Qui,
1322 2268 1612 2340 noumorausjussa,
1631 2272 1751 2326 cunctos
1760 2283 1804 2324 coa-

146 2361 289 2427 Quoniam
305 2359 422 2430 quidem
447 2358 546 2429 dignis
574 2358 791 2426 praeconiorum
803 2356 894 2411 titulis
914 2356 944 2409 in
999 2354 1805 2429 lestimlegatoseumnonnullisaliiscepit,truncatisque

111 2450 351 2522 praecedentibus
367 2448 575 2518 pretiosissam
589 2446 698 2500 Christi
719 2457 875 2518 gemmam,
894 2446 942 2500 lli·
998 2444 1134 2498 munibus
1150 2460 1184 2497 ac
1200 2445 1325 2513 pedibus
1339 2445 1458 2500 inutiles
1466 2447 1530 2501 suis
1541 2447 1667 2516 remisit,
1685 2448 1733 2520 qui
1744 2462 1806 2502 cosa

113 2541 256 2594 ebandum
268 2537 382 2592 scilicet
392 2535 662 2590 Northmannorum
671 2536 776 2589 ducem
785 2535 943 2589 extulimus
997 2532 1106 2587 talibus
1116 2534 1381 2603 compescerent,et
1392 2550 1428 2589 ne
1437 2535 1581 2589 deteriora
1587 2534 1807 2605 paterentursuis

113 2631 142 2683 et
151 2627 253 2682 ecterni
267 2626 349 2697 regis
359 2626 466 2679 annulo
476 2625 616 2679 decenter
632 2625 830 2692 inseruimus3
845 2639 943 2693 opcrae
998 2621 1153 2676 eventibus
1170 2625 1273 2677 cautos
1295 2622 1463 2678 redderent.
1487 2624 1543 2678 His
1562 2624 1669 2679 rustici
1689 2624 1808 2696 expertis,

112 2716 241 2787 pretium
259 2715 375 2768 videtur
396 2718 427 2768 ut
457 2714 656 2768 carbunculus
672 2714 707 2767 ab
723 2712 789 2783 ipso
805 2713 943 2767 exoriens
992 2706 1136 2764 'festinato
1152 2709 1346 2765 concionibus
1368 2711 1502 2783 omissis,
1529 2712 1637 2769 adsue
1652 2712 1810 2768 aratrasunt

115 2804 287 2872 secundam,
311 2802 398 2857 sicuti
414 2802 443 2855 in
460 2802 589 2870 nomine,
606 2802 645 2856 ita
660 2802 689 2854 in
705 2801 944 2872 praeclarissimae
998 2799 1136 2853 reversi..

114 2893 306 2966 ingenuitatis
323 2891 441 2963 eulogio
452 2891 585 2945 absidam
596 2893 693 2945 teneat
703 2888 944 2961 Richardusejus
1315 2888 1442 2945 CAPUT
1466 2888 1515 2943 Ill.

113 2982 261 3054 siquidem
282 2981 371 3050 filius,
384 2979 560 3034 militaribus
575 2978 732 3049 triumphis
749 2978 855 3048 oppido
872 2993 944 3033 con·
999 2976 1042 3031 Da
1052 2976 1217 3033 rebellione
1228 2977 1377 3033 Willelmi
1391 2978 1539 3033 naturalis
1553 2978 1665 3034 fratris
1673 2980 1762 3052 ipsius
1771 2977 1810 3034 du·

114 3072 352 3141 spieuuS,etnou
367 3068 473 3122 minori
483 3068 603 3123 laudum
614 3067 740 3136 tripudio
751 3067 943 3122 excolendus.
1036 3049 1089 3116 cis,
1108 3050 1155 3102 ⁶115
1170 3049 1295 3104 ‘fedeli‘
1313 3049 1501 3104 Orimenscm
1516 3050 1696 3121 mmmmm·
1714 3059 1743 3105 0⁶
1758 3064 1810 3122 lim·

113 3159 169 3225 Qui
182 3160 229 3214 sui
247 3158 373 3230 fulgoris
388 3157 489 3212 radios
505 3156 793 3228 perdiversosorbis
809 3157 945 3211 cardines
1035 3119 1424 3259 ’ἴθῗέἰέἷὶτυεγνὸἒέἕξέἑ
1440 3126 1608 3246 ἒέὧῖῖζεξῶ
1622 3120 1811 3248 ἒῗεῖἰεέοέἑὲ

114 3248 247 3320 glorioso
261 3248 378 3302 nornine
389 3262 547 3318 spargens,
557 3247 633 3301 intra
645 3247 693 3301 sui
703 3247 827 3301 ducatus
837 3246 945 3301 limites
961 3291 984 3352 c
1036 3260 1194 3317 (101103009
1214 3264 1247 3325 η,
1260 3278 1324 3316 cum
1347 3263 1532 3319 chscenr'na
1549 3269 1579 3318 32
1601 3262 1639 3320 αθ
1658 3263 1732 3319 pff,
1748 3263 1810 3334 effi.

114 3336 251 3408 plurimis
267 3337 413 3390 bonorum
429 3350 551 3406 operum
562 3336 753 3390 incrementis
765 3335 947 3390 Northmau-
1036 3331 1101 3386 dem
1118 3279 1275 3387 Willglmi.

114 3426 211 3480 nicam
225 3440 301 3495 pene
315 3425 438 3493 patriam
449 3440 537 3478 unam
550 3423 662 3478 Christi
672 3423 829 3496 insignivit
844 3423 946 3479 Eccle·
1035 3419 1145 3474 Eadem
1160 3423 1333 3492 tempestate
1353 3422 1510 3492 quemdam
1525 3422 1612 3479 ducis
1626 3438 1687 3479 uuo
1701 3438 1737 3478 ex
1747 3423 1809 3491 palm

115 3514 200 3567 siam.
219 3513 314 3566 Hicin
329 3513 420 3566 armis
436 3512 593 3566 admodum
606 3516 759 3583 strenuae,
777 3513 886 3584 ubique
897 3528 946 3566 ar·
1001 3508 1121 3563 fratrem
1135 3509 1376 3583 primogenitum,
1396 3512 1515 3566 nomine
1535 3511 1731 3579 Willelmum,
1752 3523 1808 3582 quo·

116 3603 209 3654 metas
221 3600 345 3654 militum
360 3600 496 3671 legiones
511 3600 648 3655 nobiliter
662 3602 738 3656 rexit
762 3602 797 3656 de
818 3601 946 3657 inimicis
1000 3598 1133 3652 rumdam
1151 3600 1299 3669 protervia
1326 3600 1530 3670 improborum
1544 3599 1615 3656 fecit
1635 3600 1770 3656 tumidum
1788 3598 1809 3652 et

115 3690 270 3744 victoriam
287 3704 405 3758 semper
420 3703 525 3758 capere
540 3693 690 3745 assuctus
701 3691 737 3745 Et
745 3692 879 3762 quamvis
890 3707 946 3746 sae-
1000 3685 1141 3742 rebellem
1159 3728 1166 3741 .
1183 3686 1212 3742 Is
1224 3687 1441 3743 euimirateruo
1451 3688 1807 3745 contubernoOximenson
1823 3676 1826 3681 ’

117 3778 211 3833 culari
234 3779 311 3833 actui
336 3777 411 3832 loret
426 3778 552 3849 deditae,
578 3782 657 3834 totus
685 3783 782 3834 tamen
811 3779 865 3834 luit
889 3781 946 3837 fide
1000 3776 1036 3831 ab
1052 3776 1117 3846 ipso
1130 3776 1280 3847 accipiens
1296 3777 1609 3846 munerecomitatum,
1629 3781 1662 3832 ut
1676 3771 1807 3833 iudeexlt'r

115 3866 280 3921 catholicus
296 3869 404 3938 eterga
421 3866 473 3920 Dei
489 3866 618 3922 cultores
634 3868 797 3924 benevolus
808 3885 843 3923 ac
858 3870 946 3925 devo·
1000 3864 1085 3919 beret
1100 3863 1125 3918 ei
1145 3864 1255 3919 mililiae
1271 3867 1389 3934 statuta,
1406 3881 1565 3935 pravorum
1584 3865 1704 3922 illectus
1718 3860 1808 3920 callidi·

112 3958 172 4011 tus.
194 3956 255 4011 Sub
271 3955 357 4026 cujus
374 3956 572 4011 moderamine
593 3958 718 4026 plurima
735 3958 946 4014 monachorum
1000 3955 1068 4024 tute,
1085 3953 1245 4008 dominium
1259 3952 1326 4024 ejus
1340 3955 1463 4025 sprevit,
1483 3957 1512 4010 et
1526 3955 1562 4010 ab
1578 3954 1660 4011 illius
1685 3950 1808 4009 fidelitati·

114 4045 271 4100 adolevere
287 4045 384 4112 ovilia,
403 4045 453 4115 qui
469 4045 548 4099 velut
569 4061 639 4116 apes
651 4062 689 4100 ex
704 4048 803 4102 multis
824 4051 946 4104 saneto·
1001 4042 1146 4113 Obsequio
1162 4058 1195 4096 8⁰
1211 4041 1352 4097 00hibuil·
1370 4042 1426 4107 Qui
1441 4043 1510 4098 dum
1525 4058 1579 4113 ptr
1593 4042 1710 4116 legatos
1726 4041 1809 4097 adlit

113 4150 180 4189 rum
194 4137 312 4188 actuum
332 4134 473 4187 canistris
493 4139 691 4205 erumpentes,
713 4135 896 4194 lucidissima
915 4141 946 4194 in
1001 4131 1113 4201 saepius
1130 4130 1350 4202 Oltjurgffl'elffl',
1364 4136 1392 4186 θῑ
1406 4132 1442 4186 ab
1451 4147 1526 4187 ³⁰⁸⁰
1536 4132 1718 4204 resipiscere
1730 4128 1809 4197 milti

114 4223 254 4278 coelestes
265 4223 425 4277 thesauros
441 4223 601 4278 intulerunt
616 4225 713 4280 mella,
1000 4218 1139 4273 consultu
1162 4222 1192 4273 et
1218 4219 1326 4274 auxilio
1357 4219 1504 4292 Rodulphi
1528 4221 1646 4276 comitis
1670 4216 1812 4292 captusit

438 4311 565 4368 CAPUT
581 4314 614 4368 ll.
1002 4307 1254 4378 Rothomagensis
1269 4308 1354 4363 urbis
1369 4312 1451 4363 turre
1467 4309 1645 4380 detruditur,
1661 4302 1811 4365 temeritab‘t

115 4418 943 4494 Quamsapienterrepressiturranimemeonjurationem
1000 4393 1812 4495 l'aenitu‘fimmibiperquinquennium¹⁰⁰³&N⁰¹³¹¹¹¹1¹f¹

148 4491 339 4559 rusticorum,
361 4506 444 4560 quam
464 4497 566 4544 contra
585 4508 688 4562 pacem
708 4495 817 4562 petrice
839 4496 983 4558 molle-D
1000 4487 1476 4559 qu⁰q110⁸¹1⁰lllfflstllellilumiss
1503 4486 1662 4542 seditionis
1684 4483 1811 4558 Pi⁰P0⁸¹¹⁰

148 4562 267 4616 bflfllffl'·
999 4574 1223 4645 persistentium
1233 4570 1811 4632 crebriscertaminumtumultibusdcvir

149 4651 224 4705 Dum
239 4648 330 4720 igitur
345 4651 432 4703 tantae
442 4649 596 4719 probitatis
612 4652 788 4709 exuberaret
803 4655 945 4726 copiis,in
1000 4679 1083 4731 cens,
1100 4662 1159 4716 vita
1170 4662 1307 4732 privavit,
1323 4661 1398 4718 alios
1414 4663 1518 4719 exules
1534 4663 1571 4720 de
1582 4665 1649 4720 suis
1664 4663 1810 4720 lluibuser

113 4738 195 4793 initio
207 4735 527 4808 sueejuventutisintra
538 4738 945 4800 Northmannicumducatum
999 4750 1139 4806 turbavit.
1172 4748 1477 4806 Willelmustaudem
1497 4755 1566 4823 post
1587 4748 1808 4825 quinquennium,
1840 4808 1844 4813 ,

114 4825 531 4898 contigitquoddampcslileri
542 4827 945 4889 oririseminariumdissidii.
1002 4838 1160 4910 cuiusdam
1176 4840 1223 4894 sui
1238 4839 1339 4895 militis
1355 4838 1493 4911 lectione,
1505 4840 1687 4913 longissimo
1701 4841 1808 4907 funera

113 4916 188 4970 Nam
208 4915 312 4970 rustici
327 4916 481 4970 unanimes
501 4931 556 4987 per
570 4917 707 4972 diversos
723 4921 812 4975 totius
833 4921 947 4977 North·
1001 4928 1223 4983 eminentiorem
1238 4927 1426 4983 fenestrama
1441 4932 1523 4984 turre
1533 4922 1806 5002 lapsuslbganiniit

113 5005 257 5058 mannicac
278 5005 382 5075 patriae
402 5005 558 5060 comitatus
588 5005 713 5076 plurima
735 5012 858 5080 agentes
875 5027 946 5066 con·
1000 5015 1053 5082 Qui
1068 5016 1184 5085 diebus,
1202 5033 1237 5072 ne
1253 5034 1270 5071 a
1285 5016 1529 5087 perquirentibus
1549 5018 1741 5090 reperiretur,
1752 5008 1806 5069 deli·

114 5093 271 5158 vectionis,
282 5093 365 5164 juxta
375 5094 947 5170 suoslibitusvivcredecernebantqua·
1000 5108 1130 5172 tescens,
1143 5105 1317 5160 etnoetibus
1332 5105 1387 5158 iter
1402 5120 1539 5176 carpens,
1549 5100 1805 5163 novissimedcttle

115 5183 202 5233 tenus
213 5182 307 5236 taurin
319 5183 654 5253 silvarumcompendiis
670 5201 756 5256 quam
766 5187 946 5259 inaquarum
1000 5193 1076 5246 ravit
1091 5192 1166 5262 apud
1183 5208 1226 5261 sc,
1244 5193 1359 5264 aequius
1371 5191 1412 5246 illi
1428 5191 1492 5248 lore
1504 5210 1572 5248 eum
1587 5187 1806 5250 vitandiscrimirt

116 5269 314 5336 commerciis,
324 5271 404 5325 nullo
415 5273 579 5327 obsistente
587 5279 655 5328 sate
668 5275 766 5329 statuti
775 5275 945 5345 jurisobiee
1000 5280 1184 5335 clementiam
1197 5281 1298 5335 fratris
1307 5283 1460 5351 attentare,
1472 5297 1562 5354 quam
1573 5272 1807 5355 quuspianreeit

115 5355 234 5424 legibus
259 5361 411 5413 uterentur
426 5361 501 5416 suis.
514 5361 584 5426 Quae
600 5365 631 5415 ut
646 5365 708 5416 rata
729 5368 891 5436 manerent,
909 5367 945 5422 ab
999 5372 1049 5423 sut
1065 5369 1181 5423 comitis
1198 5368 1374 5440 suffragium
1388 5369 1428 5424 nil
1444 5369 1503 5425 sibi
1518 5366 1807 5444 quandoqueproltrit·

114 5457 293 5515 unoquoque
307 5449 384 5501 ccetu
395 5447 520 5503 lurentis
531 5451 614 5521 vulgi
629 5450 686 5506 duo
698 5452 945 5526 eligunturlegsti
1000 5472 1065 5511 rum
1086 5461 1235 5526 expetere.
1251 5457 1313 5513 Sub
1329 5458 1385 5513 hac
1400 5459 1509 5530 quippe
1523 5458 1733 5516 deliberatione
1740 5445 1809 5511 anitd‘

114 5531 166 5600 qui
183 5531 301 5588 decreta
324 5534 360 5589 ad
382 5536 629 5594 mediterraneum
650 5541 818 5596 roborando
835 5542 946 5598 ferrent
1001 5545 1106 5607 callem
1122 5546 1295 5618 coullciens,
1311 5546 1437 5618 quadam
1452 5547 1501 5604 die
1515 5548 1623 5605 ducem
1632 5539 1811 5621 repenset!

115 5624 302 5681 conventum.
318 5623 402 5690 Quod
416 5627 448 5680 ut
462 5624 521 5680 dux
535 5628 667 5700 agnovit,
682 5630 819 5701 protinus
835 5631 945 5689 Rodul-
1000 5633 1078 5690 saltu
1097 5635 1246 5692 vernensi
1258 5639 1446 5693 exercentem
1470 5639 1634 5696 venatuum
1653 5638 1740 5695 ludis.
1758 5630 1812 5690 lili
