3908 6112
110 315 166 389 m
436 310 790 379 consumentes
802 313 1135 381 CLUNIACENSES.
1147 352 1185 367 -
1201 317 1331 383 LIBER
1348 321 1522 387 PRIMUS.
1763 326 1824 390 666

109 518 194 583 poteo
208 514 238 568 et
251 512 354 583 Panlo,
371 515 400 570 et
410 528 520 569 versus
542 514 590 571 ille
607 513 776 570 Crucifixus
794 519 935 571 remanet.
947 499 975 562 Α
991 517 1094 572 nescio
1107 533 1174 589 quie
1189 518 1348 576 Gallicanae
1363 536 1478 577 neumae
1497 527 1660 579 cantantur.
1675 525 1734 580 Per
1747 525 1821 582 alios

110 611 200 671 pisse
220 606 422 658 sacrosanctae
446 603 666 675 dieiquomodo
690 605 856 661 celebretur
879 621 936 660 non
992 606 1055 660 tres
1080 606 1225 663 adinstar
1253 609 1312 663 diei
1340 610 1514 665 Dominicis.
1534 611 1736 683 Advesperas
1751 629 1822 686 quo·

113 689 283 775 ,pusbebes
292 692 401 747 iterum
415 693 526 763 audire,
536 695 562 747 si
573 694 648 749 bene
657 694 766 750 recolis
778 710 869 765 supra
878 710 936 750 me·
992 707 1049 763 que
1082 709 1142 750 non
1183 700 1333 753 mutantur
1361 698 1391 752 bi
1426 700 1532 769 psalmi
1561 699 1647 754 Dixit
1682 701 1823 758 Dominus

115 782 218 847 morata
230 779 682 838 dediversitsteeolemnitetum.
696 783 778 848 Quod
793 783 936 838 tamenibi
993 780 1117 839 Domino
1137 800 1211 855 meo,
1241 789 1269 840 et
1288 789 1388 842 caeteri
1409 804 1505 860 usque
1529 787 1566 843 ad
1584 803 1727 859 vesperas
1751 789 1822 845 Sub·

119 889 172 935 nou
185 868 242 923 dixi
258 884 265 924 ε
282 869 424 925 Intreitus
435 874 480 925 ter
494 874 671 941 recantatur,
688 872 756 943 quie
771 872 847 928 duos
866 888 935 927 ver·
992 870 1063 926 bati.

124 957 272 1021 nushebet.
289 957 354 1014 Duo
381 974 498 1032 quoque
521 962 602 1031 paria
631 965 784 1017 cantorum
812 960 881 1015 hinc
909 965 937 1016 et
1290 961 1417 1019 CAPUT
1432 964 1524 1020 XVII.

127 1045 244 1116 inde,rel
260 1046 288 1102 si
306 1046 432 1119 videtur,
447 1048 548 1119 plures
564 1052 733 1105 statuuntur
758 1050 795 1105 ed
816 1065 935 1121 prosam
997 1048 1041 1104 De
1057 1049 1106 1104 die
1134 1056 1246 1120 octeno,
1264 1057 1293 1106 et
1315 1053 1454 1124 quomodo
1478 1053 1515 1108 de
1534 1059 1643 1109 estere
1665 1055 1703 1110 ed
1724 1071 1825 1111 omnes

133 1135 329 1204 conrineudem;
345 1135 456 1207 quibus
470 1137 581 1193 chorus
597 1154 650 1209 per
664 1154 787 1194 neumas
811 1154 936 1210 respou-
1205 1140 1297 1195 bores
1313 1146 1470 1195 cantantur
1483 1141 1609 1197 alleluia.

135 1227 177 1281 det.
189 1223 227 1278 dd
247 1223 355 1296 Apnus
367 1224 425 1281 Dei
437 1226 515 1295 tropi
543 1226 662 1297 quidam
690 1226 879 1299 adjiciuntur,
909 1230 937 1283 et
1027 1225 1156 1282 Octavus
1171 1227 1236 1283 dles
1246 1229 1371 1284 Pascbee
1386 1230 1533 1300 quomode
1549 1231 1588 1284 sit
1602 1231 1755 1301 colendus,
1770 1247 1824 1303 per

138 1310 275 1370 comnmio
288 1315 583 1383 postversumsuum
598 1315 860 1387 iteratur.Hymnis
876 1332 937 1371 orn·
991 1315 1183 1370 occasionem
1197 1316 1321 1370 aliarum
1337 1316 1528 1372 festivitatum
1541 1317 1603 1388 jem
1614 1320 1755 1388 superius
1770 1335 1823 1375 au·

139 1403 197 1456 niun
207 1400 343 1457 bererum
357 1402 475 1457 additur
487 1419 564 1458 unus
579 1419 696 1473 versus,
714 1405 743 1459 id
758 1409 805 1459 est
820 1404 937 1470 Quoesu·
991 1404 1072 1473 disti,
1087 1405 1251 1476 quodnunc
1261 1405 1540 1460 tamenadneetitur.
1552 1406 1596 1460 Ad
1608 1422 1754 1477 vesperas
1765 1424 1822 1464 non

139 1491 450 1558 uus,euetorornnium,·
474 1495 503 1548 et
517 1492 702 1550 novisSImus
734 1495 773 1549 ita
796 1498 935 1562 mutatur,
989 1494 1040 1549 alii
1056 1492 1164 1564 psalmi
1188 1508 1275 1564 quam
1291 1492 1410 1549 terlales
1439 1494 1586 1551 dicuntur.
1603 1496 1648 1550 dd
1664 1500 1742 1551 noct.
1765 1512 1823 1552 non

141 1577 484 1654 Glorietibi,Doneine,qni
497 1583 673 1647 surrexisti,
694 1582 937 1649 eto.Quodetiem
990 1582 1048 1638 alia
1063 1581 1256 1653 responsoria
1271 1598 1437 1654 quamquee
1453 1584 1482 1637 in
1497 1582 1591 1653 prima
1606 1587 1693 1640 nocte
1722 1585 1823 1640 Domi—

139 1670 223 1723 tenetur
235 1684 331 1742 risque
352 1669 389 1725 ad
411 1671 630 1727 decensionem
640 1672 769 1727 Domini.
786 1673 935 1742 Praelatio,
991 1671 1065 1726 nicta
1077 1669 1319 1727 Resurrectionis
1334 1675 1404 1725 sunt
1413 1674 1539 1739 cantate,
1548 1687 1614 1742 ques
1626 1675 1655 1727 ot
1668 1687 1722 1743 per
1735 1675 1826 1728 totam

141 1755 278 1829 tequidem
293 1758 373 1813 omni
389 1765 531 1831 tempore,
546 1775 602 1830 per
617 1764 706 1816 totam
731 1761 818 1816 istem
843 1761 937 1833 septi·
991 1762 1164 1832 sequentem
1187 1760 1381 1830 septimanam
1410 1761 1449 1813 ite
1482 1761 1624 1815 canenda
1651 1761 1823 1832 perdurant.

139 1846 357 1903 emendicenda
379 1850 428 1903 est
442 1848 478 1903 ad
493 1851 647 1919 utrumque
658 1849 792 1905 missam.
807 1848 861 1905 Est
883 1866 937 1904 au·
953 1849 1085 1934 Bblissa
1109 1848 1299 1916 matutinalis,
1318 1847 1409 1914 Quasi
1432 1849 1515 1904 modo
1537 1850 1644 1921 peniti.
1669 1849 1764 1921 Maior
1779 1853 1825 1905 est

139 1933 443 2005 tusiacensuetudo,
459 1936 578 2008 quoties
592 1937 702 1992 luerint
716 1938 872 1993 duodecim
893 1938 937 1993 le·
990 1937 1094 1992 eadem
1115 1939 1225 2007 praeter
1249 1936 1328 2007 quod
1347 1935 1431 1990 solus
1451 1936 1590 1991 introitus
1615 1952 1681 1991 cum
1703 1937 1823 1993 Introitu

137 2021 229 2092 diones,
245 2026 342 2093 etune
358 2025 459 2079 cadem
478 2025 602 2082 collecta
624 2027 747 2096 dicatur,
763 2029 793 2082 et
806 2027 840 2082 ad
852 2042 936 2097 vesp.
991 2026 1161 2082 Resurroni
1175 2028 1314 2093 mutatur,
1327 2027 1355 2079 et
1369 2025 1453 2095 prius
1463 2024 1580 2081 alleluia
1594 2027 1649 2094 est,
1666 2024 1742 2081 Post
1756 2026 1824 2081 dies

136 2110 188 2164 etad
201 2109 392 2185 Evangelium
402 2117 470 2184 post
485 2118 658 2185 nocturnos,
676 2119 705 2170 et
720 2116 757 2170 ad
768 2116 893 2187 tertiam,
908 2119 938 2170 et
990 2121 1063 2171 octo.
1079 2115 1123 2169 bb
1135 2114 1185 2169 illo
1201 2118 1299 2168 autem
1310 2114 1357 2168 die
1368 2129 1434 2169 cum
1449 2114 1485 2168 ad
1501 2129 1605 2168 omnes
1620 2113 1710 2169 boras
1728 2130 1823 2187 usque

136 2197 237 2269 nissam,
260 2206 290 2256 et
314 2202 478 2257 iterumad
503 2219 660 2275 vesperes3
681 2205 759 2276 quod
786 2208 883 2259 temen
906 2207 937 2261 iu
990 2203 1027 2258 ad
1041 2203 1260 2258 decensionem
1274 2202 1390 2258 Domini
1410 2216 1531 2271 semper
1546 2201 1663 2256 alleluia
1678 2205 1821 2270 cantetur,

135 2284 172 2339 Iac
188 2287 229 2344 die
251 2294 281 2346 et
303 2290 333 2346 in
353 2290 410 2346 bae
435 2292 600 2363 septimana
626 2292 805 2349 observatur
829 2294 938 2363 praeter
988 2295 1086 2347 umen
1101 2292 1131 2346 in
1146 2291 1227 2347 nullo
1239 2291 1336 2362 reperi
1351 2290 1554 2360 antiphonario
1576 2294 1780 2360 presentatum,
1796 2292 1823 2345 si

133 2374 159 2429 ad
175 2376 244 2433 ecles
262 2394 419 2451 ¹resperas,
450 2383 481 2435 ut
508 2381 703 2451 praemIssum
722 2387 769 2438 est
790 2383 820 2437 in
835 2381 937 2454 vigilia
989 2396 1048 2452 quo
1078 2383 1158 2435 certo
1187 2380 1290 2435 ordine
1304 2381 1382 2434 unta
1399 2379 1510 2433 canteri
1534 2378 1660 2434 debeant
1693 2377 1822 2435 alleluia.

134 2461 238 2522 Pecus.
989 2468 1121 2534 Quaesivi
1131 2469 1281 2524 curiosius
1297 2467 1452 2539 aquodam
1462 2467 1575 2538 juvene
1585 2466 1771 2538 perspicacis
1783 2467 1823 2521 in·

402 2554 529 2612 CAPUT
554 2557 632 2612 XVI.
990 2557 1080 2630 genii,
1096 2560 1125 2611 et
1135 2556 1254 2628 quiJ'am
1264 2573 1317 2626 per
1331 2556 1435 2627 viginti
1450 2557 1580 2627 quinque
1596 2555 1754 2611 continuos
1769 2571 1820 2611 en·

133 2636 305 2698 desecanda
333 2642 414 2699 teria
427 2649 457 2700 et
478 2645 586 2702 diebus
605 2645 729 2717 majoris
752 2647 935 2717 septimanae.
990 2661 1047 2701 nos
1062 2646 1092 2699 in
1108 2646 1237 2700 claustra
1266 2645 1447 2713 morabatur,
1463 2644 1534 2716 quid
1550 2644 1618 2698 inde
1643 2644 1769 2701 sentiret
1795 2648 1824 2699 et

155 2728 300 2786 transacta
314 2732 362 2787 die
376 2732 540 2803 Dominica,
561 2735 591 2789 in
606 2735 739 2790 secunda
763 2734 846 2804 teria,
862 2739 891 2789 et
907 2735 937 2788 in
992 2734 1093 2800 sciret;
1108 2735 1186 2805 qued
1201 2734 1266 2804 ipse
1281 2733 1353 2788 mihi
1368 2733 1477 2802 retulit,
1489 2733 1561 2788 illud
1575 2732 1625 2788 bic
1638 2749 1653 2787 a
1665 2748 1712 2789 me
1728 2733 1824 2790 reler-

131 2816 179 2873 elis
195 2820 300 2877 diebus
315 2825 344 2876 et
363 2823 499 2877 noctibus
519 2823 657 2894 ejusdem
678 2824 861 2895 septimane,
877 2838 936 2878 uon
991 2827 1049 2878 tur.
1066 2822 1098 2876 ln
1113 2823 1192 2878 omni
1208 2823 1360 2877 Dominiea
1374 2823 1411 2878 ed
1425 2823 1551 2894 primum
1566 2824 1744 2878 nocturnum
1757 2821 1825 2879 elle·

128 2905 231 2965 uieiduo
249 2911 336 2982 signa
351 2911 430 2966 sieut
444 2912 474 2966 in
488 2912 614 2983 privetis
628 2914 665 2968 ad
684 2916 846 2970 nocturnos
869 2912 937 2983 pul·
992 2912 1052 2967 luia
1067 2905 1233 2967 Postulavi.
1246 2912 1291 2966 Ad
1301 2912 1477 2980 seeundum,
1497 2911 1633 2983 Anpelus
1643 2916 1749 2966 eutem.
1778 2911 1823 2965 dd

129 3001 219 3069 autur,
235 3001 287 3071 qui
301 3015 370 3056 eum
384 3001 539 3057 duodecim
554 3004 689 3074 psalmis,
705 3004 784 3058 sicut
797 3008 866 3059 sunt
883 3017 937 3075 pcr
993 3003 1115 3070 cantica,
1123 3001 1161 3056 Et
1169 3017 1238 3057 ecce
1246 3006 1447 3056 terremotus.
1455 2999 1499 3054 ud
1507 2999 1823 3069 laudes,Praetimore;

127 3081 198 3142 lorias
211 3088 348 3159 ordienti,
363 3094 501 3163 aguntum
514 3091 568 3147 sed
578 3092 722 3149 lectiones
736 3095 798 3149 tres
812 3097 937 3149 tentum·
993 3093 1029 3149 ad
1040 3093 1175 3163 primam,
1196 3089 1333 3161 Serpens
1343 3094 1450 3157 eutem,
1466 3089 1502 3143 ad
1518 3089 1644 3157 tertiam,
1669 3089 1706 3144 de
1720 3087 1820 3142 Evan-

126 3175 193 3232 utdo
207 3192 243 3233 ex
259 3176 431 3252 Evangeliis
445 3179 530 3236 liunt.
545 3181 624 3236 Puer
639 3197 716 3236 unus
736 3183 934 3239 invitatorium
992 3182 1081 3254 gelie,
1097 3180 1135 3234 Ut
1149 3178 1240 3234 multe
1254 3178 1381 3250 quidem:
1391 3177 1428 3231 ed
1443 3182 1567 3245 sextam,
1585 3176 1774 3242 Erutauteue,¹
1788 3177 1825 3231 ad

125 3267 210 3320 nutet.
226 3267 273 3321 Ad
286 3268 447 3324 matutinos
461 3268 620 3339 pulsentur
634 3272 731 3326 omnia
747 3272 843 3344 elgna,
861 3271 936 3327 etde
991 3286 1108 3337 nonam,
1126 3268 1163 3322 Et
1176 3268 1386 3340 respicientem
1402 3266 1439 3321 sd
1453 3280 1608 3335 vesperas,
1623 3265 1723 3322 desum
1738 3281 1824 3338 quero

124 3356 212 3410 attero
225 3354 302 3412 fiunt
316 3358 413 3413 emula
432 3357 548 3414 festive.
562 3357 622 3413 Illae
637 3362 734 3414 nutem
747 3376 815 3433 ques
830 3362 859 3416 in
875 3361 935 3415 Do·
993 3353 1154 3432 puseislu
1179 3356 1312 3411 secunda
1331 3355 1405 3410 teria
1416 3370 1484 3409 cum
1497 3355 1603 3409 lterum
1619 3370 1694 3424 opus
1710 3355 1748 3409 sit
1763 3368 1822 3409 uon

124 3441 485 3502 fficeeenteteesunted
510 3448 936 3522 matutinus,postensingulae
992 3447 1194 3518 paucioribus.
1224 3448 1255 3500 ut
1270 3445 1308 3499 ite
1336 3443 1443 3512 dicum,
1473 3443 1611 3510 alleluiis,
1631 3444 1689 3497 nisi
1714 3445 1826 3497 tantum

124 3529 285 3607 edsingulas
315 3536 471 3592 matutinas
493 3540 627 3592 cantetur
651 3553 746 3609 usquc
769 3537 805 3592 ad
820 3536 936 3592 Sabba-
992 3552 1051 3592 una
1066 3537 1164 3590 minus
1179 3537 1299 3605 propter
1313 3532 1428 3588 centica
1441 3535 1511 3587 tune
1531 3548 1590 3587 non
1605 3531 1739 3599 dicende,
1757 3546 1824 3585 ean·

124 3619 179 3689 lum,
193 3625 220 3679 et
234 3623 353 3680 adelies
364 3624 455 3680 horas
468 3624 833 3695 habenturantipbenaede
843 3627 937 3681 Elaen-
992 3628 1091 3681 tantur
1104 3625 1208 3680 eodem
1223 3639 1281 3695 quo
1296 3638 1387 3694 supra
1402 3621 1504 3677 ordine
1523 3621 1640 3675 alleluia
1656 3623 1697 3691 ut,
1713 3619 1824 3675 Postu·

128 3709 196 3778 telio
210 3713 256 3768 Ad
275 3714 359 3771 solos
373 3717 536 3769 nocturnos
551 3719 579 3769 ct
594 3730 737 3785 vesperas
747 3731 838 3785 super
852 3717 935 3786 psal·
993 3714 1065 3772 lari.
1078 3714 1212 3786 Anpelus
1227 3719 1333 3767 eutem.
1352 3711 1388 3765 Et
1403 3717 1572 3766 ecceterrae
1583 3715 1686 3766 neotus.
1698 3708 1771 3764 Pree
1786 3709 1826 3762 ti-

128 3810 242 3857 uesnon
256 3801 316 3857 nisi
330 3802 447 3858 alleluia
467 3806 609 3873 cantetur,
632 3804 667 3859 ed
692 3805 846 3859 melodiam
859 3806 935 3860 anti·
994 3819 1086 3860 more.
1099 3804 1141 3858 De
1154 3802 1326 3873 Evangelio,
1346 3799 1419 3854 Erat
1434 3804 1540 3853 entem.
1557 3797 1594 3852 lit
1616 3798 1824 3870 respicientes.

128 3885 269 3953 denarum
295 3889 464 3963 formatum3
480 3898 508 3949 et
535 3895 630 3963 primo
659 3896 689 3947 in
716 3894 789 3949 teria
805 3896 936 3950 secunda
996 3894 1028 3948 In
1043 3893 1204 3959 matutinis,
1225 3891 1326 3945 desum
1351 3903 1434 3960 quern
1451 3888 1570 3969 quoeris.
1587 3887 1618 3942 In
1643 3887 1733 3941 tertIa
1754 3885 1826 3940 lerie

130 3972 230 4049 tlleluie,
251 3982 283 4034 ut
292 3978 458 4051 Postumi,
470 3981 606 4054 Aspelus
616 3988 723 4053 eutem,
737 3982 842 4038 lesum
851 4000 936 4056 quem
994 3980 1112 4036 alleluia
1126 3982 1168 4048 ut,
1184 3978 1277 4034 Stetit
1291 3978 1389 4032 deses.
1400 3975 1572 4046 onrtebet.
1585 3975 1692 4031 Nonne
1702 3979 1758 4029 sie.
1772 3972 1827 4040 Qui

133 4068 358 4130 rennnlntertie
373 4069 457 4137 laria,
469 4075 510 4139 ut,
528 4076 558 4125 et
572 4077 849 4127 cooeterroemotus.
865 4071 937 4127 Prae
994 4076 1063 4126 sunt
1073 4065 1320 4124 bisermoneslle
1331 4064 1503 4136 Evangelio,
1513 4062 1827 4133 IdtcoeperuntMane

133 4150 341 4212 liuoreNonne
350 4163 550 4214 eornostrnm.
563 4159 595 4213 ln
609 4159 795 4230 quartaieria
806 4166 846 4229 ut,
864 4160 938 4216 Eret
994 4158 1156 4214 uobiscum.
1167 4156 1334 4211 Nonnecor
1348 4158 1490 4207 nostrum.
1501 4151 1534 4205 ln
1544 4154 1647 4222 quarta
1657 4151 1741 4216 ferla,
1754 4149 1827 4207 Noli

133 4245 261 4300 ruenni
272 4247 481 4319 respicientes.
494 4247 565 4303 Soio
575 4249 651 4321 quod
663 4248 776 4304 lesum.
788 4249 820 4303 ln
838 4249 938 4320 quinta
994 4247 1081 4302 llere.
1103 4245 1188 4300 Venit
1198 4243 1307 4298 literis.
1320 4242 1357 4296 Et
1372 4241 1516 4312 inpressi.
1529 4238 1566 4293 Et
1584 4237 1669 4293 valde
1679 4252 1774 4293 mane.
1785 4237 1827 4292 De

133 4323 185 4384 lene
196 4337 234 4403 ut,
250 4335 345 4391 Stetit
359 4336 460 4391 lesus.
480 4335 652 4410 Oportebat,
669 4337 818 4392 etiterum
834 4337 938 4392 lesum
995 4334 1169 4406 Evangelio,
1187 4333 1232 4388 Ite
1247 4331 1392 4386 nuntiate.
1409 4327 1521 4384 Iterum
1540 4325 1740 4383 venitllarie.
1757 4324 1828 4381 Soio

134 4427 193 4482 lun
204 4424 390 4496 pristinem
405 4426 573 4480 sextaienia
587 4429 629 4495 ut,
644 4425 750 4482 Nonne
764 4426 820 4480 sio.
837 4425 937 4479 Etin·
996 4422 1236 4497 quod-lesumdn
1251 4421 1353 4491 quinta
1367 4417 1504 4473 similiter
1518 4420 1549 4473 ut
1578 4416 1609 4471 in
1636 4413 1777 4471 secunda.
1794 4413 1828 4470 ln

133 4514 229 4570 truse.
256 4511 435 4569 Crucifixus.
450 4514 492 4568 De
516 4513 563 4568 his
579 4513 675 4569 tribus
690 4514 821 4586 singulis
844 4514 938 4584 prima
996 4516 1080 4568 sexta
1092 4516 1123 4566 ut
1137 4511 1167 4565 in
1182 4509 1277 4578 tertia,
1293 4511 1416 4577 excepto
1426 4506 1505 4577 quod
1516 4505 1552 4560 ed
1566 4519 1710 4575 vesperas
1726 4507 1827 4559 canu-

134 4600 277 4668 temperent
284 4601 321 4654 nd
332 4601 445 4670 primos
454 4617 508 4657 sex
514 4602 648 4672 psalmos
654 4605 875 4672 nocturnorum3
887 4616 937 4656 se·
997 4606 1046 4658 tur
1054 4600 1182 4669 alleluia,
1191 4599 1320 4670 Vespere
1334 4601 1441 4652 eutem.
1453 4595 1495 4650 lle
1505 4594 1668 4667 Evangelio
1682 4596 1721 4662 et,
1733 4591 1828 4647 Multa

135 4684 203 4740 tunde
215 4689 250 4743 ad
263 4689 339 4743 elios
354 4705 427 4755 sex;
452 4690 548 4759 tertie,
575 4706 658 4762 vesp.
681 4691 713 4744 ln
736 4691 864 4747 Sabbata
894 4693 935 4762 ut,
951 4673 979 4736 D
1000 4691 1128 4766 quidem,
1141 4688 1198 4759 vel,
1210 4687 1300 4743 Mitte
1317 4702 1432 4741 menum
1447 4690 1535 4739 tuane.
1550 4683 1612 4756 Epo
1626 4698 1690 4738 sum
1705 4680 1827 4736 Pastor.

134 4761 183 4826 Noli
195 4775 278 4832 llere.
302 4777 387 4832 Venit
408 4778 517 4833 lieris.
553 4778 683 4851 Vespere
704 4784 810 4834 eutem.
827 4781 860 4835 In
875 4795 934 4850 quo
996 4780 1143 4837 Modicum
1159 4785 1188 4834 et
1202 4793 1259 4833 nou
1278 4775 1422 4832 ridebitis
1435 4789 1492 4830 rue.
1504 4772 1537 4828 ln
1551 4771 1679 4827 Sabbato
1690 4769 1829 4825 similiter

135 4856 244 4920 etiamad
258 4865 504 4921 eliasberasnon
521 4867 579 4921 nisi
595 4866 711 4923 alleluia
731 4872 872 4923 cantatur.
889 4868 933 4922 Ad
997 4873 1028 4926 ut
1042 4871 1073 4925 in
1095 4867 1165 4922 teria
1183 4868 1295 4937 quarta,
1312 4865 1436 4932 excepto
1451 4861 1529 4933 quod
1544 4860 1580 4915 ad
1590 4873 1734 4929 vesperas
1749 4856 1821 4912 alle·

135 4954 182 5005 Vel.
195 4958 232 5024 ut,
254 4954 387 5027 Anpelus
413 4962 520 5011 entem.
537 4957 580 5010 nd
604 4957 728 5026 primam
743 4959 784 5024 ut,
808 4956 845 5010 Et
864 4972 931 5012 ecoe

134 5033 201 5098 lttrs
212 5049 319 5100 motus.
336 5044 381 5099 Ad
394 5045 512 5099 tertiam
528 5044 599 5101 Pree
614 5045 730 5101 timore.
747 5046 792 5100 dd
806 5048 931 5118 sextam,

133 5114 294 5188 fintenum.
306 5132 352 5187 Ad
361 5147 479 5202 nonem,
487 5133 524 5189 Et
533 5134 742 5205 respicientes.
757 5134 803 5190 Ad
812 5134 935 5190 missam

134 5220 303 5277 ”eumdem
318 5224 475 5291 pertetem
498 5223 692 5294 septimanam
710 5226 844 5279 cantatur
867 5222 931 5278 olil-

133 5297 195 5379 Vsu,
202 5309 381 5368 Resurreni.
389 5312 462 5378 Quae
482 5312 508 5367 si
519 5313 640 5383 pertres
654 5312 719 5369 dies
727 5328 787 5368 non
795 5312 853 5367 nisi
864 5327 930 5368 eum

132 5398 300 5457 lucullanis
313 5401 490 5470 celebretur,
505 5416 560 5471 per
574 5401 648 5457 alios
656 5403 716 5458 tres
726 5401 864 5458 dicuntur
873 5417 933 5457 om·

131 5488 167 5537 tta
176 5488 314 5558 collecte,
329 5505 398 5562 ques
411 5490 442 5545 in
456 5490 591 5562 qualibet
604 5489 755 5544 Dominica
766 5490 802 5545 ad
820 5491 934 5546 matuti-

128 5570 201 5629 ttlem
213 5577 339 5633 missam
352 5577 576 5635 suntdicendse.
592 5577 664 5634 Item
674 5578 769 5650 major
781 5580 935 5648 missaper

126 5656 170 5715 tres
183 5664 279 5735 egitur
291 5666 472 5736 generalitor
484 5667 523 5739 aiu
543 5667 658 5739 cappis,
681 5669 709 5722 et
723 5668 792 5738 post
819 5665 935 5722 alleluia

997 4958 1066 5015 luia.
1091 4955 1292 5025 Quodcunque
1318 4955 1415 5007 autern
1445 4950 1474 5005 in
1517 4948 1680 5018 septimane
1718 4946 1829 5018 legitur

997 5043 1202 5117 Evangelium,
1219 5043 1256 5099 de
1272 5057 1305 5097 so
1321 5040 1358 5095 ad
1380 5038 1495 5096 tertiam
1510 5034 1590 5092 omni
1619 5035 1666 5090 die
1695 5037 1829 5090 cantetur

997 5133 1123 5190 alleluia.

1290 5214 1416 5273 CAPUT
1431 5213 1533 5269 XVIII.

997 5311 1041 5367 De
1059 5309 1188 5366 secunde
1200 5306 1351 5378 leriepost
1361 5308 1481 5359 ceteras
1489 5300 1627 5366 Pasodsef
1639 5299 1750 5373 etpuod
1761 5305 1829 5354 tuno

1114 5394 1261 5453 nonnulle
1270 5391 1500 5450 consuetudines
1515 5389 1702 5444 inchoantur.

1031 5489 1106 5544 Post
1128 5488 1248 5541 octavas
1270 5486 1368 5537 autem
1388 5479 1513 5535 Pasohae
1529 5477 1601 5532 teria
1617 5476 1748 5533 secunde
1763 5490 1830 5529 curn

998 5579 1037 5633 sit
1058 5575 1145 5649 quasi
1169 5588 1278 5628 novum
1297 5570 1410 5627 initium
1432 5569 1614 5639 privatorum
1635 5566 1760 5633 dierum,
1781 5564 1828 5617 in-

998 5666 1143 5722 choantur
1157 5660 1305 5719 nonutdlee
1327 5658 1568 5723 consuetudInes,
1591 5668 1727 5728 quaenon
1741 5651 1830 5723 prius
