3908 6112
186 209 246 276 587

699 210 731 275 s.
755 166 945 275 ausuum
968 206 1175 277 incussis
1197 206 1392 276 ariscorr

1846 210 1906 279 iffi

186 413 303 469 deliciis
318 428 374 468 nos
388 413 484 482 loves,
494 415 522 468 et
536 411 644 467 nutris.
660 410 710 466 Ad
725 416 754 466 te
768 393 1054 474 clamamusQqu
1073 412 1208 481 quantes,
1220 410 1307 480 proni
1322 425 1428 466 sumus
1441 411 1478 466 ad
1493 409 1611 481 malum,
1630 409 1767 467 diiilcilas
1782 425 1854 466 vero
1869 411 1907 468 ad

185 502 273 558 modo
289 519 347 558 non
363 503 569 570 clamaremus,
581 501 715 569 Domina,
725 499 774 570 qni
790 500 911 553 vulnera
928 499 1018 552 susti-

184 609 306 662 nemus,
323 593 428 663 plagas
448 591 607 659 sentimus,
624 590 674 660 qui
694 588 823 659 undique
837 588 873 642 ab
890 587 1017 641 inimicis

185 681 404 737 circumdamur
424 682 452 733 et
477 676 637 733 terremur!
656 677 831 745 clamamus,
856 674 1017 747 angustiati

185 763 1017 837 etmiseriisinfinitisoppressi,Clamaniuseordisunxie

184 856 570 929 tate,stomaebivacuitate,
584 855 695 909 doloris
707 853 933 921 acerbitate,aut
942 851 1016 906 iorte

185 960 257 1019 erga
268 951 296 1001 te
305 945 415 1000 amoris
424 944 631 999 immensitate.
642 942 815 997 Clamamus.
828 942 871 995 Ne
882 941 934 996 tibi
946 956 1017 1013 erga

184 1050 240 1090 uos
255 1035 452 1089 somnolentia
469 1033 634 1101 inducatur,
652 1046 718 1102 quae
734 1046 791 1085 nos
806 1030 853 1085 die
872 1033 1017 1099 nocteque

184 1123 329 1178 custodis.
339 1121 435 1186 Quare
450 1121 612 1189 obdormis,
631 1119 774 1175 Domina?
788 1117 895 1191 Surge,
907 1116 1016 1188 adjuva

183 1226 250 1268 nos.
278 1210 460 1280 clamamus,
486 1210 573 1264 etiam
598 1213 629 1263 ut
651 1209 861 1264 necessitatem
884 1208 1017 1261 nostram

1071 497 1193 553 bonum.
1210 497 1246 552 Et
1270 498 1297 554 si
1321 499 1473 570 conlingat
1495 498 1622 571 aliquem
1647 500 1738 555 illium
1760 500 1908 555 bonorum

1072 602 1194 657 operum
1217 602 1372 658 generare,
1390 604 1455 642 curn
1479 588 1606 658 quodam
1631 589 1730 643 cordis
1748 589 1863 658 dolore,
1879 591 1908 643 et

1075 674 1193 728 tristitia
1207 677 1388 745 parturimus
1398 675 1556 746 multoties,
1568 677 1621 731 sed
1634 677 1741 731 malum
1751 693 1820 732 cum
1834 676 1908 731 laeti·

1076 762 1115 817 tia
1131 766 1344 833 perpetramus.
1357 764 1424 818 Non
1438 764 1526 819 nobis
1541 763 1692 819 sufiiciunt
1706 766 1782 820 mala
1792 768 1906 836 nostra,

1073 852 1126 905 sed
1143 852 1220 906 sieut
1237 851 1297 906 Eva
1314 853 1416 917 Adam,
1433 853 1471 907 ita
1487 857 1515 906 et
1528 869 1584 907 nos
1599 854 1714 925 aliquos
1728 853 1907 910 inclinamus

1073 939 1109 993 ad
1124 941 1209 995 mala.
1235 939 1271 995 Et
1291 940 1447 1012 sicutipse
1462 941 1626 997 excusabat
1640 958 1685 1010 se,
1706 944 1747 996 itu
1761 947 1790 998 et
1805 958 1861 998 nos
1876 943 1907 998 iu

1072 1028 1186 1084 nostris
1201 1028 1369 1084 defectibus
1381 1045 1571 1099 excusamus,
1579 1034 1627 1085 aut
1638 1031 1754 1103 saltem,
1765 1032 1793 1086 si
1807 1033 1907 1102 possi·

1072 1134 1149 1188 mus,
1165 1118 1194 1172 in
1210 1117 1286 1172 alios
1306 1121 1522 1190 retorquemus.
1539 1119 1640 1174 Taedet
1654 1135 1710 1175 nos
1725 1121 1810 1176 vesei
1825 1121 1906 1193 ligno

1074 1207 1152 1276 vitae,
1160 1205 1311 1262 Christum
1326 1207 1492 1278 Dominum,
1500 1207 1615 1263 seilicet
1625 1210 1655 1264 in
1667 1224 1757 1265 cruce
1772 1212 1905 1265 oontem-
1933 1209 1936 1215 ’

182 1299 346 1371 pandamus
362 1302 430 1371 quia
447 1299 573 1354 clamare
595 1314 651 1353 nos
674 1297 841 1352 necessitas
857 1294 1014 1366 compellit.
1071 1294 1157 1366 plari,
1167 1297 1309 1350 almanus
1323 1296 1359 1350 ad
1374 1294 1489 1368 liguum
1501 1296 1622 1352 vetitum
1635 1297 1832 1370 applicamus.
1839 1296 1905 1353 Non

184 1388 306 1444 Necnon
315 1388 474 1444 clamamus
487 1392 518 1442 ut
533 1387 569 1441 ad
581 1385 820 1457 compassionem
832 1387 869 1453 te,
881 1384 1015 1455 Domina,
1071 1398 1211 1440 curamus
1222 1399 1276 1454 per
1285 1383 1561 1454 contemplationem
1568 1384 1823 1456 paradisidelioiis
1833 1400 1905 1441 eon·

182 1477 367 1533 invocemus
388 1477 463 1531 Nam
488 1477 608 1547 propter
633 1475 711 1530 hunc
735 1474 894 1529 clamorem
917 1489 1016 1528 raucae
1071 1472 1173 1541 solari,
1189 1473 1243 1527 sed
1258 1472 1356 1544 potius
1377 1473 1515 1528 volumus
1531 1474 1559 1529 in
1574 1477 1762 1545 peccatorum
1778 1474 1904 1530 iaecibus

183 1566 269 1622 iactae
284 1571 352 1622 sunt
368 1565 471 1621 lauces
495 1581 580 1620 meae.
602 1563 677 1630 Quid
693 1579 766 1636 ergo
781 1562 907 1633 amplius
923 1561 1017 1635 afiligi
1069 1560 1213 1631 habitare,
1229 1565 1259 1617 et
1273 1562 1436 1617 vanissimo
1452 1579 1577 1634 qumque
1591 1567 1729 1632 tractare,
1739 1564 1841 1619 imout
1855 1578 1904 1620 ve·

182 1656 349 1726 permittis?
360 1654 391 1709 Si
407 1670 479 1725 ergo
495 1654 617 1708 multum
630 1652 806 1722 tardaveris
820 1666 923 1706 vocem
933 1651 1016 1704 amit·
1071 1665 1135 1704 rum
1151 1650 1262 1716 dicam,
1283 1649 1461 1706 fetidissima
1477 1654 1610 1707 stercora
1626 1653 1808 1708 masticare?
1827 1651 1902 1721 Heu,

182 1747 241 1798 tam
255 1742 419 1808 clamando,
432 1746 460 1797 et
472 1742 508 1796 ad
523 1745 551 1797 te
566 1742 693 1812 amplius
706 1741 864 1796 vociferari
874 1740 1014 1810 nequibo.
1032 1765 1055 1826 Β
1070 1743 1178 1810 quanta
1193 1739 1357 1808 insania,et
1368 1740 1530 1807 vanitas,et
1540 1735 1659 1795 caecitas
1675 1739 1821 1796 inaudital
1832 1741 1904 1796 Plus

183 1831 250 1887 Heu
266 1831 347 1901 mihi,
365 1831 434 1902 quid
450 1836 519 1885 tune
532 1830 648 1899 faciam,
661 1846 727 1885 cum
744 1844 799 1884 nec
814 1829 954 1884 exaudire
970 1843 1016 1883 me
1070 1828 1148 1883 enim
1163 1827 1251 1882 nobis
1267 1828 1372 1898 placet,
1389 1829 1419 1884 in
1435 1829 1537 1884 labore
1552 1830 1652 1899 nimio,
1670 1834 1698 1884 et
1712 1829 1824 1885 sudore
1837 1828 1904 1884 vilia

181 1920 309 1991 poteris,
326 1935 379 1974 nec
397 1920 522 1974 audire?
541 1919 623 1974 Tunc
647 1919 717 1989 quid
743 1919 862 1987 faciam,
880 1918 1013 1988 Domina,
1070 1919 1099 1970 et
1112 1920 1236 1972 mortem
1251 1920 1384 1971 nostram
1394 1919 1551 1990 acquirere
1565 1934 1654 1990 quam
1667 1935 1734 1973 oum
1749 1919 1831 1974 omni
1841 1918 1903 1973 dul·

183 2012 312 2064 cumulo
323 2007 1014 2079 iueropenitusdestitutus‘lTunoquidfaciam,
1070 2020 1139 2060 core
1155 2009 1182 2060 et
1197 2007 1342 2060 suavitate
1357 2007 1447 2063 vitam
1471 2023 1530 2062 non
1551 2008 1648 2063 solum
1667 2008 1835 2078 acquirere,
1850 2006 1904 2062 sed

184 2097 472 2153 eumtuauberanon
484 2095 1015 2167 poterisministrare?Cito,l)omina,
1069 2093 1156 2149 etiam
1172 2094 1299 2165 quodam
1314 2096 1400 2150 modo
1415 2096 1573 2167 possidere
1588 2100 1739 2166 aeternam,
1755 2100 1786 2150 et
1799 2095 1905 2168 glorio

184 2186 499 2254 subveniasclamauti,
510 2186 694 2240 nemonibus
711 2184 882 2255 subjaceam
894 2184 1015 2240 inimici.
1069 2182 1225 2237 Dominum
1240 2183 1409 2255 degustare.
1427 2182 1462 2238 Et
1476 2184 1552 2254 nisi,
1576 2184 1710 2252 Domina,
1736 2200 1795 2239 uos
1816 2184 1904 2256 adju·

183 2273 287 2345 Curre,
305 2274 423 2344 festina,
441 2273 574 2344 Douriua,
591 2277 673 2328 tuum
689 2274 906 2344 nequissimum
921 2289 954 2326 ae
971 2273 1017 2326 in·
1069 2271 1180 2341 aisses,
1193 2270 1322 2327 fortasse
1336 2274 1372 2327 ad
1387 2272 1495 2328 interni
1519 2273 1754 2345 profundissima
1763 2275 1904 2329 venisse-

183 2363 391 2419 fidelissimum
415 2378 535 2417 servum
560 2363 595 2417 ad
620 2368 647 2417 te
671 2363 843 2417 clamantem
868 2361 1017 2431 parcendo
1070 2375 1147 2414 mus.
1164 2360 1230 2415 Non
1248 2364 1303 2430 est,
1319 2361 1451 2431 Domina,
1469 2362 1548 2433 quod
1562 2377 1618 2417 nos
1632 2362 1726 2417 valeat
1745 2377 1904 2433 excusare,

184 2452 303 2524 adjuva,
320 2455 348 2506 et
363 2452 444 2520 eripe
466 2451 502 2506 de
522 2452 660 2506 manibus
675 2452 785 2505 inimici
801 2455 829 2506 et
844 2469 859 2505 a
875 2449 1016 2520 periculis
1070 2449 1138 2519 quia
1151 2464 1210 2503 non
1220 2452 1259 2519 te,
1272 2451 1324 2504 sed
1336 2450 1463 2505 Evamin
1471 2451 1608 2505 omnibus
1620 2452 1776 2518 imitamur,
1785 2451 1844 2506 imo
1852 2466 1904 2522 po·

182 2540 225 2595 tui
240 2541 347 2595 hostis.
363 2539 466 2594 Sinon
483 2541 578 2609 aliud,
596 2540 729 2609 Domina,
747 2540 867 2594 allicere
882 2543 909 2592 te
925 2539 1017 2594 debe·
1069 2537 1128 2592 tius
1145 2539 1376 2593 transcurrimus
1392 2539 1421 2593 in
1438 2539 1576 2594 malisFt
1593 2540 1657 2594 ideo
1671 2541 1759 2594 boca
1775 2544 1826 2595 tuo
1841 2539 1903 2595 cle·

184 2634 243 2700 ret,
259 2629 316 2682 nisi
332 2630 400 2699 quia
416 2634 484 2682 tuus
500 2628 597 2683 bostis
612 2628 699 2684 audet
710 2644 765 2684 uos
777 2629 916 2683 servulos
932 2630 1017 2682 inva-
1069 2627 1159 2680 menti
1174 2626 1316 2699 suffragio
1335 2631 1568 2698 cognoscentes,
1589 2634 1694 2699 perte,
1714 2629 1850 2697 Domina,
1868 2628 1905 2685 de

184 2716 254 2772 dere
278 2718 494 2787 fraudulenter,
511 2717 638 2771 deberes
663 2719 839 2788 quantocius
862 2717 1015 2772 festinare.
1068 2717 1147 2769 tanta
1161 2715 1282 2771 miseria
1299 2715 1451 2771 sublevari
1469 2721 1636 2786 sperantes,
1653 2721 1773 2788 propter
1787 2717 1857 2786 boe,
1868 2717 1907 2774 acl

184 2804 287 2874 Curre,
303 2811 331 2860 et
347 2806 439 2860 libero
447 2821 513 2876 noS,
525 2806 657 2871 Domina,
667 2810 787 2875 propter
796 2821 898 2860 corum
912 2820 1016 2876 super·
1070 2808 1109 2873 te,
1121 2804 1254 2873 Mutina,
1262 2806 1457 2877 suspiramus,
1464 2807 1652 2876 suspiramus
1660 2810 1758 2861 autem
1768 2806 1808 2862 de
1818 2805 1906 2863 boun

183 2894 262 2949 biam
276 2893 597 2963 reprimendamCurre
617 2910 652 2948 ne
671 2894 809 2949 inimicus
828 2895 972 2966 glorietur
986 2895 1017 2950 in
1068 2893 1173 2948 matris
1188 2892 1333 2964 absentia,
1353 2894 1455 2949 venire
1471 2894 1506 2950 ad
1523 2899 1561 2963 te,
1585 2895 1718 2965 Domina,
1737 2896 1903 2966 cupientes.

184 2982 243 3037 tuis
259 2983 406 3038 clientulis
423 2983 578 3038 docrinari.
594 2983 697 3054 Curre,
712 2999 748 3037 ue
763 2983 877 3038 dicant:
897 2983 955 3039 Ubi
970 2985 1017 3039 est
1068 2981 1269 3054 Suspiramus,
1281 2983 1318 3037 ad
1333 2988 1372 3053 te,
1385 2983 1518 3054 Domina,
1529 2984 1631 3040 videre
1646 2989 1727 3040 tuum
1740 2983 1849 3040 Filium
1864 2983 1907 3040 ai·

185 3088 286 3129 eorum
298 3071 430 3142 Domina,
441 3071 477 3127 de
488 3072 576 3143 eujus
592 3071 746 3128 clementia
757 3071 1016 3127 confidebant‘lNe
1068 3071 1222 3129 sectantes.
1245 3072 1450 3145 Suspiramus,
1472 3076 1610 3145 tanquam
1624 3072 1738 3144 parvuli
1757 3073 1797 3129 ad
1811 3074 1905 3130 ubera

183 3161 318 3231 mireris,
335 3161 472 3231 Domina,
494 3160 521 3215 si
545 3160 722 3230 clamamus,
744 3162 812 3232 quia
836 3176 941 3216 sumus
957 3176 973 3215 a
987 3162 1016 3217 te
1031 3123 1253 3232 canhelantes,
1265 3165 1402 3233 tanquam
1418 3161 1481 3232 tilii,
1493 3164 1522 3217 et
1532 3161 1646 3235 indigui
1660 3161 1697 3217 ad
1710 3164 1781 3218 tuos
1796 3166 1906 3218 mater·

183 3250 305 3305 nimium
315 3249 1015 3322 elongati.Inregionelonginquadissipavimus
1067 3248 1151 3304 nales
1167 3249 1341 3320 complexus
1355 3250 1574 3305 tendenteslid
1584 3255 1612 3306 te
1622 3251 1905 3323 suspiramnsdesi·

182 3343 295 3409 partem
307 3338 510 3404 nostramQui
527 3339 553 3392 si
568 3354 660 3410 prope
671 3352 808 3393 essemus
819 3339 936 3408 planius
947 3353 1014 3407 pos·
1068 3336 1159 3392 derio.
1180 3338 1224 3393 Ad
1238 3340 1267 3393 te
1281 3338 1466 3410 suspiramus
1479 3354 1579 3395 amore
1593 3339 1720 3410 interno,
1739 3344 1792 3395 tuo
1812 3339 1905 3397 nimis

183 3441 285 3482 semus
300 3426 396 3498 loqui,
417 3432 445 3481 ot
461 3427 527 3481 ideo
542 3442 690 3481 memores
707 3427 830 3481 uberum
846 3431 964 3481 tuorum
979 3427 1015 3481 ad
1068 3425 1205 3480 inebriati
1217 3443 1326 3481 amore.
1343 3427 1451 3482 Nullus
1467 3429 1555 3497 enim,
1573 3428 1631 3483 nisi
1647 3432 1715 3483 tuus
1729 3444 1824 3500 amor,
1842 3444 1904 3501 quo

182 3517 212 3569 te
226 3514 398 3570 clamamus.
413 3514 546 3569 Exsules
565 3532 580 3569 a
604 3516 708 3584 patria,
731 3515 853 3570 exsules
868 3533 884 3568 u
899 3515 1015 3571 visione
1069 3530 1140 3587 erga
1153 3516 1182 3570 te
1195 3531 1300 3570 sumus
1315 3517 1461 3586 inebriati,
1475 3517 1606 3591 Domina,
1619 3517 1814 3588 intrinsecus,
1822 3518 1905 3591 cogit

183 3603 300 3672 divina3
315 3618 370 3657 nec
385 3619 443 3657 non
456 3603 578 3657 exsules
594 3619 609 3657 a
625 3604 729 3674 gratia,
742 3603 865 3659 exsules
881 3619 1016 3660 accuso·
1069 3605 1335 3660 nosadteilomino
1345 3603 1903 3678 [lqdesiderio]suspirare.Quisenim

182 3690 291 3747 latione
306 3689 452 3746 maternal
475 3690 498 3745 Ο
512 3691 608 3746 anima
631 3708 710 3763 mea,
727 3709 780 3747 cur
794 3708 852 3747 non
866 3709 901 3748 es
915 3693 1015 3762 potius
1067 3696 1095 3747 te
1106 3709 1164 3748 uon
1184 3693 1334 3765 diligabat
1348 3694 1384 3748 ad
1394 3697 1423 3748 te
1435 3710 1494 3749 non
1503 3695 1636 3764 suspiret
1644 3693 1808 3763 desiderio,
1819 3693 1857 3752 ad
1873 3699 1903 3752 te

182 3783 349 3852 separataa
364 3795 488 3851 corpore
504 3796 591 3850 quam
614 3796 631 3835 a
653 3783 701 3836 tua
722 3782 846 3837 Domina
861 3780 1015 3837 exsulata?
1066 3783 1283 3854 reparationem
1296 3782 1435 3854 omnium,
1452 3783 1563 3838 amoris
1578 3783 1734 3854 caminum,
1749 3782 1905 3854 pulchrio-

182 3868 215 3925 Si
226 3885 261 3926 es
275 3869 409 3925 exsulata
420 3884 436 3923 a
447 3873 548 3938 matre,
559 3870 692 3925 exsulata
707 3885 741 3926 es
756 3886 773 3924 a
787 3871 881 3941 capite
891 3870 1012 3926 Christi.
1067 3887 1130 3927 rem
1141 3871 1386 3940 sole,dulciorem
1398 3871 1496 3943 melle,
1507 3872 1647 3927 bonitatis
1657 3873 1903 3943 thesaurum,bo-

182 3957 219 4014 Et
240 3957 387 4031 quomodo
411 3962 495 4028 potes
518 3957 610 4013 miser
634 3959 699 4014 sino
721 3961 815 4030 eapite
839 3958 1015 4015 ambulare?
1068 3960 1903 4032 nestatisspaeulum,omnissanctitatisexemplumtom·

182 4047 288 4104 Nonne
304 4048 371 4102 sine
386 4047 480 4117 capite
495 4047 646 4103 ambulare
657 4049 933 4104 essetmonstruml
948 4048 1013 4103 Heu
1068 4049 1156 4105 nibus
1180 4048 1257 4104 enim
1277 4049 1428 4112 amabilis,
1446 4048 1593 4118 affabilis,
1609 4050 1748 4105 omuibus
1769 4049 1904 4106 delecta-

180 4137 328 4205 mihi,eur
343 4152 408 4191 sum
425 4137 455 4190 in
471 4141 529 4191 tam
544 4137 665 4208 longum
681 4137 818 4191 exsilium
840 4138 1014 4210 relegatus?
1067 4138 1147 4193 bilis.
1179 4137 1273 4193 Sedes
1309 4153 1343 4193 es
1376 4137 1548 4208 sapientiae,
1579 4138 1688 4193 iluvius
1714 4138 1903 4211 clamenus,

181 4223 303 4290 Quando
318 4225 424 4280 videbo
434 4225 526 4281 Deum
537 4224 719 4280 Salvatorem
730 4228 847 4282 meum?
857 4229 906 4281 aul
920 4243 1013 4300 quan·
1066 4226 1169 4282 radius
1178 4226 1295 4282 deitatis
1305 4242 1313 4295 ;
1330 4241 1384 4281 nee
1404 4229 1459 4295 est,
1477 4227 1527 4297 qui
1546 4241 1580 4282 se
1600 4225 1762 4282 abscondat
1772 4242 1791 4282 a
1801 4227 1904 4285 calore

181 4312 219 4369 do
232 4316 336 4385 potero
347 4314 451 4369 saltem
462 4330 556 4369 meam
571 4313 725 4369 Dominam
740 4314 868 4370 intueri?
883 4315 947 4371 Non
960 4316 1012 4372 du·
1066 4317 1127 4371 tuo.
1156 4314 1206 4370 Sic
1229 4330 1301 4386 ergo
1323 4315 1360 4369 ad
1378 4315 1407 4370 te
1426 4314 1574 4370 desiderio
1594 4317 1623 4370 et
1641 4329 1741 4370 amore
1759 4315 1904 4372 medulli-

180 4402 253 4472 bito,
265 4402 398 4472 Domina,
411 4403 489 4474 quod
499 4404 525 4457 si
533 4403 571 4457 ad
582 4408 609 4457 te
620 4407 758 4474 tanquam
769 4404 891 4459 exsules
902 4405 1012 4460 clama·
1066 4407 1115 4459 tus
1124 4405 1322 4473 suspiramus.
1333 4402 1596 4475 Suspiramusnos,
1605 4405 1633 4457 et
1639 4401 1808 4458 vehementi
1814 4402 1903 4460 dolo·

181 4507 283 4547 remus
295 4492 430 4559 eorde,te
439 4491 581 4545 etFilium
589 4495 670 4545 tuum
681 4492 905 4561 possideremus
914 4494 1010 4563 plene.
1028 4476 1056 4540 D
1066 4507 1113 4558 re;
1131 4507 1198 4547 nam
1214 4491 1344 4561 undique
1361 4507 1416 4545 nos
1432 4490 1903 4562 angustiaepremunt.Quomodo

180 4581 240 4637 Cur
248 4595 323 4652 ergo
335 4579 471 4633 volumus
483 4579 530 4633 bie
538 4581 693 4650 quiescere
704 4585 841 4651 tanquam
854 4582 946 4652 cives,
958 4598 1013 4638 cur
1066 4578 1111 4653 [i.,
1119 4578 1356 4651 amodolergoud
1367 4582 1395 4633 te
1405 4580 1542 4633 solatium
1554 4580 1740 4648 miserorum,
1748 4578 1904 4654 remigium

179 4685 239 4725 non
263 4668 299 4723 ad
322 4667 443 4739 patriam
466 4667 659 4722 anhelamus?
679 4666 738 4722 Cur
762 4684 817 4722 nos
839 4667 1011 4726 affectamus
1064 4669 1266 4739 expulsorum,
1285 4668 1418 4722 liberatio
1438 4668 1632 4738 captivorum,
1648 4682 1759 4738 sponsa
1780 4667 1904 4724 adulto·

179 4758 303 4813 Matrem
319 4756 523 4811 dulcissimam
538 4756 806 4825 amplexaritouid
820 4774 878 4812 uon
894 4758 1010 4814 deside·
1065 4773 1145 4826 rum,
1170 4757 1285 4827 Regina
1309 4756 1508 4823 stellatorum,
1530 4756 1652 4810 Domina
1675 4756 1903 4827 universorum,

179 4863 282 4902 ramus
298 4860 400 4901 seeum
415 4849 524 4899 etcum
541 4843 615 4899 Filio
630 4860 685 4899 suo
701 4848 898 4901 commorari?
911 4846 936 4901 Ο
950 4848 1010 4902 Do·
1066 4845 1151 4899 etiam
1167 4844 1364 4911 inimicorum,
1377 4860 1436 4899 non
1452 4849 1498 4899 est
1512 4845 1630 4915 quitum
1645 4845 1788 4899 voluntati
1803 4844 1905 4901 valeat

178 4936 258 4989 mina
273 4934 342 4990 dum
362 4933 409 4987 bic
430 4948 534 4987 sumus
559 4933 695 5001 exsules,
715 4935 881 4989 constituas
902 4951 957 4989 uos
973 4949 1010 4990 ne
1066 4932 1241 4988 obviarem
1251 4933 1318 4988 ideo
1333 4933 1378 4988 sic
1393 4932 1495 5002 aiileti,
1505 4933 1550 4987 sic
1561 4931 1671 4999 miseri,
1683 4932 1721 4987 ad
1734 4931 1825 4988 talem
1841 4937 1902 4989 mm

179 5021 245 5092 hic,
262 5026 401 5095 tanquam
427 5021 457 5075 in
485 5021 577 5091 patria
600 5020 797 5091 confidentes,
827 5024 856 5078 te
878 5026 907 5077 et
928 5026 1009 5078 tuum
1067 5020 1902 5094 dulcem,tamsuavem,inomnibusadjutricem.lignum

179 5108 285 5165 Filium
305 5126 440 5180 quaerere
458 5110 649 5165 desistamus.
668 5108 717 5163 Sic
731 5114 828 5165 tamen
845 5112 1008 5167 constituas
1066 5111 1145 5179 ritae,
1160 5110 1371 5165 consolationis
1384 5110 1529 5181 radicem,
1543 5110 1578 5165 ad
1591 5113 1629 5176 to,
1647 5110 1749 5179 talem,
1760 5109 1901 5182 inquam,

176 5198 207 5252 in
235 5214 369 5268 corpore,
394 5200 426 5252 ut
452 5213 571 5269 semper
598 5200 694 5252 tecum
723 5199 818 5254 simus
848 5200 930 5253 cives
956 5199 1008 5253 in·
1065 5199 1218 5253 Dominam
1235 5199 1434 5269 suspiramus.

178 5289 286 5343 mente.
1100 5288 1126 5341 l.
1138 5286 1299 5343 Gemonias
1314 5293 1344 5342 et
1357 5287 1466 5342 {lentes
1479 5303 1511 5342 rn
1526 5287 1581 5343 liae
1595 5286 1797 5360 lacrymarum
1811 5285 1899 5342 valle.

213 5374 240 5431 6.
258 5374 333 5430 Filii
345 5375 428 5430 Era.
447 5375 523 5430 Vere
539 5376 591 5430 tilii
606 5375 687 5445 Eam,
699 5375 767 5447 quia
782 5375 914 5446 superbi,
930 5392 1010 5447 proe·
1064 5375 1118 5445 Tu,
1128 5375 1366 5444 Domina,nonne
1377 5375 1462 5431 vides
1473 5374 1551 5447 quod
1566 5375 1808 5431 totalitersumus
1820 5390 1900 5431 ama·

178 5464 356 5536 sumptuosi,
372 5462 530 5533 ambitiosi,
546 5465 626 5518 avari
641 5464 745 5519 saltem
760 5463 846 5519 libris
861 5466 890 5519 et
903 5465 1010 5519 seien-
1063 5464 1290 5536 ritudinepleni.
1303 5464 1386 5520 lutus
1399 5463 1903 5537 sumusgemeutesmxteriusllen·

176 5556 227 5625 tia,
239 5559 266 5609 et
282 5552 391 5608 utinam
409 5567 467 5607 nou
482 5567 516 5607 re
530 5551 601 5607 ulial
620 5553 729 5625 gulosi,
745 5551 891 5621 carnales,
901 5556 929 5607 et
943 5553 1009 5607 ino·
1061 5556 1117 5623 tes,
1130 5553 1159 5607 in
1171 5552 1228 5609 lioe
1243 5553 1410 5625 lacrymoso
1425 5553 1491 5608 loeo
1503 5552 1650 5625 jacentes.
1659 5551 1781 5609 Onerati
1792 5567 1900 5624 pecea-

176 5640 532 5717 bedientes,etbreviter,
545 5641 641 5719 ipsam
657 5640 749 5697 ilvam
762 5641 793 5697 in
809 5641 946 5699 omnibus
957 5656 1008 5699 se·
1061 5642 1101 5698 tis
1109 5640 1899 5719 geminusaggmuisomnolentissimos
