3900 6112
76 350 159 418 1325

473 527 496 581 ll

100 615 141 670 De
157 615 205 670 bis
220 615 269 686 qni
292 615 328 670 dc
353 617 501 684 parentela
526 633 579 671 sua
602 632 711 672 uxores
738 621 848 687 tonent,
875 621 903 673 et

64 719 175 759 uxores
191 706 347 773 parentum
359 720 494 775 suornm,
511 706 643 777 episcopi
654 707 824 761 canonicam
833 705 901 778 jus-

61 793 158 847 titiam
173 795 384 863 exsequantur.
404 793 469 847 Rex
484 795 561 847 enim
572 794 684 849 nultum
695 795 761 849 inde
774 796 901 851 sustinet

63 881 113 935 vel
127 884 235 950 tuetur,
254 880 307 935 sed
327 880 426 951 potius
441 882 600 952 episcopos
616 883 783 954 adjuvando
798 885 900 940 admo·

63 973 156 1025 uetut
171 969 219 1024 lex
235 968 288 1023 Dei
303 968 427 1024 firmiter
442 972 583 1025 teneatur.

462 1057 499 1112 lll

98 1128 280 1199 Presbyteri,
291 1129 420 1197 diaconi3
430 1131 605 1184 subdiaconi
614 1134 641 1184 ct
650 1147 753 1185 omncs
765 1133 899 1187 canonici

65 1220 94 1273 et
110 1217 225 1287 decani,
243 1216 351 1272 nullam
368 1219 486 1273 omuino
503 1219 640 1273 seminam
665 1219 800 1274 habeant.
816 1221 898 1285 Quod

64 1307 91 1359 si
120 1305 245 1376 posthac
271 1306 379 1376 aliquis
400 1306 531 1361 camdem
558 1308 672 1378 culpam
698 1309 782 1363 visus
812 1310 900 1365 suerit

63 1394 227 1462 incurisse,
241 1396 267 1449 si
283 1410 336 1465 per
350 1395 502 1450 ministros
518 1397 650 1466 episcopi
661 1398 743 1466 prius
759 1398 826 1452 inde
837 1398 899 1452 sue-

63 1482 103 1536 rit
112 1486 282 1551 accusatus,
299 1483 421 1538 incuria
437 1485 569 1554 episcopi
582 1500 615 1538 se
630 1485 777 1556 purgabit.
786 1486 816 1540 Si
828 1502 899 1542 vero

61 1571 303 1642 paroecianorum
318 1572 364 1625 vel
381 1571 566 1626 dominorum
583 1572 762 1644 aliquiseum
774 1559 898 1629 accusa-

63 1659 150 1727 verit,
168 1660 273 1714 habeat
289 1663 446 1715 accusatus
468 1661 612 1729 induciae,
631 1667 661 1714 ut
677 1679 742 1716 cum
758 1663 898 1734 episcopo

61 1749 161 1818 possit
176 1749 271 1820 loqui;
299 1752 327 1803 et
342 1749 368 1802 si
394 1765 521 1821 purgare
544 1767 577 1804 sc
598 1751 723 1805 voluerit
752 1752 779 1805 iu
796 1752 898 1807 eadem

60 1837 193 1916 paroecia
208 1838 255 1891 cui
272 1838 374 1905 servit,
392 1840 591 1907 praesentibus
606 1839 796 1908 parochianis
811 1841 901 1910 pluri-

62 1925 123 1980 bus
139 1929 206 1980 ante
227 1926 379 1981 ministros
403 1928 535 1997 episcopi
551 1931 579 1981 ot
605 1945 705 1983 coram
727 1929 842 1999 judicio
865 1945 898 1984 se

59 2015 213 2085 purgabit.
226 2014 374 2070 Sirerosc
384 2032 514 2088 purgare
526 2032 583 2071 nou
595 2017 731 2087 potuerit,
740 2017 898 2073 ecclesium

61 2102 168 2172 perdat
182 2104 460 2173 irrecuperabiliter.
476 2105 539 2160 Hoc
554 2110 651 2161 antem
661 2122 714 2161 rex
736 2107 898 2176 praedictus

62 2190 176 2257 statuit,
193 2206 252 2245 non
264 2192 593 2263 pereunitcrepiscopis
609 2195 674 2248 suis
683 2194 809 2249 debitam
821 2195 899 2251 aufe-

61 2278 155 2333 raudo
167 2278 332 2348 justitiam:
350 2281 403 2334 sed
420 2281 487 2351 quia
501 2298 535 2335 eo
551 2286 682 2351 tempore
691 2284 823 2354 episcopi
841 2284 896 2337 mi·

63 2382 123 2422 uus
140 2382 226 2438 quam
243 2369 434 2422 convenisset
455 2370 523 2424 iude
539 2369 670 2424 fecerant
686 2413 692 2439 ,
710 2371 804 2426 donec
832 2374 896 2441 ipse

61 2471 166 2511 eorum
181 2457 285 2510 videus
293 2457 526 2512 emendationem
536 2460 581 2513 eis
596 2459 732 2514 redderet
744 2476 796 2529 pro
807 2461 896 2515 bune-

59 2543 151 2609 tacto,
169 2544 246 2615 quod
258 2548 327 2599 tnnc
339 2545 375 2601 de
387 2561 475 2600 manu
488 2562 592 2602 eorum
607 2549 806 2617 temporaliter
821 2550 897 2604 tule-

60 2635 109 2688 rat
124 2648 176 2703 pro
192 2635 366 2689 commisso.
433 2637 437 2644 '

463 2724 499 2776 lV

97 2810 205 2865 Nullus
221 2810 317 2865 laicus
332 2811 361 2864 in
391 2811 535 2866 reditibus
555 2813 667 2883 altaris,
684 2814 731 2870 vel
748 2816 777 2869 in
793 2816 895 2885 sepul-

59 2903 139 2968 tura,
155 2898 201 2953 vel
212 2899 240 2953 in
250 2900 334 2955 tertia
349 2903 430 2969 parte
446 2901 569 2956 decimae
581 2900 691 2972 aliquid
707 2903 822 2972 habeat,
840 2919 895 2958 nec

57 2988 219 3060 pecuniam
234 3003 286 3057 pro
302 2989 407 3043 horum
424 2989 591 3044 venditione
607 2991 653 3044 vel
669 2990 824 3046 donatione
840 2992 895 3046 ali-

59 3079 210 3148 quatenus
224 3077 340 3131 habeat.
358 3078 420 3132 Nec
429 3077 662 3149 presbyteriude
679 3080 833 3134 servitium
847 3080 894 3135 fa·

58 3165 130 3234 ciat,
159 3166 217 3218 nisi
246 3166 424 3237 legationem
449 3168 558 3222 domiui
587 3169 634 3221 sui
662 3171 772 3238 portet,
798 3169 836 3223 ita
865 3174 895 3224 ut

58 3255 164 3309 endem
180 3253 227 3308 dic
242 3253 277 3308 ad
290 3253 449 3309 ecclesiam
466 3259 630 3310 revertatur
645 3258 893 3324 studuerimus,

54 3357 112 3415 per
128 3332 349 3397 Normanniam'
369 3343 564 3413 solummodo,
595 3345 705 3400 victum
721 3346 831 3401 domiui
847 3348 895 3402 sui

56 3431 188 3499 habeus,
205 3432 231 3485 si
247 3432 385 3486 dominus
411 3433 537 3487 volucrit
552 3449 654 3488 secum
678 3435 776 3502 vadet·
801 3437 896 3490 servi-

54 3520 134 3575 tium
144 3520 281 3574 ecclesian
296 3521 454 3591 presbyter
468 3521 584 3576 interim
600 3526 692 3577 curet.

94 3679 266 3750 Presbyteri
282 3680 318 3734 ab
343 3610 493 3750 episcopii
509 3681 555 3736 vel
571 3682 607 3736 ab
632 3698 734 3737 eorum
749 3684 894 3740 ministris

54 3769 281 3842 praeterjustos
296 3768 409 3824 reditus
428 3770 571 3841 episcopi,
588 3771 616 3823 vi
634 3771 681 3825 vel
707 3772 794 3827 minis
823 3773 893 3826 itare

55 3857 134 3914 nihil
149 3860 302 3929 cogantur.
320 3858 442 3927 Propter
457 3873 559 3914 eorum
575 3859 700 3914 feminas
714 3860 793 3914 nulla
809 3877 894 3930 pecu·

55 3947 118 4001 niae
134 3947 298 4002 emendatio
313 3947 459 4018 exigatur.

448 4036 485 4088 t'l

94 4124 304 4178 Archidiaroni
321 4140 374 4194 per
389 4125 648 4181 archidiaconatus
664 4142 737 4181 suos
756 4126 848 4181 semel
865 4127 894 4180 iu

53 4229 137 4268 auno
153 4212 394 4283 presbytororum
411 4213 896 4285 suffraganeorumsuorumvesti-

54 4304 168 4370 menta,
186 4304 214 4356 et
228 4302 347 4369 calices,
365 4307 392 4356 ct
410 4302 503 4357 libros
520 4303 647 4373 videant,
668 4304 833 4376 designatis
857 4305 894 4359 ab

54 4380 202 4462 episcopo
216 4390 245 4442 in
262 4406 439 4461 unoquoque
455 4391 693 4446 archidiaconatu
709 4393 894 4448 solummodo

874 353 1002 422 LEGES

1717 365 1797 430 1826

913 531 942 600 Ᾰ
959 549 1035 602 rium
1048 564 1135 603 suum
1151 554 1275 622 cogatur
1290 551 1345 604 hoc
1369 550 1487 606 solvere
1506 551 1570 607 sine
1588 553 1792 610 emendatione

961 640 1104 708 pecuniae.

1355 729 1393 782 lx

996 833 1104 887 laicus
1119 835 1324 905 presbyterum
1341 851 1400 890 non
1414 835 1461 890 det
1477 836 1523 890 vel
1535 837 1643 892 adimat
1655 839 1792 895 ecclesiae

961 921 1019 974 nisi
1035 937 1071 974 ex
1086 937 1237 976 consensu
1255 923 1405 993 praesulta.
1422 923 1514 988 Qu'em
1530 929 1626 979 tumen
1644 968 1650 994 ,
1678 928 1705 981 si
1723 927 1792 998 reji-

961 1010 1083 1064 ciendus
1099 1014 1155 1068 est.
1172 1012 1330 1081 episcopus
1342 1028 1400 1067 nou
1416 1012 1549 1082 repellat;
1565 1017 1594 1068 ct
1604 1015 1630 1068 si
1646 1016 1793 1086 repellen-

960 1099 1017 1153 dus
1030 1111 1074 1153 cst
1091 1120 1148 1153 uon
1164 1102 1299 1155 retineat.

1360 1191 1386 1243 X

993 1276 1024 1330 ln
1039 1278 1218 1332 caemeteriis
1234 1278 1430 1332 ecclesiarum
1445 1296 1511 1350 quae
1526 1283 1596 1335 suut
1620 1281 1650 1336 in
1662 1281 1789 1336 civitati-

958 1364 1025 1433 bus,
1036 1366 1081 1419 vel
1092 1366 1269 1434 incastellis,
1278 1368 1326 1420 vol
1335 1367 1364 1420 in
1376 1368 1491 1439 burgis,
1505 1369 1647 1441 quidquid
1658 1371 1791 1442 episcopi

957 1456 1088 1522 tempore
1104 1454 1245 1508 liodberti
1270 1455 1396 1521 comitis,
1414 1459 1443 1509 ot
1458 1455 1600 1510 Willelmi
1624 1458 1705 1529 regis
1722 1457 1789 1528 ejus

956 1556 1107 1596 consensu
1121 1542 1288 1596 habuerunt
1305 1585 1311 1611 ,
1329 1544 1462 1613 episcopi
1478 1545 1613 1600 habeant.
1631 1546 1662 1600 lu
1679 1561 1789 1600 eoeme·

955 1631 1039 1684 teriis
1055 1646 1198 1701 veroqnae
1210 1632 1239 1684 iu
1251 1632 1467 1701 marchissunt,
1478 1634 1505 1687 si
1516 1649 1625 1704 guerra
1646 1634 1744 1703 tuerit,
1760 1638 1789 1689 et

955 1718 1044 1789 aliqui
1061 1719 1097 1772 ad
1112 1719 1303 1773 habitandum
1318 1720 1360 1774 ibi
1379 1720 1487 1774 iaciant
1507 1723 1699 1790 mansionem,
1718 1722 1788 1777 dum

954 1823 1064 1878 guerra
1080 1806 1239 1876 duraverit,
1256 1812 1284 1862 ot
1303 1809 1361 1877 ipsi
1375 1812 1495 1878 propter
1510 1826 1649 1881 guerram
1668 1812 1697 1865 iu
1712 1812 1787 1867 atrio

916 1897 1127 1968 Bmauserint,
1156 1897 1265 1952 nullam
1289 1896 1511 1951 forisfacturam
1535 1900 1572 1953 ab
1602 1900 1646 1953 eis
1668 1900 1789 1955 habebit

954 1985 1125 2055 episcopua,
1137 1985 1196 2039 uisi
1207 2001 1295 2055 quam
1303 1985 1628 2058 habuisset,authuum
1637 1989 1674 2043 ad
1683 1989 1790 2043 atrium

954 2074 1171 2145 confugissent.
1200 2074 1273 2128 Cum
1301 2077 1398 2129 autem
1430 2093 1486 2144 pax
1510 2076 1586 2130 sacta
1609 2077 1708 2143 inerit,
1738 2078 1789 2148 qui
1843 2119 1845 2122 .

953 2166 1075 2232 propter
1086 2178 1224 2234 guerram
1241 2163 1388 2234 ingerant,
1405 2163 1614 2219 ‹lestrioexire
1630 2170 1787 2237 cogantur,

953 2257 1003 2304 aut
1018 2251 1237 2320 episcopalibus
1249 2250 1368 2322 legibus
1379 2256 1592 2320 supponantur.
1606 2253 1661 2318 Qui
1671 2268 1743 2308 vero
1758 2254 1788 2308 in

952 2340 1104 2409 praedictis
1116 2339 1295 2393 coemcteriis
1309 2340 1458 2410 antiquins
1472 2346 1654 2410 manserunt,
1668 2343 1697 2399 iu
1709 2341 1787 2396 cnti-

953 2444 1011 2499 qua
1022 2428 1191 2499 quietudine
1202 2431 1401 2496 permaneant.

1348 2517 1386 2570 Xl

986 2606 1131 2662 Ecclesiae
1146 2605 1282 2659 villarum
1307 2610 1448 2676 quantum
1465 2607 1645 2663 caemeteriis
1670 2609 1784 2665 hahue-

951 2702 1019 2751 runt
1033 2700 1163 2765 temporo
1190 2694 1331 2749 liodberti
1348 2696 1475 2765 comitis,
1502 2696 1548 2753 vel
1565 2700 1705 2767 qnantum
1729 2699 1784 2753 ba-

950 2786 1077 2840 buerunt
1119 2799 1214 2855 usque
1241 2783 1277 2836 ad
1303 2784 1381 2837 istud
1411 2785 1578 2854 concilium,
1595 2788 1707 2841 tantum
1729 2788 1784 2842 ha·

949 2875 1037 2928 beant
1050 2877 1094 2938 ;et
1104 2872 1133 2926 iu
1144 2873 1189 2926 eis
1198 2886 1249 2925 eas
1260 2873 1493 2927 consuetudines
1502 2873 1629 2928 habeant
1637 2875 1781 2947 episcopi,

948 2979 1022 3034 quas
1037 2967 1167 3030 tempore
1180 2960 1337 3015 liodbertis
1354 2961 1470 3015 comitis
1486 2962 1531 3016 vel
1541 2961 1685 3015 Willelmi
1699 2964 1782 3036 regis

948 3050 1016 3123 ejus
1034 3065 1184 3105 consensu
1206 3049 1382 3117 babuerunt,
1409 3050 1467 3103 nisi
1492 3049 1626 3119 episcopi
1653 3051 1781 3121 aliquam

948 3140 1148 3210 quietudinem
1164 3138 1288 3192 iecerint
1303 3138 1482 3193 concedente
1494 3154 1565 3210 rege
1576 3138 1737 3194 Willelmo.
1750 3139 1782 3195 Si

912 3234 1015 3323 cpost
1031 3228 1186 3283 concilium
1203 3228 1279 3281 iutra
1295 3226 1393 3281 villam
1415 3227 1513 3297 aliqua
1541 3244 1617 3281 nova
1641 3227 1778 3298 ecclesia,

948 3319 996 3386 sit,
1014 3318 1099 3370 sarriet
1124 3316 1282 3386 opiscopus
1314 3316 1515 3369 coemeterium
1541 3317 1779 3373 consideratione

947 3407 1132 3461 dominorum
1148 3410 1176 3459 et
1199 3404 1445 3474 parochianorum
1473 3404 1609 3475 ejusdem
1631 3407 1778 3462 ecclesiae.

947 3496 978 3550 Si
995 3510 1065 3552 vero
1091 3496 1173 3548 extra
1191 3493 1289 3547 villam
1305 3509 1380 3547 nova
1411 3492 1459 3546 hat
1488 3493 1626 3562 ecelesia,
1652 3494 1778 3567 indeque

948 3584 1068 3639 habebit
1084 3583 1212 3654 quinque
1225 3583 1353 3653 perticas
1370 3582 1541 3637 coemeterii.

1339 3670 1389 3724 xu
1540 3653 1545 3666 '

983 3763 1013 3815 Si
1043 3761 1169 3815 donatur
1192 3760 1346 3813 monacbis
1374 3760 1516 3828 ccclesia,
1547 3762 1704 3833 presbyter
1729 3764 1780 3834 qui

948 3851 1083 3924 ejusdem
1101 3850 1179 3903 tenet
1189 3847 1346 3901 ecclesiam
1358 3847 1520 3902 honorilice
1531 3851 1627 3904 teuent
1637 3851 1779 3922 quidquid

949 3941 984 3995 de
1000 3939 1101 3993 aedom
1113 3935 1239 3990 ccclesia
1255 3935 1376 3988 baberet
1391 3939 1547 4005 autequam
1562 3940 1700 3994 monachi
1715 3955 1779 3994 eam

949 4028 1110 4094 haberent3
1139 4027 1167 4080 et
1193 4029 1272 4079 tauto
1301 4023 1417 4092 melius,
1445 4030 1553 4094 quanto
1578 4029 1779 4083 sanctioribus

948 4119 1115 4172 associatur
1140 4112 1308 4168 homiuibus
1330 4127 1365 4166 eo
1389 4117 1486 4166 autem
1501 4118 1628 4184 mortuo,
1647 4117 1694 4169 vel
1723 4117 1778 4169 ali·

948 4211 1093 4278 quatenus
1104 4203 1268 4269 dosscieute,
1280 4199 1373 4254 abbas
1383 4200 1519 4254 idoneum
1533 4206 1646 4271 quaerat
1659 4202 1779 4273 presby·

946 4299 1053 4362 torum,
1071 4298 1099 4348 et
1129 4292 1352 4361 episcopocum
1369 4304 1421 4358 per
1440 4304 1473 4343 se
1487 4288 1534 4343 vel
1563 4305 1616 4360 per
1644 4290 1778 4345 nuntium

947 4399 1034 4438 suum
1050 4378 1300 4444 ostendatQuem,
1314 4377 1341 4431 si
1352 4377 1541 4447 recipiendus
1550 4381 1605 4446 est,
1618 4379 1778 4449 episcopus

55 4480 156 4534 tribus
169 4478 267 4547 ¹locis,
284 4479 333 4532 ubi
357 4479 445 4532 vicini
472 4481 638 4550 presbyteri
664 4481 699 4535 ud
721 4480 785 4536 haee
808 4498 894 4536 mon.
946 4472 1077 4542 recipiat.
1095 4470 1125 4524 Si
1141 4467 1376 4538 veroprcsbpter
1390 4482 1459 4520 cunr
1473 4465 1778 4539 monechisrcligiose

14 4545 19 4551 ι
54 4567 405 4623 strandaconvoccntur.
426 4567 828 4632 Quoeuimarchidiaconus
857 4572 891 4625 ad
947 4561 1046 4615 vivete
1066 4554 1779 4626 V0¹⁰0¹l¹tVideat¹¹1⁰⁰⁰¹0⁸5⁰2q⁰⁸m⁰pissss⁰pflli

56 4655 407 4724 haecvideudavenerit‚
424 4657 893 4728 apresbptepjsconveniuntqq.
946 4649 1063 4704 licentia
1077 4646 1205 4715 intravit,
1232 4645 1355 4699 honeste
1372 4647 1523 4713 tractetur,
1554 4645 1656 4698 tamin
1683 4645 1778 4698 vesti·

55 4743 130 4813 duo,
145 4745 173 4799 si
184 4745 309 4816 expedit,
327 4746 436 4801 victum
452 4746 558 4800 babeat
573 4746 631 4801 sibi
646 4748 758 4819 quinto,
946 4737 1053 4793 mentis
1077 4751 1163 4807 qnam
1180 4733 1265 4788 libris
1281 4735 1309 4787 et
1324 4733 1441 4787 caeteris
1458 4733 1594 4788 ccclesiae
1611 4733 1778 4788 serviendae

451 4834 504 4888 Vll
947 4821 1777 4893 necessariis,secuudumejusdemccclesiaesacultatem.

94 4922 127 4976 Si
148 4921 305 4993 presbyter
330 4921 564 4977 satisfactionem
588 4924 690 4979 fecerit
713 4926 748 4978 de
772 4924 893 4981 forestis
947 4915 1030 4980 QUOd
1046 4915 1071 4968 ⁸5
1087 4913 1242 4984 Pl⁰⁸bl²0¹¹
1257 4926 1322 4965 eum
1339 4910 1493 4966 ffl⁰¹¹⁸⁰hi⁸
1509 4910 1622 4980 vivere,
1639 4909 1778 4981 ⁰⁰¹⁰⁰P5b

49 5011 148 5082 regis,
166 5012 213 5065 vel
225 5013 370 5068 baronum
385 5011 453 5083 ejus
469 5013 579 5068 nullam
596 5013 831 5069 emendationem
845 5016 892 5069 in.
946 5007 1058 5059 iunium
1070 5005 1097 5057 ei
1113 5001 1261 5057 (letalibus
1276 5001 1312 5055 de
1323 4999 1409 5054 bonis
1419 5000 1565 5064 ecclesiae,
1576 4999 1689 5054 undeet
1704 4999 1780 5055 hene

53 5099 92 5155 de
108 5099 232 5155 habebit
246 5101 416 5172 episcopus.
948 5094 1059 5162 vivere,
1077 5095 1104 5146 ct
1118 5090 1255 5146 ecclesiae
1277 5088 1431 5144 servitium
1447 5087 1657 5142 convenienter
1685 5087 1783 5143 valeat

444 5190 506 5244 Vlll
948 5181 1117 5251 adimplere.
1134 5178 1217 5243 Quod
1232 5178 1257 5233 si
1273 5177 1366 5233 abbas
1381 5176 1478 5231 iacere
1502 5175 1640 5246 noluerit,
1657 5176 1693 5231 ab
1716 5176 1782 5248 epi·

93 5277 368 5348 Presbperisemat
382 5280 412 5333 iu
427 5294 503 5332 auno
515 5279 593 5334 circa
613 5279 810 5336 Pentecosten
826 5295 892 5335 cum
949 5286 1040 5342 scopo
1062 5267 1272 5325 ⁰0¹¹Vt³1¹i0¹1¹0ll
1300 5267 1423 5338 ⁰⁰8⁸i111'
1438 5269 1469 5320 Ui
1493 5264 1590 5319 sfflfll·
1618 5265 1782 5337 Plesbtiffl'

56 5367 309 5438 processionibus
324 5369 389 5423 suis
400 5368 437 5422 ad
456 5371 576 5422 matrem
588 5369 745 5423 ecclesium
762 5370 890 5439 veniant,
948 5376 1018 5416 vero
1034 5355 1329 5431 episcoposuojuste
1346 5355 1383 5409 sit
1399 5354 1583 5422 subditus,et
1594 5353 1782 5425 episcopales
1814 5358 1819 5369 '

55 5456 137 5511 etde
153 5455 282 5528 singulis
298 5458 434 5513 domibus
457 5473 534 5512 cerne
560 5456 738 5528 deneratam,
757 5458 892 5513 velidem
947 5450 1062 5505 reditus
1090 5446 1249 5520 persolvat·
1274 5443 1346 5508 Quae
1370 5459 1443 5499 V⁰1⁶0
1473 5442 1726 5513 superabussdflnb
1752 5443 1784 5540 {¹1

53 5544 172 5614 valens,
190 5545 225 5599 ad
240 5546 461 5602 illuminandam
476 5545 634 5602 ecclesiam
659 5547 742 5601 altari
757 5546 891 5603 offerant.
947 5555 1023 5594 usus
1047 5534 1219 5593 monasterii
1244 5533 1292 5588 Sui
1310 5532 1402 5587 ubb⁸⁸
1424 5532 1539 5587 habim·
1567 5531 1630 5588 H⁰⁰
1645 5531 1723 5587 idem
1753 5542 1785 5586 ω

55 5630 141 5701 Quod
157 5633 208 5707 qui
219 5632 459 5708 tacerenoluerit,
475 5633 675 5708 apresbytero
688 5651 744 5709 per
758 5636 893 5696 ministe·
947 5627 1086 5688 ecclesiis
1102 5623 1311 5682 canonicorum
1326 5622 1511 5683 observetur.
