3908 6112
73 339 128 402 349

483 338 611 403 LIBER
631 338 687 401 DE
708 337 875 400 MESSIAE
896 336 1102 403 ADVENTU
1126 340 1382 404 PRAETERITO

1626 312 1630 319 ’
1730 344 1789 410 eoo

73 541 146 612 quod
163 546 269 612 captus
291 541 379 597 suerit
394 542 424 596 in
439 541 568 611 peccetis
593 541 715 608 nostris,
732 540 810 593 sicut
830 539 903 592 dixit
922 529 937 588 i
964 539 1126 594 secundum
1137 542 1296 611 prophetas
1308 542 1459 610 sustinuit,
1472 543 1612 615 etplures
1623 544 1796 615 captivatio·

73 630 226 696 ieremias,
248 631 322 701 quod
343 630 516 685 vulneratus
536 630 624 684 tuerit
645 630 675 683 in
697 629 804 699 palmis
824 629 899 683 suis.

73 718 144 772 sieut
154 719 231 773 dixit
240 719 409 786 Zacharias,
420 719 791 791 quodsuperejusrestem
799 717 900 772 missas

72 810 134 859 sunt
160 812 273 875 sortes,
299 808 375 862 sicut
400 809 468 861 licit
492 808 583 861 David
607 806 700 875 (Psnl.
727 809 795 876 χχι),
822 806 900 876 quod

71 894 240 949 ascenditin
251 896 368 964 coelum,
382 897 459 950 sicut
468 896 540 951 dixit
550 896 627 950 idem
639 896 790 966 propbeta,
803 895 898 964 etalii,

71 981 141 1052 quod
158 997 219 1038 nou
234 985 390 1038 conveniat
405 985 466 1038 Deo
482 985 509 1037 in
525 985 657 1039 essentia
672 985 735 1038 sive
751 984 780 1037 in
796 986 899 1037 natura

71 1070 175 1140 divine,
186 1071 352 1126 seeundum
364 1088 451 1144 quam
459 1088 513 1127 nec
524 1074 664 1145 resurgit,
677 1088 731 1128 nec
741 1073 897 1142 exaltatur,

71 1174 116 1213 nec
126 1159 226 1231 sedet,
244 1162 299 1215 ne'c
314 1161 477 1216 descendit.
489 1161 533 1215 Ex
544 1161 592 1215 his
603 1178 669 1233 quea
684 1161 836 1216 dictasunt
849 1177 899 1216 se·

69 1247 497 1323 quiturnecessarioquodjam
505 1251 619 1305 venerit
630 1250 677 1305 ille
688 1250 801 1321 justus,
812 1249 900 1321 cujus

69 1340 175 1393 naturae
188 1354 343 1409 corporeae
358 1339 424 1394 haec
434 1341 584 1411 praedieta,
596 1344 623 1394 et
633 1340 751 1409 similia,
762 1342 900 1409 poterunt

69 1428 235 1483 convenire.
255 1427 286 1483 Si
309 1432 405 1483 autem
425 1431 476 1485 tibi
492 1430 608 1485 videtur
623 1431 697 1484 forte
712 1430 818 1484 durum
833 1445 896 1484 crc-

68 1515 137 1581 dere,
150 1515 275 1572 domine
290 1518 341 1588 mi,
357 1519 436 1589 quod
453 1520 538 1573 homo
550 1534 712 1589 corporeus
723 1519 857 1573 ascendit
867 1519 897 1573 in

68 1605 180 1673 celum,
188 1606 260 1661 audi
269 1608 458 1662 auctoritates
467 1607 707 1678 etexemplaquee
719 1606 788 1660 mihi
796 1622 898 1662 occur-

68 1697 126 1747 runt
135 1693 175 1749 de
184 1693 483 1764 Scripturisnostris.
496 1696 531 1751 Et
546 1711 636 1765 super
651 1695 708 1751 hoc
722 1696 792 1750 dicit
804 1696 896 1750 David

65 1781 207 1852 propheta
220 1782 261 1838 de
274 1783 324 1838 illo
336 1801 343 1839 :
358 1786 520 1841 «Ascendit
530 1785 611 1840 Deus
623 1785 651 1839 in
662 1785 751 1839 altum
762 1789 790 1839 et
800 1785 897 1839 selva·

66 1870 102 1924 bit
126 1871 351 1943 captivitatem,
377 1873 456 1928 dedit
483 1874 560 1928 dona
581 1872 792 1929 hominibusi
819 1875 934 1959 Dicit3

10 1954 12 2021 ζ
65 1961 144 2015 etiam
159 1961 190 2014 in
207 1960 409 2030 psalmonxvu
419 1962 638 2017 deaseensioae
650 1962 732 2033 ejus:
745 1985 755 2012 ι
766 1963 895 2018 iubilate

66 2048 119 2104 Deo
128 2052 159 2103 et
172 2049 340 2121 glorificate
351 2065 456 2106 nomen
466 2050 544 2122 ejus,
556 2051 717 2122 iterfacite,
730 2053 780 2122 qui
791 2067 895 2107 ascen·

64 2137 101 2192 dit
112 2137 150 2193 de
164 2139 304 2208 partibus
319 2139 497 2208 occidentis,
522 2140 667 2195 Dominus
684 2156 791 2195 nomen
810 2141 861 2195 illi.
881 2164 892 2190 ι

64 2225 173 2295 Adhuc,
198 2227 317 2283 domine
336 2228 391 2295 mi,
407 2227 478 2282 dixit
497 2229 590 2282 David
613 2229 648 2284 de
669 2228 717 2284 illo
734 2230 763 2283 in
779 2230 893 2300 psalmo

63 2329 144 2386 quem
158 2320 192 2371 tu
208 2314 303 2371 habes
317 2317 348 2370 ia
364 2316 471 2372 corde:
489 2317 637 2372 «iubilate
653 2317 713 2373 Deo
724 2318 774 2390 qui
785 2334 893 2373 ascea-

64 2401 99 2457 dil
112 2418 208 2474 super
222 2405 330 2459 coelum
346 2405 413 2460 coeli
423 2405 458 2460 ad
470 2405 622 2461 orientem.
641 2405 739 2461 1Etde
753 2408 810 2462 isto
821 2407 893 2461 dixit

63 2492 164 2548 Amos:
177 2514 190 2542 ι
204 2492 349 2554 Dominus
364 2495 475 2566 estqui
492 2495 648 2550 aedificavit
662 2495 693 2550 in
708 2495 828 2550 excelso
845 2511 893 2550 se·

64 2578 122 2634 dem
137 2597 237 2636 snam.
247 2605 260 2629 ι
272 2580 307 2636 Et
315 2582 351 2637 de
362 2585 428 2655 ipso
437 2584 507 2660 dicit
518 2584 603 2638 etiam
615 2584 708 2638 David
719 2585 749 2639 in
757 2585 871 2654 psalmo
883 2601 889 2640 ε

67 2669 222 2724 *Ascendit
232 2669 314 2725 Deus
325 2671 354 2725 in
364 2670 459 2742 jubilo
468 2676 496 2726 et
507 2672 650 2728 Dominus
660 2672 690 2726 in
702 2687 775 2727 voce
783 2673 889 2727 tubae.»

64 2754 101 2810 De
123 2757 190 2827 ipso
215 2759 304 2813 etiam
328 2760 402 2813 dixit
420 2760 497 2815 Aser
517 2760 659 2831 propheta
679 2776 742 2831 cap.
769 2761 808 2815 h:
826 2761 893 2816 Vidi

64 2843 204 2902 bominem
220 2846 450 2903 descendentem
459 2849 494 2903 de
504 2849 592 2904 corde
608 2849 699 2903 maris
714 2853 742 2903 et
755 2851 892 2920 pervenit

64 2935 194 3005 usquead
202 2936 311 2991 coslum
320 2936 811 3008 (abathuiauonhabemusistam
823 2954 890 3008 pro·
916 2952 921 2963 ¹

62 3021 250 3094 phetiamt-l'),
259 3024 366 3080 obmisi
376 3027 464 3080 multa
472 3025 890 3099 scriherequaeallegatsuper

62 3109 120 3167 hoe.
132 3111 212 3167 Dicit
222 3113 310 3167 etiam
320 3114 422 3169 Moses
437 3115 467 3168 in
483 3115 611 3170 cantico:
627 3116 766 3171 «Levabo
777 3117 814 3170 ad
826 3133 888 3171 coe-

60 3197 114 3253 lum
123 3215 245 3256 manum
257 3217 383 3256 meam.»
400 3202 474 3257 Dicit
486 3203 572 3257 etiam
590 3203 684 3258 lsaias
697 3221 703 3259 :
720 3204 886 3278 Consurge,

60 3301 215 3361 consurge,
231 3289 386 3345 brachium
402 3290 528 3347 Domini.
548 3315 558 3339 ι
576 3291 615 3346 Et
626 3293 662 3347 de
678 3293 734 3349 isto
750 3295 836 3349 etiam
848 3297 888 3352 nit
904 3259 928 3321 c

58 3375 136 3431 hana
151 3381 247 3432 mater
260 3377 425 3435 Samuelis:
440 3403 451 3428 ιι
473 3380 559 3432 Dabit
575 3380 717 3436 Dominus
731 3382 885 3452 imperium

58 3464 115 3536 regi
133 3481 191 3521 sae
209 3469 239 3521 et
255 3466 427 3523 sublimabit
441 3469 679 3524 cbristunrsnum
696 3470 802 3545 (IHeg.
816 3473 883 3542 ιι).ι

58 3549 142 3607 David
153 3553 243 3609 etiam
249 3554 338 3611 dixit:
349 3578 361 3604 ι
373 3557 663 3612 AscenditDominns
674 3575 765 3629 super
773 3576 886 3631 pennas
916 3588 918 3592 ·

56 3641 311 3713 rentornmffsel.
320 3647 420 3714 svnt»
432 3645 519 3700 Etbae
527 3648 716 3701 auctoritates
726 3655 886 3706 occurrunt

56 3728 120 3783 mihi
129 3729 168 3785 ad
178 3732 363 3800 probandum
372 3732 883 3806 exaltationemChristicorporalem

57 3819 882 3897 usqueadcretumsstsuntplurosaliaequaetu,domine,

56 3905 124 3962 bene
140 3908 216 3963 seis.
226 3908 312 3963 Nunc
323 3909 410 3965 etiem
429 3911 562 3980 exempla
577 3912 675 3984 aliqua
689 3914 832 3969 adducam
848 3916 883 3971 de

57 3992 116 4067 lege
130 3999 246 4065 nestra,
263 3999 330 4068 quia
341 3998 458 4054 videtur
471 3999 557 4054 etiam
568 4001 655 4056 nobis
671 4003 793 4057 multum
809 4019 883 4059 con·

57 4084 174 4140 veniens
182 4086 392 4158 crederequod
403 4087 433 4142 in
443 4103 569 4159 corpore
580 4090 714 4144 ascendit
723 4092 752 4146 in
763 4092 881 4160 coelum,

57 4168 107 4227 boc
120 4176 168 4229 est
187 4178 309 4245 prepter
333 4176 615 4249 considerationem,
632 4194 699 4234 nem
717 4181 747 4233 in
768 4181 832 4253 lege
855 4186 883 4236 et

56 4258 881 4341 iaPraphetisinvenimusquodDeusverusetgloriosus

56 4351 215 4420 assumpsit
223 4350 260 4406 de
276 4355 363 4422 terre,
380 4357 408 4409 et
422 4354 548 4431 elevavit
559 4347 882 4424 pluressanctosviros

56 4440 147 4503 patres
157 4443 290 4495 nestros.
305 4440 369 4497 Etsi
379 4443 492 4497 deistis
504 4459 561 4498 non
577 4444 745 4500 dubitamus
761 4452 882 4517 propter

56 4539 152 4581 earam
173 4528 359 4584 sanctitatem
389 4534 418 4585 et
438 4535 558 4602 propter
577 4534 777 4588 testimoninm
799 4533 880 4589 Seri-

963 642 1018 683 nes
1033 630 1133 683 mundi
1148 647 1235 701 qnam
1250 630 1401 702 aliquisde
1411 632 1573 702 praedictis.
1590 633 1625 688 Et
1641 637 1794 705 praeterea,

964 717 1090 787 domine,
1104 719 1168 772 sine
1183 720 1308 789 exempli
1320 722 1464 790 positione
1476 722 1537 775 scis
1553 722 1631 792 quod
1647 721 1796 776 Mathusa-

962 805 1057 861 lemet
1073 807 1276 879 Henochjusti
1286 810 1333 879 (5),
1360 814 1388 864 et
1411 808 1492 864 Elias
1517 810 1658 881 propheta
1676 810 1798 865 fuerunt

962 896 1105 965 assumpti
1121 912 1137 949 e
1153 897 1212 952 Dee
1228 897 1263 951 de
1278 899 1386 954 mundo
1401 900 1458 954 isto
1469 900 1498 953 in
1514 899 1690 970 corporibus
1721 899 1795 953 suis.

962 983 1003 1038 De
1026 984 1108 1038 blase
1124 986 1210 1039 etiarn
1225 1003 1284 1041 noa
1305 991 1352 1042 est
1379 987 1580 1057 dubitandum,
1611 987 1682 1058 quin
1706 987 1745 1041 sit
1768 987 1798 1041 ia

962 1074 1036 1127 coelo
1051 1073 1252 1144 incorporent
1268 1076 1372 1142 anima,
1395 1079 1424 1129 ut
1442 1076 1548 1131 dicitur
1577 1078 1660 1132 Deut.
1691 1092 1793 1130 χχχιιι.

962 1161 1039 1215 Dixit
1055 1162 1134 1216 Deos
1149 1163 1184 1216 ad
1197 1162 1299 1217 Mosen
1313 1180 1319 1217 :
1335 1188 1345 1211 ι
1360 1165 1496 1218 Ascende
1511 1165 1539 1218 in
1549 1168 1678 1220 montem
1694 1168 1792 1220 nocte.

961 1253 1113 1304 etmorero
1127 1249 1179 1318 ibi,
1201 1255 1229 1304 et
1245 1253 1379 1308 aseendit
1400 1254 1429 1306 in
1456 1256 1583 1308 montem
1607 1257 1636 1308 et
1658 1257 1792 1309 mortuus

960 1340 1014 1393 est.
1028 1338 1063 1392 Et
1073 1340 1298 1395 nescivithoma
1322 1341 1517 1412 sepulchrum
1546 1342 1612 1413 ejus
1644 1359 1740 1414 usque
1763 1344 1792 1397 in

960 1426 1134 1483 hodiernum
1143 1430 1219 1483 diem
1229 1429 1326 1499 (Dent.
1343 1434 1453 1494 xxxiv).
1466 1455 1477 1478 ι
1495 1431 1531 1485 Et
1546 1431 1616 1502 quid
1632 1431 1790 1503 significat,

959 1517 1038 1586 quod
1049 1516 1240 1586 sepulchrum
1251 1517 1318 1589 ejus
1333 1522 1379 1572 est
1394 1519 1526 1588 ignotum
1551 1520 1581 1573 in
1604 1522 1693 1589 terra,
1724 1534 1789 1574 cum

959 1605 1023 1674 ipse
1055 1606 1108 1659 suit
1131 1604 1273 1676 propheta
1294 1606 1390 1678 maj0r
1412 1611 1439 1662 et
1462 1608 1595 1663 sanctior
1625 1609 1705 1676 aliis,
1732 1609 1791 1663 nisi

958 1694 1036 1764 quod
1050 1694 1129 1748 Deus
1147 1695 1334 1749 resuscitavit
1349 1711 1426 1764 eum,
1444 1698 1472 1750 et
1484 1697 1648 1766 assumpsit
1662 1712 1729 1752 eum
1759 1698 1789 1752 in

959 1797 1081 1852 corpore
1102 1786 1129 1837 et
1144 1784 1240 1836 anima
1256 1785 1333 1837 sicut
1350 1783 1424 1838 tilios
1439 1783 1541 1856 justos
1565 1786 1739 1855 assumpsit,
1759 1788 1788 1841 et

957 1869 1082 1924 elevavit
1097 1872 1132 1925 ad
1144 1871 1239 1927 locum
1256 1872 1305 1926 ubi
1320 1877 1389 1926 sunt
1404 1872 1458 1940 (dli
1473 1872 1535 1926 Nec
1560 1890 1616 1927 nes
1644 1874 1788 1928 debemus

957 1960 1056 2012 mirari
1064 1976 1154 2029 supra
1171 1961 1237 2030 bec,
1250 1961 1328 2030 quod
1340 1976 1391 2014 aer
1402 1961 1457 2015 iste
1468 1961 1543 2015 levis
1554 1965 1583 2015 et
1593 1962 1789 2032 subtiliepos·

956 2050 1002 2101 set
1013 2052 1130 2117 portare
1145 2065 1270 2120 corpora
1284 2055 1343 2103 tam
1355 2066 1465 2121 grossa
1478 2054 1506 2104 et
1522 2051 1698 2119 ponderosa,
1721 2051 1789 2122 quia

955 2138 1136 2191 nesscimus
1151 2139 1229 2208 quod
1246 2154 1331 2209 aqua,
1349 2154 1415 2208 quae
1431 2143 1477 2193 est
1497 2139 1528 2193 in
1543 2140 1661 2193 raritate
1682 2140 1788 2194 similis

956 2226 1026 2293 aeri,
1040 2226 1156 2296 quando
1171 2227 1279 2298 placuit
1293 2228 1430 2296 potentias
1446 2228 1647 2297 omnipotenti,
1660 2230 1788 2298 portavit

955 2327 1080 2383 corpora
1095 2314 1223 2369 filiorum
1239 2315 1330 2369 lsrael
1346 2313 1374 2368 in
1391 2330 1493 2369 eorum
1510 2315 1589 2370 exitu
1600 2315 1635 2371 de
1651 2314 1784 2387 AEgppte

955 2402 1062 2472 (Exod.
1080 2407 1150 2475 xiv),
1166 2407 1195 2457 et
1209 2404 1326 2474 quando
1342 2404 1396 2457 fuit
1412 2400 1564 2474 acceptum
1590 2404 1780 2472 saerisscium,

954 2490 1034 2562 ignis
1046 2491 1199 2546 descendit
1211 2492 1246 2547 de
1258 2491 1344 2559 coelo,
1357 2494 1385 2546 et
1396 2492 1532 2558 elevavit,
1545 2495 1573 2546 et
1581 2493 1708 2562 portavit
1719 2509 1783 2547 eor-

955 2595 1025 2648 pora
1040 2579 1592 2652 pecorumetboumquaeollerebantur
1604 2580 1785 2636 Deo.bloses

954 2684 1025 2722 vero
1041 2672 1069 2722 et
1080 2668 1159 2723 Elias
1171 2669 1421 2739 prophetaverunt
1438 2668 1475 2724 de
1501 2670 1580 2724 illius
1592 2669 1667 2741 justi
1685 2670 1785 2725 eleva-

953 2755 1031 2813 tione
1047 2756 1132 2824 (Gen.
1150 2759 1190 2827 ν),
1207 2774 1241 2812 nc
1255 2757 1474 2827 aliiprophetae.
1488 2756 1572 2812 Unde
1589 2774 1655 2813 cum
1671 2762 1786 2830 oportet

953 2848 1245 2902 nosessecredentes
1257 2847 1293 2902 de
1304 2847 1468 2902 elevatione
1484 2862 1626 2916 corporee
1638 2847 1784 2903 dictorum

953 2935 1451 3002 sanctorum,eursumusincreduli
1464 2937 1500 2991 do
1513 2935 1677 2991 elevatione
1693 2937 1782 2992 istius

950 3023 1035 3093 justi,
1048 3027 1075 3077 et
1091 3040 1156 3077 eum
1167 3023 1311 3078 elevatum
1322 3038 1391 3078 esse
1408 3025 1437 3077 in
1454 3025 1571 3093 emtum,
1593 3025 1628 3077 de
1653 3039 1712 3095 quo
1741 3027 1782 3078 tot

952 3116 1020 3167 sunt
1035 3113 1202 3167 testimonia
1231 3113 1440 3183 prophetarum
1455 3113 1484 3165 in
1509 3112 1682 3182 Scripturis,
1706 3113 1783 3168 sicut

951 3202 1061 3255 dictum
1077 3205 1122 3255 est
1137 3205 1165 3255 et
1180 3206 1283 3270 posset
1306 3201 1414 3265 induci,
1433 3203 1464 3254 ut
1478 3201 1547 3272 quie
1571 3202 1644 3255 satis
1659 3205 1780 3272 apparet

952 3290 1030 3362 quod
1047 3291 1126 3344 Deus
1141 3291 1307 3360 assumpsit
1321 3291 1479 3360 predictos
1489 3289 1782 3362 sanctos,dequibus

951 3380 1051 3433 nullus
1068 3379 1190 3448 dubitet,
1216 3382 1246 3432 ut
1262 3380 1297 3431 ad
1325 3379 1413 3433 baem
1442 3379 1671 3448 disponerentur
1693 3379 1782 3434 corda

951 3468 1113 3537 hominum,
1131 3469 1242 3524 etutde
1259 3469 1434 3523 ascensione
1451 3469 1498 3522 sui
1524 3467 1599 3523 Justi
1620 3468 1706 3522 etiam
1722 3484 1781 3523 non

951 3557 1128 3612 dubitarent.
1147 3557 1201 3611 Est
1227 3560 1323 3612 autem
1339 3560 1367 3612 et
1384 3557 1440 3611 alia
1464 3563 1562 3612 causa¹
1573 3573 1665 3628 quare
1682 3563 1709 3612 et
1724 3557 1782 3627 ipsi

949 3647 1044 3701 nostri
1060 3647 1203 3713 dubitant,
1220 3647 1287 3717 quia
1298 3647 1442 3701 adventus
1454 3646 1521 3716 ejus
1536 3646 1650 3717 primus
1667 3645 1722 3700 ruit
1735 3661 1782 3700 oc·

949 3734 1057 3804 cultus,
1068 3739 1096 3790 et
1106 3735 1211 3789 modus
1224 3736 1371 3804 insolitus,
1380 3737 1457 3796 sicut
1468 3735 1651 3791 dieitlsaias:
1662 3757 1674 3783 r·
1684 3733 1779 3789 Homo

948 3826 994 3879 est
1009 3829 1036 3880 et
1048 3824 1114 3895 quis
1126 3827 1286 3897 cognoscet
1297 3825 1404 3878 cumb
1416 3824 1501 3894 (Περ.
1515 3842 1535 3877 ιι
1541 3841 1549 3889 ;
1562 3824 1648 3879 Dent.
1660 3827 1780 3894 χχχιχ.)

947 3912 1027 3968 Idem
1049 3913 1190 3983 propheta
1215 3913 1301 3968 etiam
1323 3912 1393 3966 dicit
1413 3929 1448 3966 :a
1472 3913 1565 3984 Virgo
1585 3913 1731 3982 concipiet
1752 3915 1781 3967 et

947 4003 1040 4071 pariet
1051 4001 1232 4070 filium(lsai.
1245 4002 1315 4070 rm).
1331 4025 1341 4048 ι
1355 4001 1411 4056 Ubi
1421 4001 1632 4055 advertendum
1640 4004 1686 4055 est
1700 4002 1779 4072 quod

946 4094 1023 4146 tacet
1040 4092 1076 4145 de
1099 4095 1180 4162 patre
1205 4089 1369 4144 secundum
1392 4104 1520 4158 carnem,
1544 4090 1573 4144 et
1587 4089 1779 4160 propterhoc

946 4181 1023 4251 quod
1034 4179 1101 4234 alibi
1113 4179 1198 4233 dicit:
1215 4201 1225 4225 ι
1238 4177 1304 4231 Νοιι
1316 4177 1516 4247 reputavimus
1526 4192 1594 4233 eum
1603 4176 1685 4245 (lsai.
1698 4180 1776 4248 virt.»

946 4267 981 4322 Et
1006 4268 1150 4322 ieremias
1175 4266 1258 4320 dicit:
1277 4289 1288 4312 ι
1313 4264 1436 4337 Signum
1446 4280 1555 4320 novum
1571 4267 1683 4319 creavit
1697 4265 1777 4322 Deus

946 4373 1037 4427 super
1071 4359 1189 4411 terram.
1223 4354 1329 4410 Mulier
1356 4354 1551 4409 circumdabit
1588 4355 1694 4423 virum,
1720 4358 1776 4410 ete.

943 4445 1026 4516 (lsai.
1051 4445 1123 4515 nm.)
1141 4469 1152 4493 ι
1171 4444 1246 4498 Dicit
1270 4443 1356 4498 etiam
1380 4441 1514 4497 Micheas
1531 4458 1537 4497 :
1558 4443 1706 4514 «Propter
1720 4443 1776 4499 boc

945 4536 1025 4590 dabit
1039 4535 1083 4590 eis
1100 4534 1179 4589 Deus
1196 4548 1291 4604 usque
1308 4530 1342 4586 ad
1358 4534 1475 4601 tompus
1490 4532 1519 4585 in
1534 4547 1592 4603 quo
1608 4533 1776 4605 parturiens

55 4615 149 4686 mure,
165 4631 257 4688 quere
268 4617 436 4674 dubitamus
447 4620 483 4675 de
494 4622 671 4677 ascensione
682 4623 760 4677 lusti
774 4622 804 4677 in
815 4618 915 4678 cor-D
944 4624 1037 4694 pariet
1065 4623 1168 4692 (llicli.
1192 4622 1231 4691 v),
1250 4645 1261 4670 ι
1285 4620 1318 4675 Et
1344 4621 1502 4675 notandum
1526 4621 1604 4692 quod
1625 4636 1684 4676 non
1708 4619 1778 4677 iacit

55 4716 120 4769 pare
132 4708 161 4758 et
177 4705 286 4776 anime,
302 4707 350 4762 cui
364 4709 460 4780 magis
475 4707 626 4779 Scriptura
642 4710 776 4780 perhibet
791 4728 879 4782 quam

57 4787 110 4844 illis
122 4793 321 4850 testimonium
333 4796 519 4851 sanctitatis?
529 4796 564 4852 Et
575 4798 643 4869 quia
658 4799 878 4879 durinsbellum

86 5038 344 5107 (ltilreeinaeutro
355 5041 460 5167 dggaei
470 5045 564 5115 mpite
571 5044 726 5114 habentur,
734 5061 789 5100 nec
796 5046 877 5117 quid·

57 5121 132 5177 amm
141 5112 261 5183 quoded
270 5111 320 5168 illa
331 5128 401 5170 acce
423 5117 461 5180 at,
477 5115 637 5188 attingatve
647 5117 757 5172 Christi
769 5132 875 5173 aseen-

57 5178 168 5304 siopenr,
177 5183 232 5309 sept
242 5184 320 5240 beno
333 5185 451 5256 qnidam
463 5201 489 5239 c.
499 5185 516 5240 t
528 5187 564 5241 de
577 5184 645 5258 ejus
657 5189 787 5244 adventu
799 5203 805 5243 :
817 5189 876 5244 Ve-

57 5262 98 5303 ue
110 5291 118 5315 ,
133 5268 163 5307 ιιι
228 5296 236 5310 .

83 5320 130 5391 (δ’)
140 5270 213 5380 13¹
224 5325 371 5386 habemns
395 5341 474 5397 eam,
500 5328 553 5382 sed
574 5328 638 5401 ipso
661 5332 730 5385 tuno
751 5329 876 5385 nescivit

58 5392 123 5461 quad
132 5393 265 5468 Aggasus
275 5395 305 5450 in
317 5395 420 5451 Istinc
431 5402 590 5453 vocaretur
599 5398 677 5454 Aser
693 5400 723 5454 in
734 5400 873 5456 Arabico.

84 5460 119 5544 (ξ)
129 5456 218 5522 Caute
227 5465 307 5540 lege,
326 5482 394 5522 nam
411 5468 447 5523 de
464 5467 587 5523 Henach
598 5474 627 5524 et
638 5469 699 5524 Elia
711 5474 827 5525 tantum<
838 5487 876 5527 ex

58 5529 440 5612 &pammachium-es,
452 5539 537 5594 vives
551 5541 581 5594 in
591 5541 767 5611 corporibus
777 5557 815 5596 ex
825 5543 874 5599 bo-

58 5609 524 5680 nuum-eommoassomptos3
545 5611 581 5667 de
597 5612 873 5669 Mathusalemvero

58 5683 100 5751 »γε
111 5675 257 5749 Scriptura
273 5679 394 5749 indicat,
410 5694 467 5736 nee
481 5681 560 5736 ullus
576 5682 696 5737 Petrum
711 5684 817 5754 prodit.

83 5744 116 5811 ld)
129 5746 168 5804 lta
189 5750 312 5822 qnidam
334 5750 371 5807 de
395 5751 478 5807 Mose
502 5753 597 5809 sensit
612 5753 707 5824 Philo,
722 5754 773 5810 lib.
791 5756 871 5810 mdc

942 4711 1085 4782 propbeta
1100 4711 1276 4766 mentionem
1291 4710 1327 4764 de
1342 4710 1446 4764 marito
1469 4710 1556 4765 istius
1570 4710 1772 4780 parturientia,

942 4817 1018 4869 eum,
1030 4800 1131 4872 inquit,
1145 4799 1324 4854 nativitatem
1335 4798 1423 4853 istius
1436 4797 1510 4870 justi
1519 4798 1569 4870 qui
1581 4799 1676 4854 solum
1688 4803 1775 4854 natus

940 5047 1005 5101 Vita
1030 5047 1134 5112 blesis,
1150 5046 1204 5100 sed
1218 5047 1264 5100 est
1281 5045 1379 5115 opinio
1399 5048 1494 5102 aliona
1509 5055 1773 5118 prorsusameate

939 5122 1110 5173 sanctornm
1125 5119 1255 5183 Petrum,
1265 5131 1332 5170 eum
1347 5121 1414 5172 ante
1428 5118 1609 5174 descensum
1619 5119 1774 5177 Christiad

938 5189 1051 5244 interos
1074 5189 1268 5261 ejusdemque
1287 5187 1323 5240 ad
1346 5189 1453 5244 coelum
1468 5205 1639 5261 ascensum,
1660 5192 1773 5248 nullum

937 5259 1773 5329 fuissebeatum,autincoelumreceptum,fldescatholica

938 5329 1279 5402 doeeat.Potuitquidem
1287 5328 1388 5383 Moses
1396 5328 1589 5387 cumGhristo
1599 5349 1771 5407 resurgere,

937 5418 1004 5457 oum
1015 5404 1176 5473 codemque
1187 5402 1217 5455 in
1228 5398 1335 5454 coelum
1344 5400 1557 5469 conscendere,
1572 5406 1602 5456 ut
1612 5404 1772 5459 multorum

936 5476 981 5528 est
991 5473 1154 5543 probabilis
1164 5470 1277 5541 opini03
1290 5474 1319 5524 at
1332 5472 1409 5541 quod
1423 5470 1524 5527 Moses
1538 5474 1637 5527 statim
1649 5491 1664 5527 a
1675 5477 1769 5530 morte

936 5559 989 5597 sua
1005 5544 1218 5609 resurrexerit,
1243 5546 1271 5595 et
1296 5543 1325 5594 in
1342 5543 1447 5597 coelum
1464 5543 1600 5598 sublatus
1616 5546 1664 5608 sit,
1682 5546 1770 5615 idque

935 5615 1075 5686 colligere
1087 5631 1124 5670 ex
1135 5614 1235 5669 verbis
1248 5614 1330 5666 Dent.
1349 5630 1406 5679 xiv,
1424 5613 1655 5669 manifestasset
1673 5632 1769 5670 error.

938 5686 1008 5739 Vide
1019 5686 1069 5740 lib.
1083 5703 1113 5739 ιχ
1121 5685 1284 5739 Metuendae
1296 5683 1426 5758 theologi
1441 5685 1620 5740 Dominieani
1638 5685 1673 5739 de
1691 5685 1770 5739 Anti·

935 5756 1057 5825 christo,
1076 5772 1140 5827 cap.
1155 5754 1183 5811 8.
