3900 6112
161 267 244 347 1855

742 262 964 328 WILLELMI
984 257 1305 336 sollertissumus

1806 264 1881 330 lass

163 469 379 541 ranna,aliique
386 467 578 540 quamplures
586 465 724 521 militaris
735 464 1002 536 prestantiaetama
1018 449 1043 514 Α
1059 463 1231 536 profugere.
1241 464 1382 520 Valentes
1392 463 1465 520 iecit
1474 464 1590 538 aliquos
1603 466 1732 521 salutem
1745 464 1830 520 valde
1843 483 1888 523 eu·

163 557 394 615 celebratissimi
406 559 434 611 et
445 571 571 627 quorum
583 555 701 610 nomina
712 555 904 609 historiarum
916 554 1000 608 volu-

163 645 295 703 minibus
314 643 651 702 interbellicosissimos
669 643 868 697 commendari
886 643 999 698 deceat.

56 734 66 747 ”
166 735 337 791 Willelmus
345 749 417 789 veru
428 734 488 788 dux
499 748 601 788 eurum
613 733 686 786 adeo
698 732 858 802 prestabat
867 732 910 786 ais
921 729 1002 785 torti·

165 819 999 894 tudine,quemadmodumprudentia,utantiquisduoibus

165 913 337 969 Graecorum
362 910 426 965 sive
443 911 645 965 Romanorum
664 909 714 979 qui
730 909 854 962 maxime
879 907 999 979 scriptis

160 1002 327 1069 laudantur,
345 999 411 1053 aliis
422 999 526 1053 merito
546 999 586 1052 sit
602 997 819 1068 praeferendus,
836 997 902 1051 aliis
920 1012 999 1052 com·

163 1088 323 1159 parandus.
336 1086 484 1142 Mobiliter
494 1086 577 1140 duxit
587 1085 636 1140 ille
645 1084 788 1140 cohibens
802 1085 912 1156 lugam,
924 1085 999 1139 dans

161 1178 276 1232 animos
284 1175 409 1246 periculi
420 1175 532 1242 socius,
543 1174 656 1245 saepius
668 1174 801 1229 clamans
812 1179 842 1228 ut
853 1174 998 1243 venirent,

161 1264 367 1336 quamjubens
377 1265 431 1318 ire.
449 1263 534 1318 Unde
545 1263 657 1334 liquido
666 1263 850 1335 intelligitur,
863 1263 1000 1317 virtutem

161 1354 203 1409 illi
219 1353 360 1423 praeviam
377 1353 489 1422 pariter
504 1353 616 1407 iecisse
635 1352 778 1408 militibus
796 1352 894 1406 iteret
908 1351 1000 1406 auda-

163 1443 248 1499 ciam.
261 1440 319 1497 Cor
329 1441 428 1496 amisit
448 1441 562 1512 absque
574 1441 697 1496 vulnero
709 1457 779 1512 pars
800 1440 930 1495 hostium
942 1456 1002 1495 non

162 1530 478 1601 modica,prospiciens
489 1530 567 1584 hunc
576 1529 781 1584 admirandum
794 1544 829 1584 ao
841 1529 1002 1585 terribilem

162 1619 301 1692 equitem.
314 1618 391 1689 Equi
401 1621 464 1673 tres
476 1618 647 1674 ceciderunt
658 1619 715 1673 sub
736 1634 770 1673 eo
784 1618 927 1673 confossi.
944 1618 1002 1673 Ter

162 1707 212 1764 ille
221 1708 341 1763 desiluit
352 1706 528 1776 intrepidus,
540 1722 596 1761 nec
613 1706 664 1761 diu
677 1721 758 1762 mors
770 1706 900 1761 vectoris
910 1705 1002 1761 inulta

163 1796 315 1853 remansit.
328 1795 384 1850 Hie
394 1794 538 1849 velocitas
556 1793 635 1866 ejus,
654 1795 703 1849 bic
715 1795 807 1850 robur
825 1793 892 1865 ejus
906 1794 1002 1848 videri
1020 1822 1042 1881 Β

164 1883 400 1955 potuitcorporis
413 1887 440 1937 et
447 1884 547 1938 animi.
560 1883 659 1954 Scuta,
675 1884 786 1955 galeas,
798 1883 917 1951 loricas,
928 1883 1002 1937 irato

164 1986 305 2029 mucrone
320 1974 348 2025 et
362 1987 473 2026 moram
490 1970 669 2043 dedignante
689 1972 871 2042 penetravit3
899 1971 1002 2042 clypeo

166 2076 223 2117 suo
237 2058 396 2115 nonnullos
412 2058 532 2113 collisit.
557 2059 699 2114 Mirantes
722 2075 789 2114 eum
812 2059 939 2130 peditem
954 2059 1002 2114 sui

164 2148 285 2217 milites,
311 2147 446 2218 plerique
465 2147 593 2203 contecti
617 2147 803 2218 vulneribus,
824 2148 915 2203 corde
932 2151 1001 2202 sunt

165 2236 359 2307 redintegrati
367 2276 373 2288 .
381 2234 417 2289 Et
428 2235 571 2304 nonnulli,
588 2234 733 2306 quosjam
744 2236 868 2307 sanguis
877 2251 911 2290 ao
921 2237 1001 2291 vires

165 2325 316 2393 dallciunt,
337 2324 431 2379 scutis
453 2323 546 2379 innixi
569 2324 695 2378 viriliter
714 2324 893 2396 depugnent,
910 2324 1000 2395 aliqui

165 2428 239 2470 voce
254 2415 283 2467 et
297 2413 429 2482 nutibus,
450 2428 517 2468 cum
528 2412 607 2467 aliud
616 2429 675 2467 non
685 2414 794 2482 valent,
806 2414 907 2468 socios
918 2413 1000 2467 insti·-

165 2505 246 2575 gant,
257 2516 295 2556 ne
305 2501 406 2556 timide
416 2501 522 2556 ducem
533 2504 746 2572 sequantur,ne
758 2501 909 2557 victoriam
920 2515 936 2556 e
946 2516 1003 2559 ma.

164 2589 253 2645 nibus
273 2589 427 2644 dimittant.
449 2589 569 2645 Auxilio
593 2589 658 2659 ipse
676 2590 777 2645 multis
801 2593 888 2661 atque
914 2588 1002 2645 saluti

164 2676 229 2732 tuit.

200 2765 273 2821 Cum
289 2765 420 2821 Heraldo
435 2766 495 2835 tali,
521 2766 637 2837 qualem
658 2770 792 2837 poemata
806 2768 906 2822 dicunt
921 2767 1000 2823 llec·

165 2857 260 2910 torem
275 2854 323 2909 vel
338 2853 480 2924 Turnum,
496 2869 556 2909 non
572 2855 670 2910 minus
686 2857 808 2911 auderet
831 2856 1001 2912 Willelmus

165 2944 310 3015 congredi
335 2944 481 3016 singulari
497 2946 668 3014 cartamine,
685 2959 772 3016 quam
788 2946 920 3001 Achilles
936 2962 1002 3001 cum

1058 553 1144 623 piens
1158 554 1285 608 animus.
1299 553 1388 609 llulta
1404 553 1594 609 siluestribus
1608 554 1638 607 in
1653 554 1766 609 abditis
1780 570 1887 610 raman-

1058 645 1162 697 scrunt
1173 642 1328 710 cadavera,
1339 642 1442 712 plures
1454 643 1612 697 obfuerunt
1621 642 1821 714 sequentibus
1829 659 1889 713 par·

1056 729 1163 786 itinera
1180 730 1315 801 collapsi.
1333 730 1528 786 Northmanni
1546 731 1616 786 licet
1634 730 1741 802 ignari¹
1752 732 1888 802 regionis,

1058 818 1143 873 avide
1167 819 1409 890 insequebantur,
1440 819 1589 875 caedentes
1618 835 1669 875 rea
1686 823 1781 891 terga,
1803 819 1890 889 impo-

1058 911 1163 962 nentes
1176 923 1293 962 manum
1304 909 1436 962 ultimam
1446 908 1578 962 secundo
1590 909 1725 980 negotio.
1737 909 1762 961 Α
1774 910 1891 963 mortuis

1060 996 1146 1049 etiam
1161 1011 1305 1067 equorum
1319 997 1441 1066 ungulae
1466 995 1611 1066 supplicia
1635 1011 1806 1065 sumpsere,
1828 996 1890 1051 dum

1059 1098 1167 1137 cursus
1184 1083 1266 1138 tieret
1281 1098 1371 1152 super
1389 1082 1537 1153 jacentes.
1554 1083 1652 1139 Rediit
1668 1088 1769 1138 teman
1783 1083 1892 1155 lugien-

1060 1171 1138 1226 tibus
1153 1171 1339 1240 confidentia,
1355 1172 1451 1225 nactis
1465 1171 1502 1225 ad
1527 1170 1734 1226 renovandum
1748 1176 1890 1229 certamen

1059 1260 1216 1314 maximam
1224 1260 1617 1330 opportunitatempraerupti
1629 1259 1755 1315 valliset
1764 1259 1890 1331 trequar

1060 1348 1130 1402 tium
1146 1349 1306 1403 fossarum.
1318 1348 1398 1404 Gens
1410 1348 1547 1420 equidem
1556 1347 1605 1403 illa
1617 1351 1724 1403 natura
1735 1364 1853 1419 semper
1863 1351 1889 1404 in

1058 1436 1170 1492 ferrum
1184 1440 1317 1507 prompta
1332 1437 1395 1501 ruit,
1408 1437 1595 1491 descendens
1606 1438 1644 1491 ab
1664 1437 1789 1509 antiqua
1803 1438 1888 1493 Sero·

1057 1541 1127 1580 num
1143 1526 1268 1598 origine,
1295 1527 1552 1581 ferocissimorum
1574 1526 1742 1581 bominum.
1760 1527 1888 1597 Propulsi

1057 1630 1117 1670 non
1147 1615 1286 1683 tuissent,
1301 1615 1361 1668 nisi
1383 1613 1548 1669 fortissima
1568 1615 1599 1667 vi
1623 1617 1764 1687 urgente.
1788 1616 1887 1686 llcgen

1059 1702 1245 1770 Noricorum,
1271 1718 1380 1774 magno
1410 1703 1544 1757 exercitu
1559 1702 1670 1758 fretum
1699 1704 1886 1773 etbellicosu,

1059 1808 1146 1862 quam
1162 1791 1247 1846 facile
1263 1807 1357 1862 nuper
1371 1791 1519 1847 vicerunt.
1544 1808 1549 1814 ·

1094 1880 1227 1936 Cernens
1235 1879 1468 1936 autemlelicium
1479 1880 1634 1952 signorum
1645 1880 1884 1937 ductorcoburtas

1059 1970 1207 2040 inopinato
1218 1968 1513 2040 collectas,!quamvis
1525 1969 1642 2024 noviter
1651 1969 1795 2025 advenire
1806 1971 1887 2025 subsi-
1921 2016 1924 2021 .

1059 2060 1140 2113 dium
1155 2061 1280 2128 putaret,
1304 2074 1362 2113 non
1387 2057 1468 2112 flexit
1489 2058 1545 2112 iter
1557 2073 1657 2129 neque
1673 2059 1818 2127 substitit,
1838 2063 1882 2113 ter·

1059 2147 1174 2203 ribilior
1188 2162 1254 2202 cum
1269 2152 1352 2217 parte
1368 2146 1461 2201 bastae
1478 2161 1563 2217 quam
1579 2146 1709 2219 grandia
1723 2147 1838 2217 spicula
1850 2149 1880 2201 vi

1059 2236 1189 2303 brentes,
1205 2234 1397 2290 Eustachium
1412 2235 1549 2289 comitam
1563 2250 1631 2289 eum
1652 2236 1798 2291 militibus
1811 2237 1883 2307 quin·

1060 2323 1882 2396 quagintaaversumetrecoptuisignacunerevoleoten‚

1060 2430 1097 2468 ne
1112 2413 1207 2468 abiret
1220 2413 1297 2467 virili
1313 2427 1386 2468 voce
1400 2413 1598 2482 compellavit.
1614 2413 1667 2467 llle
1690 2418 1794 2469 eontra
1812 2413 1881 2468 iani·

1061 2502 1172 2557 liariter
1186 2503 1215 2555 in
1231 2516 1331 2556 aurern
1352 2501 1437 2555 ducis
1453 2501 1579 2556 reditum
1599 2503 1709 2572 suasit,
1735 2504 1880 2572 proximan

1062 2591 1090 2645 ei
1104 2591 1131 2645 si
1145 2594 1282 2663 pergeret
1298 2594 1420 2645 mortem
1435 2589 1612 2659 praedicens.
1624 2590 1699 2644 llaec
1714 2591 1795 2645 inter
1809 2590 1880 2645 rerba

1062 2694 1229 2749 percussus
1253 2678 1432 2734 Eustachius
1447 2678 1523 2732 inter
1537 2678 1678 2749 scapulas
1701 2679 1764 2734 ictu
1779 2694 1879 2748 sonoro,

1063 2769 1150 2840 cujus
1166 2768 1340 2840 gravitatem
1355 2767 1453 2821 statim
1469 2768 1593 2838 sanguis
1608 2767 1832 2823 demonstrabat
1842 2783 1880 2822 na-

1059 2858 1144 2912 ribus
1153 2861 1181 2911 at
1191 2872 1252 2925 oro,
1265 2856 1350 2926 quasi
1359 2854 1553 2910 moribundus
1565 2857 1663 2910 evasit
1673 2871 1731 2926 ope
1742 2858 1874 2911 comitum.

1059 2947 1135 3015 Dux,
1152 2944 1354 3000 tortitudinem
1369 2944 1487 2999 omnino
1503 2943 1673 3016 dedignans
1689 2947 1742 2999 aut
1757 2945 1878 3010 dedecus,

167 3031 306 3101 Hectore,
317 3033 364 3088 val
376 3032 491 3088 AEneas
502 3048 569 3088 oum
589 3033 699 3089 Turno.
712 3034 830 3106 Tydeus
844 3035 1002 3090 adversum
1058 3034 1202 3089 invadens
1217 3033 1353 3104 protrivit
1379 3033 1581 3087 adversarios.
1607 3032 1639 3087 ln
1666 3048 1703 3088 eo
1729 3048 1878 3106 congressu

88 3147 96 3169 ·
168 3120 324 3177 insidiatos
339 3121 553 3194 quinquaginta
570 3123 653 3191 rupis
664 3124 766 3194 petivit
775 3139 871 3194 opem,
888 3122 1002 3178 Willel·
1059 3122 1330 3178 Northmannorum
1345 3121 1434 3193 aliqui
1456 3121 1620 3176 nobiliores
1648 3122 1829 3191 ceciderunt,
1842 3120 1879 3175 ad·

166 3224 234 3265 mus
248 3226 311 3280 par,
333 3210 411 3265 haud
435 3209 558 3266 interior
581 3211 658 3281 loco,
681 3212 765 3267 solus
787 3228 846 3267 non
870 3212 1003 3268 extimuit
1059 3211 1198 3267 versitate
1212 3211 1270 3265 loci
1286 3211 1395 3265 virtute
1410 3225 1513 3265 eorum
1528 3209 1678 3280 impedita.
1703 3210 1755 3265 Sic
1777 3209 1878 3265 victoria

170 3298 259 3353 mille.
276 3297 409 3369 Scriptor
422 3298 592 3355 Thebaidos
608 3300 655 3354 vel
671 3299 830 3370 AEncidos,
852 3300 902 3370 qui
918 3301 1003 3356 libris
1059 3303 1271 3367 consummata,
1300 3299 1335 3354 ad
1358 3314 1458 3354 aream
1481 3298 1551 3353 belli
1581 3314 1761 3370 regressuS,
1791 3298 1879 3371 reperit

168 3388 198 3441 in
212 3386 289 3456 ipsis
305 3386 421 3456 poetica
432 3387 499 3457 laga
513 3387 548 3441 ‹la
564 3391 681 3459 magnis
699 3387 812 3458 majora
832 3391 950 3458 canunt,
965 3404 1004 3443 ax
1058 3393 1189 3461 stragem
1205 3404 1292 3460 quam
1312 3404 1371 3443 non
1390 3388 1504 3460 absque
1525 3387 1719 3443 miseratione
1733 3388 1877 3458 conspexit,

166 3475 283 3530 actibus
293 3473 385 3545 hujus
398 3473 454 3527 viri
466 3489 550 3545 aequa
562 3475 782 3546 magnum,plus
792 3477 913 3548 dignum
930 3493 1003 3533 con·
1058 3476 1287 3533 tametsit'aotam
1295 3477 1324 3531 in
1333 3477 1451 3547 impios,
1463 3476 1753 3547 tametsi,tvranuum
1764 3476 1877 3532 occidere

167 3559 1001 3636 siderentlt'.,conticerentlopusveracanendo.Protecto,
1057 3566 1141 3639 J'usto
1153 3564 1459 3635 bello,sitpulehrum,
1470 3565 1546 3618 fama
1559 3564 1738 3636 gloriosum,
1755 3564 1877 3621 benetieio

166 3650 192 3705 si
208 3652 349 3721 quantum
364 3649 494 3721 dignitas
506 3651 636 3706 materiae
647 3652 851 3723 suppeditaret
862 3653 1002 3709 carmini·
1060 3660 1186 3728 gratum.
1202 3654 1274 3708 Lata
1291 3653 1388 3710 solum
1413 3653 1529 3724 operuit
1545 3653 1723 3709 sordidatus
1746 3656 1776 3709 in
1793 3666 1877 3709 cruere

165 3738 223 3793 bus
234 3737 436 3794 edissererent
445 3739 770 3810 condecentibus,inter
778 3742 1002 3813 divosipsorum
1059 3744 1115 3799 llos
1138 3743 1273 3815 Anglioae
1288 3742 1449 3798 nobilitatis
1465 3744 1552 3812 atque
1572 3740 1754 3813 juventutis.
1772 3742 1877 3812 Propius

165 3825 1003 3895 stylivenustatatransferrenteum.Nostraverotenuis
1059 3847 1161 3905 regem
1186 3832 1295 3886 iratres
1319 3829 1387 3903 ejus
1402 3831 1459 3886 duo
1476 3830 1583 3899 reperti
1604 3833 1685 3885 sunt.
1707 3832 1776 3902 lpse
1791 3844 1876 3886 carens

164 3928 255 3984 prosa
265 3915 416 3970 titulatura
426 3915 523 3986 ipsius
534 3917 696 3973 humillima
706 3921 899 3992 regnantibus
908 3921 1003 3991 pieta·
1059 3922 1138 3977 omni
1154 3922 1261 3977 decore
1276 3920 1454 3992 quibusdam
1479 3919 1589 3991 signis,
1604 3935 1795 3992 nequaquam
1809 3919 1877 3985 facie,

164 4003 223 4057 tem
238 4003 268 4058 in
285 4003 365 4059 cultu
380 4004 446 4060 veri
462 4005 525 4075 Dei,
537 4006 587 4078 qui
601 4006 685 4063 solus
697 4009 733 4063 ab
750 4013 862 4065 aeterno
873 4009 903 4064 in
914 4009 1003 4064 tinem

167 4092 347 4149 seculorum
370 4095 398 4148 et
412 4094 489 4148 ultra
515 4095 594 4149 Deus
618 4100 674 4166 est,
697 4097 842 4168 praelium,
867 4114 925 4170 quo
940 4100 1000 4153 tam

168 4178 283 4235 lortiter
298 4195 386 4252 quam
398 4181 481 4253 juste
497 4183 578 4253 vicit,
599 4185 698 4240 veraci
716 4187 840 4242 termino
855 4188 998 4259 brevique

168 4268 334 4324 concludat.

200 4356 266 4413 lam
285 4357 425 4414 inclinatu
436 4359 494 4428 die,
509 4360 586 4416 haud
597 4361 686 4417 dubie
696 4362 837 4419 intellexit
852 4366 1001 4421 exercitus

166 4444 331 4517 Anglcrum
342 4461 376 4500 se
387 4449 466 4502 stare
480 4451 582 4503 contra
593 4449 814 4506 Northmannos
825 4453 935 4509 diutius
944 4470 1004 4510 nun

165 4530 269 4588 valeri.
295 4533 449 4589 Noverunt
472 4550 506 4591 se
520 4536 681 4593 diminutos
704 4539 823 4594 interitu
846 4542 1002 4597 multarum

165 4618 327 4694 legionum,
344 4637 447 4694 regem
471 4624 569 4693 ipsum
589 4628 617 4681 et
632 4626 741 4683 iratres
757 4628 835 4699 ejus,
858 4631 1004 4703 regnique

164 4709 288 4778 primate
299 4710 458 4767 nonnullos
469 4714 805 4788 occubuisse‚quotquot
816 4718 919 4790 reliqui
935 4722 1006 4775 sunt

1059 4010 1232 4082 recognitus
1261 4013 1307 4065 est
1335 4013 1363 4063 et
1384 4009 1415 4063 in
1446 4012 1545 4064 castra
1568 4009 1655 4064 ducis
1682 4010 1815 4079 delatus,
1839 4006 1878 4078 qui

1059 4099 1261 4155 tumulandum
1276 4114 1343 4153 eum
1358 4097 1511 4153 Willelmo
1526 4099 1687 4169 agnomine
1696 4099 1812 4154 Maletlo
1823 4111 1876 4151 con·

1060 4190 1161 4257 cessit,
1185 4204 1244 4242 nou
1259 4188 1343 4242 matri
1358 4201 1411 4256 pro
1435 4202 1561 4257 corporo
1585 4187 1703 4242 dilectae
1723 4187 1815 4258 prolis
1827 4183 1876 4239 auri

1058 4294 1112 4348 par
1126 4276 1242 4347 pondus
1258 4275 1400 4331 offerenti.
1418 4275 1511 4330 Solvit
1538 4275 1617 4330 enim
1642 4291 1701 4331 non
1718 4277 1820 4331 decere
1839 4272 1877 4327 ali

1059 4367 1238 4422 commercio
1252 4381 1355 4420 eurum
1363 4364 1467 4434 accipi.
1480 4364 1654 4420 AEstimavit
1664 4365 1815 4439 indignum
1826 4362 1875 4417 lore

1059 4456 1095 4511 ad
1111 4456 1213 4510 matris
1232 4455 1347 4509 libitum
1357 4453 1488 4524 sepeliri,
1502 4452 1635 4524 rujuseb
1646 4454 1767 4510 nimiam
1782 4450 1875 4524 cupidi·

1060 4547 1146 4599 tatem
1162 4542 1301 4614 insepulti
1316 4546 1501 4597 remanerent
1516 4542 1765 4598 innumerabiles.
1779 4543 1875 4596 Dictum

1060 4636 1106 4688 cst
1119 4632 1268 4687 illudendo
1283 4634 1420 4703 oportere
1431 4632 1520 4686 situm
1536 4646 1606 4686 ossa
1618 4632 1776 4686 custodem
1788 4631 1875 4684 littam

1060 4724 1088 4777 et
1102 4720 1209 4793 pelagi,
1228 4736 1295 4791 quae
1324 4735 1389 4774 oum
1414 4720 1503 4775 armis
1526 4722 1592 4774 ante
1616 4736 1752 4775 vesanus
1777 4714 1873 4773 insedit.

164 4811 256 4868 prope
268 4798 384 4855 viribus
394 4800 1005 4878 exhaustos,subsidiumquodexspeotant
1061 4810 1124 4864 Nos
1140 4810 1202 4879 tibi,
1233 4808 1371 4878 Heralde,
1387 4824 1446 4863 non
1472 4808 1664 4878 insultamus,
1682 4809 1737 4863 sod
1767 4801 1875 4874 rumpit

167 4887 280 4942 nullum
292 4888 436 4943 relictum.
458 4889 602 4945 Viderunt
612 4884 834 4951 Northmanuos
849 4911 908 4951 non
925 4898 1003 4952 mul·
1060 4901 1173 4953 victore
1183 4902 1262 4953 tuam
1281 4898 1395 4953 ruinam
1407 4898 1566 4967 lacrymato
1576 4897 1757 4952 miseramur
1770 4900 1797 4952 et
1809 4894 1874 4966 plau·

168 4976 230 5030 tum
241 4976 414 5033 decrevisse
423 4983 644 5050 peremptorum
661 4998 745 5053 casu,
760 4987 787 5039 et
802 4985 887 5055 quasi
896 4986 1002 5041 virium
1060 4988 1159 5060 gimus
1183 4991 1221 5041 te.
1252 4986 1357 5040 Vicisti
1376 4982 1466 5059 digno
1493 4988 1522 5040 te
1546 4990 1693 5055 proventu
1709 4986 1748 5040 ud
1761 4983 1874 5039 meritum

170 5061 350 5130 incrementa
371 5068 531 5139 pugnando
558 5074 719 5142 sumerent,
742 5074 841 5128 acrius
867 5090 954 5146 quam
972 5077 1002 5131 in
1059 5080 1141 5131 tuum
1152 5076 1217 5130 etin
1228 5072 1463 5146 cruorajacuisti
1475 5073 1669 5129 etinlittoreo
1679 5071 1874 5143 tumulojacttv

172 5151 314 5222 principio
325 5155 499 5227 imminere,
515 5157 675 5213 ducissam
688 5162 832 5216 saevitiam
847 5178 914 5235 quae
931 5165 1002 5219 nulli
1057 5160 1688 5236 etposthumaegenerationitamltnglorum
1697 5153 1874 5233 quamNarth·

166 5240 267 5293 contra
283 5244 372 5297 stanti
388 5247 533 5315 parceret,
558 5262 623 5302 eam
639 5246 839 5305 tortitudinem
859 5266 926 5322 quae
943 5253 1003 5308 nisi
1058 5269 1232 5309 munitorum
1247 5251 1456 5307 abominabilis
1472 5250 1543 5305 eris.
1570 5250 1720 5305 Corruera
1735 5249 1826 5305 solent
1836 5239 1873 5314 qui

166 5323 274 5378 victrix
295 5344 354 5384 non
374 5333 553 5402 quiesceret.
580 5335 611 5390 ln
626 5336 728 5410 iugum
750 5338 847 5409 itaque
863 5342 1003 5397 conversi
1057 5358 1202 5397 summam
1215 5343 1244 5395 in
1256 5340 1550 5411 mundopotestatem
1569 5354 1720 5394 summam
1739 5329 1874 5393 beatitudi-

166 5414 343 5508 quantocius
354 5418 499 5492 abierunt,
512 5423 560 5477 alii
579 5425 673 5495 raptis
688 5426 784 5498 equis,
803 5428 937 5484 nonnulli
951 5445 1002 5500 pe·
1057 5448 1123 5488 nem
1138 5433 1260 5502 putant;
1286 5431 1314 5485 et
1328 5434 1360 5484 ut
1374 5428 1501 5483 maxime
1515 5427 1593 5482 beati
1610 5429 1672 5483 sint
1685 5428 1803 5498 rapiunt
1814 5432 1872 5487 Μ,

166 5497 254 5569 dites,
266 5516 337 5599 pars
354 5520 409 5573 per
419 5508 632 5584 viasplerique
643 5529 696 5584 per
705 5517 780 5572 avia.
797 5517 957 5573 tacuerunt
971 5520 1002 5575 in
1058 5524 1169 5591 raptam
1183 5521 1213 5574 vi
1227 5519 1333 5575 bellica
1356 5518 1485 5572 retinere
1505 5517 1649 5572 nituntur.
1677 5515 1766 5587 Atqui
1787 5518 1815 5568 tn
1826 5509 1873 5563 irt-

166 5589 607 5671 sanguinequiuitarentur,aut
617 5610 787 5680 surgerent,
799 5621 858 5664 non
868 5608 1001 5668 valentes
1057 5614 1141 5666 terno
1158 5607 1304 5682 sanguine
1323 5605 1473 5681 maduisti,
1490 5621 1528 5663 ne
1553 5604 1658 5663 fratris
1672 5600 1835 5680 magnitudo
1851 5599 1873 5651 tt
