3908 6112
107 304 166 370 865
289 301 505 366 HlSTORIAE
527 299 925 365 NORTHMANNORUM
947 299 1063 362 LIBRI
1087 300 1213 364 OCTO.
1233 335 1269 348 -
1288 301 1416 365 LIBER
1437 302 1649 367 SEPTIMUS
1769 305 1830 370 866

110 500 288 573 quibusdem
296 499 521 555 rationabilibus
533 500 633 554 causis
646 501 674 554 in
685 501 819 569 Apuliam
830 501 944 554 missus
958 478 987 541 Α
1000 497 1149 570 fugientes
1169 500 1219 553 vix
1233 503 1401 554 evaserunt.
1420 501 1483 554 Hoc
1497 517 1534 556 en
1552 507 1632 572 parte
1648 504 1734 559 ducis
1751 505 1829 560 Nor-

109 592 162 655 esl,
180 589 281 660 ibique
290 589 358 643 durn
372 589 469 643 redire
481 593 621 658 coeperat,
639 589 714 659 apud
731 588 861 659 Gejclam
882 589 944 643 No·
999 587 1827 662 ltrmannorumconfestimrenuntiateregiFraneorum.»

109 678 155 732 nis
165 676 318 732 Februarii
330 678 488 733 defunctus
500 682 555 733 est.
570 677 739 731 Witlctmus
754 678 789 732 de
800 678 948 732 llonasto·
1002 678 1065 731 tlcx
1081 677 1173 748 igitur
1188 681 1218 730 ut
1233 678 1423 732 intortunium
1440 694 1564 733 suerum
1579 683 1709 751 agnovit,
1722 698 1737 736 a
1749 683 1829 737 Nor-

109 765 182 820 riolo
192 766 273 820 titius
288 765 355 837 ejus
367 766 395 820 in
407 767 511 836 Apulia
526 782 641 837 magnae
652 765 841 819 sublimitatis
853 781 946 835 eques
999 764 1168 819 thmaunica
1193 765 1380 821 intestatione
1397 767 1511 821 concito
1531 770 1635 839 gradu,
1653 772 1829 838 quantocius

109 854 314 924 oret,Graecos
325 859 353 909 et
365 854 580 926 Langobardos
592 855 682 909 ermis
695 854 847 925 premebat
864 853 947 908 clvi·
997 855 1099 923 valuit,
1125 857 1250 909 moestus
1270 855 1306 909 de
1320 856 1438 909 interitu
1455 855 1605 911 Gallorum
1624 861 1702 912 retro
1726 860 1830 928 pedem

111 945 190 999 cario
202 944 298 998 sancti
316 943 392 998 Petri
408 945 534 1015 aposloli
550 944 706 998 subdebat.
998 943 1132 997 retraxit.
1151 944 1222 998 llaec
1238 952 1336 1016 pugna
1351 960 1428 999 anno
1443 945 1605 1000 Dominieae
1618 945 1831 1003 lucernetionie

400 1031 526 1086 CAPUT
548 1027 654 1086 xxiv.
998 1029 1067 1085 1054
1085 1031 1160 1087 tacta
1177 1035 1231 1087 est.

113 1121 193 1187 Quod
214 1120 279 1175 Mal
300 1122 383 1176 eries
402 1121 642 1191 archiepiscopus
657 1120 942 1246 archiepiscopatum

145 1193 215 1248 Μ
229 1207 265 1247 ”³
287 1193 344 1247 ’Μ
357 1198 386 1247 ‘³⁸
400 1190 634 1246 'HeMam'dfflm
651 1207 752 1245 ”²⁰¹2oe
775 1207 857 1245 ΟΜ
878 1191 945 1246 SUb'
1000 1225 1147 1291 Quoddun
1158 1226 1831 1301 WillclmusceslrumBreteliumconstruens,

145 1264 276 1335 town·
458 1352 463 1362 ,
590 1351 595 1362 ,
1038 1296 1184 1352 Willclnro
1212 1298 1273 1354 tilio
1303 1298 1433 1353 Osberni
1461 1301 1665 1366 cornmisit5et
1681 1301 1718 1356 de
1742 1319 1833 1359 urere

143 1353 186 1407 Eo
196 1353 330 1423 tempore
342 1352 503 1423 blatgorrus
514 1351 711 1422 arelnpraesul
723 1352 946 1422 Rottromagen-
1036 1369 1177 1440 ejusdem,

113 1443 153 1496 sis
169 1441 307 1511 desipere
325 1441 423 1510 eoepit,
436 1443 464 1495 et
478 1441 646 1510 insipientia
657 1440 763 1494 duetus
775 1439 943 1510 erehiprae·

1292 1138 1417 1193 CAPUT
1437 1140 1528 1194 XXV.

1033 1458 1141 1511 Postea
1157 1457 1216 1511 dux
1232 1462 1333 1512 eontra
1348 1458 1516 1529 Tegulensc
1530 1463 1670 1527 oestrum,
1686 1462 1764 1531 quod
1781 1478 1832 1517 rex

113 1530 240 1585 sulatum
252 1529 319 1583 duci
334 1528 542 1583 reddidit-DUX
559 1533 655 1582 ‘tutem
670 1528 844 1599 d'lflltlet'tssm
858 1529 885 1580 5¹¹
902 1529 945 1581 5¹¹·
999 1545 1040 1598 illi
1053 1546 1162 1600 (ludum
1177 1548 1350 1617 abstulerat,
1367 1548 1446 1602 aliud
1461 1551 1599 1618 oppidum
1615 1566 1673 1605 non
1690 1551 1831 1620 deteriuS,

112 1619 174 1672 ⁸¹¹¹³
186 1634 253 1688 ‘lt¹ae
269 1617 377 1671 dicitur
398 1616 579 1671 Ghet'flffl't'iss
596 1617 752 1687 (GsstssSOllt
766 1618 887 1671 tett'tlsstt
916 1619 945 1670 ⁰²
999 1634 1076 1704 quod
1095 1634 1256 1689 Bretolium
1272 1652 1366 1706 usque
1381 1637 1467 1691 hodie
1478 1643 1612 1705 vocetur,
1629 1640 1784 1710 instaurat,
1805 1643 1834 1695 et

113 1707 216 1778 ⁸l¹1⁰di
233 1707 617 1775 dictim¹¹¹‘3t1'0tt0mss11f1m
635 1706 736 1760 SOdssffl
752 1706 1146 1777 MffllltliOFi·BWillelmo
1176 1725 1302 1778 Osberni
1331 1726 1390 1779 tilio
1414 1727 1449 1780 ed
1475 1727 1701 1783 custodiendum
1732 1732 1834 1784 contre

112 1795 424 1850 seannensimonaoho
439 1795 539 1848 mullis
556 1795 945 1850 rirtutibusexoellcntitra·

113 1883 180 1937 didit
196 1883 278 1936 Tune
295 1883 381 1937 etiarn
397 1882 618 1936 Northmannos
639 1883 788 1935 discordia
804 1883 942 1952 turbarit,

112 1988 221 2042 eosque
252 1972 416 2026 vicinorum
444 1972 493 2041 qui
522 1971 598 2025 bella
625 1971 691 2042 paci
721 1971 941 2041 praeponebant,

113 2076 236 2115 erueres
246 2059 397 2114 effundere
409 2060 558 2130 compulit.
572 2059 738 2125 Enimvero,
753 2075 855 2131 exque
867 2061 944 2114 Ner·

112 2148 242 2203 tbmanni
258 2164 328 2201 arva
341 2148 491 2203 Neustriae
503 2152 657 2218 caeperunt
671 2149 880 2218 incolere,mos
891 2150 945 2203 suit

111 2235 233 2290 Francis
241 2238 411 2306 sempcreis
427 2237 944 2310 irrvidere.t]oncitabentergorcges

113 2325 947 2398 adversusillosinsurgero,esserentesterrasquaspos·

113 2414 208 2468 sirlent
230 2414 295 2468 suis
318 2413 484 2485 majoribus
506 2415 651 2468 violenter
667 2430 719 2469 eos
741 2415 943 2485 subripuisse.

114 2501 225 2567 Quibus
237 2518 287 2557 rex
304 2503 451 2558 tierricus
470 2503 658 2558 vehementer
677 2504 819 2572 irritetuS,
842 2505 945 2558 ambe-

114 2591 211 2662 gibus,
229 2592 287 2646 imo
303 2592 528 2663 malignissimis
544 2592 717 2646 aemulorum
738 2592 945 2663 suggestioni-

113 2679 177 2747 buS,
194 2681 233 2733 ob
252 2680 337 2734 ducis
354 2681 518 2749 imperium,
536 2680 653 2734 duobus
676 2681 805 2735 hostium
821 2681 946 2752 agmini-

114 2767 168 2821 bus
187 2767 432 2823 Northmenniam
458 2772 503 2822 est
524 2785 680 2840 agressus.
705 2769 802 2823 Unum
828 2769 946 2840 quidem

114 2855 947 2926 eleetaenobilitatisvirorumtortium,adtleleinumsub·

1001 1815 1123 1866 cunctos
1136 1812 1193 1866 sibi
1208 1813 1401 1868 adversantes
1413 1816 1607 1869 commendat.
1619 1816 1674 1869 ttie
1683 1817 1833 1887 legitimus

1001 1900 1167 1954 ettiberelis
1186 1901 1231 1954 vir
1248 1901 1398 1955 ttdelisam
1409 1903 1530 1974 llogerii
1557 1904 1792 1959 Toenitaetrliam
1803 1907 1832 1959 in

1001 1989 1142 2061 conjugio
1159 1990 1269 2058 hebuit,
1287 2006 1322 2045 ex
1345 2006 1401 2061 qua
1418 1991 1492 2045 duee
1510 1991 1597 2061 titios,
1613 1992 1791 2047 Willelmum
1807 1995 1835 2048 et

1003 2079 1163 2149 ltogerium
1179 2077 1387 2133 Contumeeem
1402 2082 1571 2149 procreavit
1587 2083 1614 2135 et
1632 2098 1718 2136 unam
1733 2082 1833 2150 filiam,

1002 2182 1067 2237 quaa
1083 2171 1187 2236 postea
1200 2167 1326 2222 ttodutlo
1344 2168 1441 2222 comiti
1456 2184 1567 2240 genere
1584 2170 1696 2224 Briteni
1722 2171 1834 2240 nupsit,

1001 2258 1087 2325 atque
1104 2270 1170 2309 eum
1192 2256 1294 2310 codem
1318 2256 1346 2308 in
1366 2256 1470 2311 diebus
1492 2257 1603 2310 Urbani
1619 2274 1701 2328 papea
1725 2258 1834 2313 Hieru-

1001 2344 1093 2397 salem
1111 2344 1249 2413 perrexit.
1276 2344 1421 2398 Praetatus
1437 2345 1525 2399 beros
1542 2345 1599 2400 due
1619 2345 1753 2401 eoenobia
1769 2363 1834 2401 mo-

1002 2431 1162 2486 nachorum
1172 2432 1834 2504 Sanctaebluriaeeoelireginaeeondidit.Unum

1001 2521 1077 2590 apud
1095 2521 1203 2590 Lirem,
1223 2521 1272 2575 ubi
1291 2521 1442 2575 Adetisam
1458 2521 1617 2594 conjugem
1634 2539 1718 2577 suem
1744 2538 1834 2594 sepe-

1000 2610 1083 2675 livit;
1101 2614 1129 2664 et
1149 2611 1273 2664 atterum
1290 2611 1365 2680 apud
1393 2610 1567 2678 Carmelies,
1593 2611 1644 2665 ubi
1669 2612 1733 2682 ipse
1753 2612 1834 2682 quie·

1002 2699 1059 2753 seit
1075 2702 1102 2753 et
1119 2700 1292 2768 llodutphus
1309 2699 1388 2753 tilius
1403 2699 1471 2770 ejus
1496 2700 1651 2770 epuoritie
1670 2700 1835 2754 monaebus

1002 2788 1062 2842 Deo
1079 2787 1126 2841 diu
1143 2788 1287 2842 militarit.
1305 2789 1372 2858 lpse
1383 2804 1502 2860 quoque
1518 2805 1584 2843 curn
1600 2789 1745 2843 Wiltetmo
1761 2789 1835 2842 duce

1003 2876 1116 2947 Angtes
1135 2877 1260 2930 maxime
1285 2877 1451 2946 perdomuit
1468 2880 1496 2931 et
1518 2877 1686 2931 comitatum
1711 2876 1835 2931 Hortor-

113 2946 284 3001 rertendum
307 2945 488 2999 territorium
510 2946 633 3010 direxit;
659 2946 704 3000 cui
723 2945 842 3000 fratrem
858 2962 945 3001 suum
962 2965 987 3026 0
1003 2964 1058 3018 (15ae
1075 2981 1141 3018 cum
1157 2981 1262 3037 magn,
1280 2970 1362 3036 pape
1377 2967 1460 3038 pegni
1472 2980 1566 3019 sensu
1583 2968 1611 3019 ep
1625 2966 1741 3020 viribus
1757 2966 1834 3020 opti.

114 3035 229 3088 nomine
239 3034 370 3088 Ortonam
381 3034 524 3103 praeteeil.
539 3035 621 3089 Alter
633 3050 782 3090 varocum
797 3033 946 3089 ttoittredo

117 3122 258 3192 Martello,
271 3122 306 3177 ud
318 3123 536 3178 demoliendum
545 3123 946 3193 comitatumEbroieensern,

115 3211 177 3283 ipse
193 3213 322 3282 praeluit.
347 3211 413 3266 Dux
433 3228 516 3284 ergo,
533 3215 563 3265 ut
575 3228 608 3266 se
625 3227 757 3282 suosque
783 3213 879 3266 taliter
892 3227 947 3282 op-

115 3300 198 3371 primi
214 3301 306 3371 vidit,
323 3316 431 3372 magno
450 3303 479 3354 et
499 3301 589 3356 nobili
604 3304 701 3355 taetus
717 3302 817 3355 delore
838 3301 947 3355 milites

115 3390 250 3459 protinus
262 3390 362 3460 etegit,
374 3405 449 3460 quos
461 3390 497 3443 ed
506 3389 742 3459 comprimendos
758 3389 865 3443 Caloeii
880 3390 948 3444 sub·

113 3493 255 3533 versores
265 3478 418 3533 celerrime
429 3478 545 3531 direxit.
563 3479 630 3547 lpse
640 3482 736 3532 autem
748 3494 947 3532 eumsuorum

110 3566 262 3621 nonnullis
278 3568 357 3621 cirea
368 3583 471 3639 regom
487 3583 520 3620 se
535 3568 666 3636 contulit,
683 3571 827 3637 quatenus
843 3583 946 3636 pannas

113 3655 216 3722 lueret,
235 3656 260 3709 si
270 3671 356 3726 quem
369 3655 527 3710 satellitum
543 3670 558 3707 a
576 3655 656 3726 regis
671 3655 761 3708 latere
772 3654 947 3710 abstrahere

111 3744 299 3815 aliquatenus
326 3743 447 3798 valeret.
471 3744 630 3798 Venientes
656 3759 727 3798 vcro
752 3743 947 3799 Northmanni

111 3834 147 3887 ad
173 3833 315 3901 Francos,
333 3836 507 3903 repererunt
530 3849 582 3887 eos
604 3832 680 3902 apud
707 3832 853 3886 Mortuum
866 3847 947 3885 mere

111 3923 141 3977 in
155 3922 299 3976 incendiis
316 3924 343 3975 et
355 3922 510 3975 mulierum
524 3921 662 3974 ludibriis
680 3924 850 3989 occupatae.
874 3920 947 3974 Cum

112 4011 222 4081 quibus
239 4010 316 4064 ittico
334 4026 416 4064 mane
429 4010 623 4064 commissum
637 4010 748 4064 bellum
763 4010 792 4062 in
809 4011 947 4063 continua

111 4099 194 4154 eaede
209 4099 446 4153 occumbentium
462 4099 499 4152 ad
522 4114 618 4169 usque
634 4113 740 4152 nonam
755 4098 791 4151 ab
812 4098 947 4168 utrisque

1004 3055 1076 3107 nuit.
1102 3053 1233 3124 Denique
1249 3070 1326 3108 enno
1344 3055 1379 3108 eb
1403 3055 1606 3108 lucarnetione
1622 3054 1736 3108 Domini
1766 3054 1835 3107 1070

1003 3156 1069 3195 cum
1080 3141 1215 3211 Philippo
1227 3158 1298 3213 rege
1318 3142 1500 3196 Francorum
1515 3142 1680 3196 l'landriam
1692 3143 1834 3212 perrexit,

1001 3230 1105 3284 votens
1115 3230 1256 3286 tleltluino
1264 3231 1414 3285 blathildis
1425 3232 1538 3303 reginae
1551 3231 1651 3301 nepoti
1662 3230 1833 3285 subvenire.

1003 3320 1153 3373 liebertus
1175 3323 1272 3374 eutem
1293 3320 1389 3373 Frisio
1406 3335 1471 3374 eum
1494 3320 1625 3374 exercitu
1641 3319 1763 3373 ttenrici
1782 3319 1834 3372 im-

1001 3407 1150 3478 peratoris
1175 3409 1286 3463 sociato
1309 3410 1413 3463 cuneis
1432 3409 1505 3476 suis,
1523 3424 1539 3463 ιι
1555 3407 1618 3462 Kal.
1636 3407 1744 3476 Martii,
1774 3408 1834 3461 llo-

1001 3496 1109 3550 minieo
1125 3497 1358 3568 Septuagrsiman
1371 3498 1530 3568 imperatos
1545 3512 1629 3550 meno
1642 3512 1835 3566 praeoeeupa·

1002 3585 1042 3637 vit
1058 3588 1085 3638 et
1111 3585 1245 3655 Philippo
1262 3601 1328 3639 eum
1345 3585 1464 3639 Francis
1488 3585 1631 3658 fugiente,
1659 3585 1832 3640 lietduinum

1002 3676 1137 3743 nepotem
1153 3690 1250 3743 suum,
1272 3679 1299 3728 et
1320 3673 1498 3728 Witlelmum
1521 3674 1657 3729 eomitem
1677 3673 1745 3728 tetis
1762 3689 1835 3728 suo-

1001 3778 1066 3816 rum
1083 3763 1199 3816 occidit.
1218 3764 1323 3816 Postea
1340 3762 1485 3816 lltaudriee
1509 3764 1647 3817 ducatum
1665 3763 1714 3817 diu
1730 3762 1832 3828 tenuit,

1001 3850 1192 3920 moriensque
1208 3850 1276 3904 siliis
1290 3851 1365 3917 suia,
1384 3851 1513 3905 lieberto
1528 3850 1796 3921 Hierosolymilano
1807 3854 1836 3904 et

1003 3937 1137 4007 Philippo
1153 3938 1318 4009 dereliquit.
1337 3938 1423 3992 Nune
1439 3939 1473 3992 ed
1494 3939 1626 3993 ordinem
1640 3939 1773 3994 historiae
1784 3954 1833 3993 re·

1002 4026 1135 4080 deamus.

1299 4115 1425 4170 CAPUT
1446 4116 1554 4170 xxvi.

112 4190 360 4257 θῧῑΡΓθῑΓθθῑῦῐΠ·
378 4187 550 4242 NOViSStme
561 4191 658 4242 autem
674 4186 987 4287 Ffflsssstgeflaet'issttn
1005 4204 1073 4269 Quae
1089 4203 1146 4258 tuit
1165 4219 1251 4258 causa
1269 4210 1298 4257 ul
1313 4204 1369 4258 duo
1384 4198 1515 4258 coenobie
1532 4203 1653 4259 Cedomi
1677 4210 1833 4260 construe-

112 4277 254 4349 lugerunt
267 4280 294 4331 et
305 4276 499 4330 Northmanni
511 4276 724 4331 eventumduei
735 4291 803 4329 mox
813 4290 864 4345 per
877 4291 947 4329 nuu-

113 4366 172 4420 tios
185 4366 404 4418 intimaverunt.
417 4367 453 4418 At
472 4365 521 4418 ille
540 4365 627 4418 nimis
643 4365 729 4418 taetus
755 4380 846 4433 super
870 4363 947 4417 hanc

115 4469 187 4521 rem,
201 4453 474 4524 Hem-ioumregem
485 4453 590 4507 volens
606 4452 749 4524 ellegere,
766 4453 870 4506 terruit
880 4468 947 4506 eum

115 4540 181 4611 ejus
195 4542 353 4612 logatione.
371 4542 499 4595 Nuntius
513 4542 597 4595 ducis
610 4542 762 4612 regalibus
778 4542 885 4594 eastris
897 4556 947 4608 ap-

116 4631 271 4700 propiavit,
284 4635 313 4684 el
327 4632 355 4684 in
370 4630 496 4700 quodam
507 4630 641 4698 proximo
658 4633 754 4683 monte
763 4632 852 4683 noetu
863 4633 947 4683 stans

118 4716 231 4773 fortiter
247 4720 374 4773 clamare
383 4721 480 4789 eoepit.
493 4717 624 4788 Cumque
634 4720 709 4789 regii
720 4718 829 4789 vigiles
842 4719 946 4771 seisei·

119 4809 251 4862 terantur
270 4809 337 4877 quis
350 4811 443 4876 esset,
460 4809 507 4861 vel
521 4821 612 4878 quare
628 4806 675 4860 tali
687 4806 758 4859 bora
775 4807 820 4859 sie
835 4807 946 4860 vocite-

119 4899 242 4965 raretur,
260 4897 454 4966 respondisse
469 4896 579 4951 fertur:
600 4919 610 4941 ι
630 4895 776 4950 tloduttus
793 4896 828 4949 de
846 4895 947 4949 Toenia

119 4985 284 5039 nominatus
298 5001 363 5038 sum
379 4985 525 5054 vobisque
539 4984 640 5039 detero
656 4984 783 5054 lugubre
804 4985 946 5038 nuntium.

118 5072 322 5141 banormum
338 5089 418 5127 maro
434 5088 539 5127 currus
560 5077 678 5126 vestros
694 5088 760 5126 eum
777 5074 870 5127 eerris
892 5073 947 5126 du-

118 5161 170 5216 rite
181 5166 210 5216 et
221 5162 439 5217 indecadavera
449 5161 606 5216 charorum
615 5165 782 5215 vestrorum
791 5165 945 5230 reportate.

118 5248 222 5305 Franci
239 5253 348 5321 quippo
372 5251 641 5304 Northmannorum
662 5250 793 5304 militiam
818 5251 947 5319 experiri

117 5352 208 5409 super
222 5354 279 5393 nes
295 5343 446 5407 venerunt,
460 5355 583 5409 eamque
596 5340 687 5393 mutto
707 5339 849 5410 majorem
861 5355 948 5410 quam

117 5428 294 5493 vetuissent,
308 5429 492 5483 invenerunt.
502 5428 564 5482 Orto
576 5427 703 5499 signiter
713 5444 813 5482 rorum
826 5428 949 5497 turpiter

116 5515 237 5588 fugatus
255 5519 312 5586 est,
327 5523 356 5571 et
370 5517 455 5570 Wido
469 5518 580 5570 Pontivi
593 5534 693 5571 eomes
705 5523 807 5586 eaptus
819 5521 874 5570 est.
889 5518 947 5570 tle-

114 5604 186 5678 tiqui
206 5621 310 5660 omnes
332 5608 406 5675 capti
427 5609 476 5660 aut
495 5606 639 5676 perempti
663 5609 742 5674 sunt,
769 5610 818 5660 eut
841 5605 948 5659 obnixe

1358 4280 1473 4329 rentur.

1039 4364 1204 4419 Wiltetmus
1220 4365 1296 4434 dux,
1313 4364 1382 4418 dum
1397 4379 1412 4417 e
1429 4363 1606 4434 quibusdem
1616 4363 1767 4434 religiosis
1778 4378 1834 4418 see-

1003 4453 1071 4522 pius
1085 4454 1322 4525 redargueretur,
1340 4468 1374 4507 eo
1386 4452 1464 4524 quod
1474 4456 1629 4524 cognatam
1642 4452 1835 4523 suamsibijin

1004 4541 1189 4595 matrimonio
1208 4542 1387 4611 copulasset,
1407 4541 1511 4595 missis
1534 4540 1641 4612 legetis
1671 4541 1836 4595 tlomanum

1003 4646 1107 4701 papam
1118 4630 1269 4701 superbae
1282 4645 1314 4684 re
1331 4630 1488 4684 consuluit.
1500 4631 1537 4683 At
1549 4629 1833 4701 illesageeitereon-

1004 4720 1151 4788 sidereus,
1164 4719 1242 4790 quod
1252 4720 1278 4772 si
1287 4718 1444 4773 divortium
1453 4718 1515 4771 fieri
1529 4717 1658 4788 juberet,
1673 4716 1747 4771 torte
1758 4716 1837 4771 inter

1004 4804 1203 4860 Ftunrlrcnses
1220 4809 1248 4860 ct
1263 4806 1486 4860 Norllrmannos
1502 4820 1593 4876 grave
1608 4804 1718 4859 bellurn
1733 4819 1837 4857 exsur-

1004 4898 1098 4965 geret,
1109 4895 1244 4948 maritum
1256 4898 1283 4949 et
1295 4895 1453 4965 conjugem
1469 4897 1574 4948 ureatu
1582 4893 1720 4961 absolvit,
1731 4892 1836 4961 eisque

1003 4983 1203 5052 poenitontiem
1232 4982 1368 5052 iniunxit.
1396 4981 1542 5034 Mandavit
1571 4981 1658 5049 enirn,
1686 4980 1767 5035 utab
1789 4979 1835 5034 eis

1004 5071 1061 5126 duo
1079 5072 1213 5125 caenobia
1226 5071 1431 5138 conderentur,
1449 5069 1602 5139 inquibus
1626 5083 1679 5139 pro
1695 5069 1770 5139 ipsis
1797 5068 1835 5122 ab

1004 5164 1128 5231 utroquo
1145 5176 1220 5214 sexu
1235 5160 1296 5214 Deo
1308 5159 1412 5213 sedulo
1428 5173 1533 5229 preces
1549 5156 1734 5212 efferrentur.
1751 5156 1835 5223 Quod

1004 5249 1046 5303 illi
1060 5253 1212 5320 gratanter
1231 5263 1319 5317 opere
1342 5248 1573 5316 compleverunt.
1588 5247 1663 5300 Nem
1678 5246 1755 5318 apud
1779 5248 1835 5300 Ca·

1003 5338 1122 5393 domurn
1138 5353 1193 5390 une
1210 5338 1379 5389 constructe
1393 5339 1439 5388 est
1457 5335 1571 5389 abbatia
1586 5335 1616 5389 iu
1638 5335 1751 5390 honore
1764 5350 1836 5389 sen-

1002 5431 1057 5481 etae
1073 5426 1234 5491 Trinitatis,
1252 5424 1341 5478 altore
1355 5440 1425 5478 vero
1439 5424 1468 5478 in
1478 5424 1591 5479 honore
1602 5426 1698 5479 sancti
1713 5423 1836 5492 Stepha-

1003 5516 1033 5570 ni
1049 5516 1283 5586 protemartpris.
1295 5514 1325 5566 ln
1342 5515 1478 5568 caenobio
1494 5515 1602 5584 quippo
1618 5512 1836 5567 Senotre'trini·

1004 5607 1071 5661 telis
1088 5603 1352 5661 sanctimonialium
1370 5604 1480 5657 abinus
1497 5604 1557 5659 lieo
1581 5604 1685 5657 leudes
1705 5599 1834 5677 quotidie
