3900 6112
143 251 185 317 tl·
592 248 731 313 GESTA
750 247 1017 315 Parammon-M
1040 247 1412 315 GAMERAGENSIUM
1537 236 1543 246 ’
1827 249 1868 317 ³2

143 451 224 508 uitam
238 465 298 508 nan
312 449 445 523 ambigit.
462 449 524 516 Qua
538 449 569 506 in
583 465 616 506 re
630 450 774 507 intellexit
789 450 837 505 vir
851 455 974 507 sanctus
987 430 1017 494 Α
1032 451 1114 507 urbis
1129 451 1195 507 laco
1211 451 1368 521 eminebat,
1384 451 1485 507 divino
1508 452 1577 525 igne
1600 467 1781 508 succensum
1806 458 1862 509 est.

141 571 177 582 -
190 541 278 596 nobis
293 539 586 612 quoqueintelligere
601 540 781 595 datur—ibi
796 541 974 612 pontificalis
1031 541 1114 595 Hanc
1139 541 1246 596 divinae
1268 541 1481 614 indignationis
1509 542 1797 597 animadversionem
1826 557 1864 597 ex

142 629 291 686 cathedrae
306 644 404 684 arcem
420 628 570 696 extitisse,
586 630 745 699 presertim
761 645 828 684 cam
848 634 875 685 ct
900 631 975 701 llyo-
1030 630 1141 686 oliensa
1165 630 1315 685 hominum
1335 631 1482 686 accidisse
1503 631 1692 686 advertentes
1716 631 1862 702 episcopi,

87 740 94 753 ·
142 719 240 775 nisius
252 733 338 789 papa,
354 733 442 789 quem
454 717 539 789 juxta
555 718 764 773 chronicorum
783 719 870 773 ladem
886 721 973 773 annis
1030 720 1177 776 communi
1202 720 1326 775 consilio
1349 719 1545 775 decreverunt
1569 721 1684 774 servari
1699 719 1861 791 jejunium,

142 804 195 863 263
209 809 276 862 ante
293 806 483 861 Hormisdem
496 822 613 878 papam,
625 808 817 879 quitempare
828 808 882 862 luit
897 808 975 863 baeti
1029 809 1107 881 quod
1122 809 1219 864 triduo
1234 813 1301 863 ante
1316 810 1523 864 ascensionem
1541 809 1655 863 Domini
1671 824 1768 887 usque
1783 825 1863 864 nunc

142 895 274 965 Vadasti,
291 898 406 950 canstat
423 896 562 951 Romanae
572 896 708 952 ecclesias
718 896 973 967 sedcmtenuisse,
1022 899 1082 970 'per
1097 913 1200 953 omnes
1215 897 1375 953 Galliarum
1390 898 1536 952 ecclesias
1547 898 1663 969 agitur;
1680 898 1785 970 sicque
1796 899 1863 968 ipsa

143 982 220 1039 inter
233 985 348 1039 ceteras
363 985 417 1039 has
433 1000 551 1056 qaoque
567 985 669 1053 urbes,
681 985 873 1040 cameracum
887 989 974 1056 etqua
1029 987 1178 1043 tribulatio
1194 990 1280 1058 atque
1296 987 1456 1042 subversio
1472 987 1594 1057 quievit.

142 1073 324 1141 Atrebatum,
341 1074 486 1144 ascriptas
515 1077 544 1128 et
567 1090 632 1129 cum
653 1074 718 1129 suis
733 1074 884 1144 parochiis
899 1089 974 1146 eque
1064 1074 1091 1132 9.
1107 1076 1220 1131 Beatus
1234 1075 1379 1131 Vadastus
1393 1075 1495 1131 deboc
1505 1075 1768 1147 seculomiqravit,
1781 1076 1864 1149 cujus

142 1161 299 1218 distinctas
314 1162 467 1234 reliquerit
481 1160 516 1231 ¹³,
535 1178 601 1218 cum
616 1162 752 1235 singulas
766 1164 905 1219 dioceses
920 1165 975 1219 cir·
1030 1166 1142 1222 exitum
1159 1165 1291 1220 columae
1306 1164 1383 1219 lucis
1398 1163 1574 1220 illustravit.
1596 1153 1645 1233 (V.
1672 1164 1757 1235 Ved.)
1774 1165 1862 1220 Rexit

142 1251 332 1320 cumscriptis
346 1251 456 1307 linibus
471 1252 627 1321 ordinavit,
640 1255 668 1306 et
684 1252 825 1309 editiores
839 1268 974 1325 quasque
1027 1255 1121 1328 igitur
1128 1254 1272 1327 egregius
1285 1254 1338 1308 Dei
1346 1253 1489 1309 sacerdos
1501 1253 1650 1308 Vedastus
1659 1253 1801 1324 predictae
1810 1270 1862 1309 ar-

142 1340 392 1411 metropolitanas,
409 1340 567 1396 inferiores
590 1356 661 1395 vero
684 1339 889 1414 suffraganeas
905 1358 975 1398 esse
1028 1344 1076 1399 bis
1094 1344 1262 1399 aecclesiam
1278 1343 1364 1398 annis
1378 1342 1498 1397 circiter
1511 1342 1556 1396 ta.
1572 1342 1666 1414 Grrjus
1685 1342 1864 1398 mentionem

141 1427 277 1483 instituit.
294 1427 381 1501 [Nata
395 1429 475 1499 quad
489 1429 649 1500 Dyonisius
664 1445 739 1500 papa
757 1430 834 1485 inter
849 1434 974 1486 ceteras
1028 1433 1134 1489 beatus
1149 1433 1304 1504 Remigius
1321 1432 1450 1504 benigne
1464 1431 1793 1488 recolitiatestamento
1807 1446 1862 1486 suo

142 1517 231 1572 sedes
247 1516 432 1586 pontificales
446 1517 638 1574 Camaracum
659 1521 688 1574 et
711 1518 883 1574 Atrebatum
903 1518 974 1574 des·
1029 1522 1069 1577 ita
1085 1521 1222 1577 scribens
1239 1521 1342 1591 (Fnoo.
1364 1538 1384 1590 r,
1403 1520 1469 1591 tet:
1488 1520 1635 1576 Ecclesiae
1651 1519 1861 1585 Atrebatensi,

142 1605 291 1675 cripserit.
308 1606 423 1662 Auctor
435 1607 467 1661 in
482 1605 589 1680 marg]
1030 1613 1077 1667 cui
1094 1611 1155 1666 Deo
1171 1616 1291 1666 auctore
1308 1609 1464 1666 Vadastam
1480 1608 1607 1664 fratrem
1621 1625 1716 1664 meum
1735 1609 1863 1664 carissi-

177 1692 204 1750 8.
231 1693 313 1760 Quod
334 1696 365 1751 in
389 1694 464 1750 urbe
486 1695 595 1750 Vienna
619 1696 722 1752 babita
737 1697 843 1753 sinodo
857 1712 873 1752 a
885 1696 974 1754 beato
989 1686 1016 1749 Β
1029 1717 1106 1756 mum
1117 1699 1283 1772 episcopum
1295 1698 1481 1767 consecravi,
1495 1697 1685 1770 erdonojam
1696 1697 1770 1753 dicti
1777 1698 1864 1770 prin-

141 1783 299 1854 Mamerto,
315 1789 435 1840 vocatus
442 1789 563 1840 sanctus
573 1785 727 1858 Remigius
731 1802 788 1858 pro
797 1802 831 1841 se
840 1793 974 1842 sanctum
1030 1788 1166 1861 cipis,‘id
1175 1794 1220 1843 est
1231 1787 1409 1854 illudowici,
1421 1802 1504 1860 quem
1514 1786 1552 1842 de
1560 1802 1646 1842 sacro
1654 1786 1736 1842 fonte
1744 1788 1864 1858 suscepi

147 1870 305 1928 vedastum
316 1873 432 1929 direxit
439 1893 449 1940 ,·
462 1873 512 1928 ubi
525 1875 691 1946 coepiscopi
702 1877 785 1930 inter
795 1882 896 1932 cetera
912 1892 975 1949 quae
1032 1877 1119 1933 villas
1129 1878 1203 1934 duas
1213 1878 1244 1931 in
1255 1876 1416 1948 stipendiis
1424 1875 1600 1931 clericorum
1609 1875 1757 1947 delegavi,
1769 1874 1863 1932 Oreos

144 1965 360 2028 tractaverunt,
374 1962 523 2035 jejunium
539 1964 615 2036 quod
630 1964 729 2020 triduo
742 1970 810 2020 ante
825 1980 975 2021 ascensio·
1031 1965 1171 2023 videlicet
1186 1970 1216 2020 et
1231 1965 1420 2021 sabucetum.
1437 1963 1489 2034 (V.
1507 1963 1591 2033 Ved.)
1602 1962 1677 2037 Ejus
1688 1965 1800 2019 exitum
1812 1980 1861 2021 co·

142 2065 209 2105 nem
225 2049 343 2106 Domini
362 2052 471 2124 agitur,
495 2053 655 2109 observari
678 2052 889 2110 decreverunt.
914 2052 973 2127 [tls.
1027 2055 1127 2111 lumna
1140 2055 1216 2111 lucis
1233 2054 1437 2111 visaacellala
1447 2052 1515 2124 ejus
1525 2053 1563 2108 ad
1571 2052 1677 2108 caelum
1687 2068 1783 2125 usque
1794 2069 1862 2109 con·

148 2137 232 2209 Ved.)
247 2140 404 2210 Reparatis
419 2141 519 2212 templi
533 2142 684 2212 aediliciis,
707 2142 812 2200 beatus
826 2143 974 2199 vedastus
1028 2144 1222 2216 spicuaelucis
1229 2147 1323 2199 tractu
1329 2143 1499 2215 pertingere
1508 2142 1783 2214 designavit,quam
1792 2158 1861 2197 mox

143 2227 384 2300 circumjacentis
394 2231 550 2301 provintiae
562 2231 688 2302 populos
698 2232 735 2287 ab
744 2232 878 2288 idolatria
887 2233 974 2288 culti·
1028 2234 1241 2305 subsequentis
1252 2233 1351 2289 obitus
1361 2247 1448 2287 sacra
1458 2231 1659 2288 illustraverat
1667 2231 1744 2286 dies.
1754 2231 1862 2287 Mirum

142 2316 200 2373 bus
210 2316 320 2372 divinis
330 2320 723 2390 mancipavit,iaaadearum
733 2321 976 2393 diruens,aeccle³
1028 2323 1108 2394 illud,
1121 2323 1200 2394 quod
1210 2320 1646 2392 interlacrimantiumgemitus
1655 2321 1774 2375 interra
1783 2321 1862 2390 psal-

141 2404 974 2483 siasadsammidecorisculmenerigenstllaruitubique
1026 2413 1248 2468 lentiumvoces
1257 2410 1451 2466 audiebantur
1461 2411 1491 2465 in
1501 2409 1585 2464 celo.
1597 2408 1737 2480 Sepultus
1748 2412 1795 2464 est
1806 2425 1860 2463 au-

142 2493 251 2551 divinae
260 2497 389 2570 cognitio
399 2497 608 2569 legis3Christi
619 2516 728 2555 nomen
738 2504 913 2556 cunctorum
924 2517 974 2556 au·
1026 2503 1125 2559 tamin
1136 2501 1273 2557 aecclesia
1283 2500 1378 2555 beatas
1393 2499 1519 2571 virginis
1536 2498 1646 2566 Mariae,
1664 2497 1741 2553 haud
1755 2498 1859 2568 procul

142 2582 280 2640 diabatur
294 2585 324 2639 in
339 2602 400 2641 ore.
419 2586 511 2660 Signa
529 2590 626 2644 autem
646 2592 675 2644 et
688 2589 824 2659 virtutes,
841 2605 908 2661 quaa
923 2605 975 2660 per
1027 2591 1063 2647 ab
1072 2593 1137 2662 ipso
1152 2591 1247 2659 altari,
1260 2590 1297 2644 ad
1308 2588 1469 2644 australem
1479 2588 1607 2660 plagam.
1619 2586 1651 2640 In
1662 2602 1721 2658 qua
1731 2587 1795 2641 loco
1804 2602 1859 2657 per

142 2687 211 2728 eum
226 2673 325 2728 diune
338 2675 472 2732 exhibuit
486 2678 626 2747 potentia,
641 2679 710 2749 quia
720 2678 875 2734 brevitatis
887 2680 974 2735 stilus
1026 2675 1859 2752 eliquattemporisquievit,qu0usqusrevelanteDomino

142 2775 201 2819 non
210 2763 297 2835 capit,
308 2765 438 2820 curiosis
447 2765 609 2822 lectoribus
618 2767 694 2823 liber
701 2767 770 2823 vitae
780 2767 847 2838 ejus
858 2768 975 2838 plenius
1027 2770 1130 2825 aviris
1140 2768 1254 2824 sanctis
1265 2767 1406 2822 autberto
1422 2770 1509 2837 atque
1519 2764 1689 2820 audomaro
1698 2765 1736 2820 ad
1749 2764 1859 2834 locum,

143 2850 261 2908 indicet.
280 2852 379 2926 liujus
398 2854 582 2925 temporibus
602 2855 701 2912 habita
719 2857 845 2912 sinodus
862 2857 975 2913 Vienna
1027 2856 1245 2929 ubinancejus
1256 2856 1397 2912 memoria
1409 2855 1513 2927 fulget,
1529 2847 1654 2909 feliciter'·
1669 2856 1716 2908 est
1729 2853 1860 2908 transla-

142 2939 216 2999 urbe
226 2941 415 3014 describitur,
427 2944 560 3015 adquam
570 2944 730 3001 Galliarum
740 2946 975 3023 episcopiebea·
989 2949 1014 3011 c
1027 2950 1086 3019 tus,
1102 2948 1181 3003 sicut
1194 2947 1224 3000 in
1239 2946 1315 3002 libro
1330 2945 1399 3000 vitre
1416 2943 1494 3016 ejus,
1520 2945 1549 2998 et
1571 2942 1689 3015 plenius
1710 2942 1740 2996 in
1763 2942 1859 3013 gestis

140 3030 327 3087 tollamerto
346 3033 500 3089 convocati
518 3049 608 3105 paene
627 3050 732 3091 omnes
752 3040 972 3106 convenerunt3
1026 3037 1104 3094 beati
1119 3035 1254 3092 autberti
1268 3035 1387 3108 legitur.
1412 3032 1445 3088 ln
1469 3049 1527 3105 qua
1547 3030 1737 3087 translatione
1753 3031 1860 3085 beatus

140 3118 255 3190 (From,
270 3119 308 3176 H.
329 3121 365 3178 R.
383 3139 402 3193 ι,
420 3121 465 3194 lli)
480 3123 531 3179 ubi
541 3127 573 3188 et
585 3124 978 3217 msibvptmn·ltamigium;
992 3140 1001 3188 :
1014 3126 1213 3202 :qucmarus
1229 3127 1379 3195 receptum
1390 3121 1550 3192 corruptile
1559 3121 1637 3176 lucis
1648 3134 1755 3174 munus
1766 3118 1860 3174 iertur

139 3211 240 3281 utpote
263 3209 372 3266 divinis
393 3198 978 3287 eloquiisJer’pditi’ssiinuiq:{etjrpstaaes
992 3204 1001 3278 Ξ
1014 3198 1212 3286 Ξὶὸἰιὶἡιοιιιιι
1234 3213 1376 3281 cecitate,
1402 3211 1526 3267 vitasse.
1550 3207 1650 3282 Hujus
1665 3212 1734 3280 post
1749 3207 1861 3263 obitum

23 3284 45 3345 .'
139 3297 224 3355 tioris
234 3300 338 3370 gratiae
354 3301 511 3374 privilegio
525 3302 783 3373 facundissimum,
800 3307 904 3361 venire
918 3322 972 3377 pe·
1024 3305 1166 3360 miracula
1180 3303 1253 3358 alias
1269 3302 1400 3374 diligens
1414 3300 1510 3356 lector
1524 3295 1675 3370 inveniet]

139 3386 258 3442 mmm·
275 3387 820 3474 MViP⁸⁸¹10¹th⁸9¹ft⁰ssrtvfflfitm
835 3396 972 3466 tarmis
983 3408 1009 3467 5:
1024 3394 1104 3454 :21st
1111 3390 1142 3475 i}
1150 3393 1196 3478 69
1206 3393 1386 3463 bomineper
1396 3390 1579 3446 advocatiam
1588 3387 1686 3444 sancti
1697 3385 1818 3441 vedasti
1827 3385 1857 3439 in

139 3473 340 3532 imb⁰⁰iffi¹⁸t⁰
364 3471 557 3550 (1061666666
568 3466 791 3551 ’66ἆῇῧῦἱο
810 3468 987 3547 νθὶὶαὰυὲῐίῑ
1000 3470 1009 3545 Ξ
1024 3466 1447 3556 ὶεῖιῖρῇωευείθηιιιο.Ριιιοι
1458 3493 1616 3549 vero,quae
1627 3475 1740 3531 nastris
1750 3475 1858 3529 diebus

28 3556 31 3561 ’
139 3562 259 3619 vicariae
275 3565 486 3622 sollicitudinis
500 3570 704 3639 cooperarium
724 3570 832 3626 direxit
851 3572 917 3643 (di).
938 3574 972 3629 In
1024 3572 1137 3627 meritis
1152 3570 1245 3643 hujus
1265 3567 1342 3624 beati
1360 3566 1548 3624 confessoris
1563 3562 1766 3629 evidentibus
1781 3563 1858 3617 iacta

138 3665 175 3708 ea
188 3668 314 3725 namque
329 3654 424 3724 urbe,
440 3660 472 3712 ut
486 3656 592 3714 beatus
605 3657 769 3730 Gregorius
785 3661 971 3718 Turonensis
1023 3661 1211 3732 accepimus,
1227 3672 1414 3730 nequaquam
1428 3654 1625 3728 pretereunda
1640 3652 1856 3709 estimavimus.

138 3741 226 3798 urbis
240 3742 400 3814 episcopas
414 3745 520 3801 scribit
534 3746 564 3799 in
578 3747 675 3819 gestis
691 3748 887 3819 Francorum,
901 3755 972 3808 tunc
1024 3753 1055 3807 ln
1068 3748 1225 3806 llerniensi
1241 3747 1297 3817 (66)
1309 3760 1437 3817 namque
1447 3743 1596 3799 territorio
1606 3741 1754 3815 quendam
1764 3757 1803 3795 ex
1812 3739 1858 3794 ia·

138 3831 282 3902 temporis
296 3832 427 3889 inaudita
440 3833 523 3890 cives
531 3835 669 3910 prodigia
678 3840 855 3895 terruerant.
866 3840 970 3909 (Gesta
1023 3839 1102 3895 milia
1126 3836 1222 3893 sancti
1245 3835 1366 3891 Vadasti
1392 3834 1542 3889 hominem
1563 3832 1632 3887 mali
1654 3831 1858 3901 rapinatores,

138 3935 166 3974 r.
182 3919 248 3992 Fr.)
265 3921 341 3976 llinc
356 3923 435 3977 enim
450 3927 634 3981 motuterrae
653 3927 791 3996 maximo,
812 3928 970 3986 multarum
1023 3929 1128 3984 aliene
1138 3924 1345 3983 substantiolae
1355 3923 1515 3992 inhiantes,
1524 3921 1626 3992 pravis
1634 3917 1858 3975 insimulationi-

138 4008 970 4087 ecclesiaramsubitaeversianestruentiumpalatiorum
1023 4018 1082 4075 bus
1095 4015 1192 4073 adorti
1207 4016 1286 4085 sunt,
1303 4017 1332 4070 et
1345 4014 1383 4069 ab
1399 4012 1455 4068 hoc
1471 4026 1560 4066 suum
1574 4008 1749 4064 advocatum
1763 4006 1857 4078 inias

138 4101 348 4167 concussione,
359 4103 461 4175 gravis
471 4103 578 4159 animis
588 4103 714 4176 dejectio
725 4105 910 4177 incubuerat,
923 4108 970 4162 in·
1025 4109 1213 4180 querentes,
1237 4106 1336 4176 ipsum
1355 4101 1475 4174 quidem
1489 4098 1638 4155 bominem
1652 4098 1689 4152 ad
1704 4095 1858 4169 singulare

138 4188 286 4245 ruatibus
300 4191 457 4264 prodigiis,
473 4193 575 4248 mundi
589 4194 747 4250 terminum
762 4197 790 4250 et
805 4199 970 4253 extremam
984 4217 1011 4280 D
1025 4199 1176 4254 certarnen
1190 4193 1269 4265 quad
1282 4191 1395 4247 rustice
1409 4190 1537 4246 dicimus
1552 4203 1698 4259 campum.
1710 4200 1856 4256 provoca-

135 4274 969 4354 judiciidiemsuperventurumspectantibus.Porroibi
1025 4290 1103 4343 runt.
1113 4284 1169 4350 Qui
1179 4283 1355 4339 advocatum
1365 4294 1454 4335 suam
1464 4277 1635 4341 adiuturum
1649 4275 1799 4347 pollicitus
1810 4274 1857 4328 in·

136 4365 242 4423 bestiae
250 4368 349 4424 multae
359 4370 547 4441 oberrantes,
555 4371 619 4442 lupi
629 4373 692 4428 arsi
703 4388 738 4428 ac
746 4374 829 4429 cervi
838 4375 967 4446 ingressi
1024 4379 1069 4431 tra
1083 4374 1175 4446 hujus
1190 4371 1268 4444 logis
1283 4368 1464 4424 diffiniendae
1479 4367 1646 4435 terminum,
1659 4367 1776 4434 sumpta
1787 4379 1857 4434 pera

136 4470 191 4528 per
205 4459 319 4527 partam
331 4457 468 4527 civitatis,
482 4459 617 4516 homiues
628 4462 771 4533 plurimos
780 4462 967 4534 devorantes,
1024 4479 1091 4519 cum
1105 4459 1221 4528 baculo,
1240 4460 1277 4515 ed
1291 4457 1449 4514 cenobium
1463 4457 1520 4510 viri
1530 4454 1583 4510 llei
1594 4468 1721 4526 pergere
1732 4451 1857 4507 festina·

137 4546 195 4603 boo
209 4549 362 4620 per-totam
371 4562 481 4603 annum
491 4546 649 4605 iaciebant.
661 4550 894 4622 Superveniente
905 4552 968 4608 sol·
1023 4552 1075 4622 vit,
1086 4563 1266 4621 cansamque
1277 4547 1475 4618 proclamans,
1486 4543 1602 4600 abbatis
1610 4540 1795 4598 advocatiam
1804 4540 1857 4593 im-

137 4636 246 4707 lcmpni
259 4636 307 4692 die
320 4635 453 4708 paschae,
463 4640 586 4693 sanctus
597 4638 758 4695 Mamertus
768 4638 905 4712 eiusdem
915 4657 968 4696 ur·
1022 4639 1158 4711 ploravit.
1170 4637 1272 4693 Abbas
1283 4641 1380 4692 autem
1392 4650 1447 4706 pra
1459 4633 1632 4690 difficultate
1644 4630 1728 4704 longi
1740 4628 1855 4685 itineris

135 4724 185 4781 bis
195 4725 356 4798 episcopus
366 4741 433 4782 cum
443 4726 474 4783 in
483 4727 549 4799 ipsa
559 4727 662 4801 vigilia
672 4743 791 4786 sacrum
802 4729 968 4785 misterium
1022 4729 1196 4786 detrectavit
1208 4728 1287 4784 ferre
1298 4723 1483 4798 suffragium,
1496 4723 1586 4778 immo
1599 4721 1732 4776 divinum
1744 4717 1856 4774 monuit

136 4813 311 4881 celebraret.
327 4814 467 4889 palatium
485 4832 604 4891 qaoque
622 4816 734 4891 regale,
750 4819 829 4892 quad
843 4818 968 4876 editiore
1023 4820 1181 4890 expectare
1194 4814 1221 4859 ¹⁵
1236 4814 1387 4872 auxilium.
1398 4812 1522 4869 Omnino
1537 4811 1635 4883 itaque
1650 4808 1804 4866 desolatus
1819 4805 1855 4860 ad

792 4988 940 5053 VARIAE
962 4987 1197 5053 LEOTIONES

171 5162 199 5208 ¹³
212 5166 288 5223 hanc
303 5182 332 5238 q.
348 5167 452 5225 urbem
466 5171 626 5255 ascriptam
638 5169 791 5244 reliquerit
801 5171 901 5254 primo
913 5170 1043 5255 babebat
1060 5171 1076 5227 t
1089 5189 1104 5254 ,χ
1115 5152 1288 5227 εθάἰιιοτοι
1301 5169 1366 5240 ipse
1376 5167 1419 5223 ita
1434 5166 1579 5236 correxit,
1597 5171 1627 5223 ut
1642 5178 1718 5221 nunc
1732 5162 1855 5235 leqitur.

134 5232 163 5281 ¹⁴
176 5236 238 5295 Hoc
253 5244 283 5294 et
297 5253 426 5311 sequens
440 5248 525 5327 caput
539 5259 572 5299 ιιι
586 5242 706 5299 scedula
721 5248 821 5298 assuta
835 5248 959 5315 scripsit
974 5247 1077 5300 auctor
1091 5257 1166 5316 ipse.
1183 5240 1210 5284 1⁵
1220 5242 1388 5312 expectaret
1403 5237 1428 5294 l.

933 5410 1062 5477 NOTAE

134 5593 492 5726 stillantibus
514 5596 693 5727 litidlm
715 5598 814 5671 ‘¹¹¹¹‘³⁸’
829 5596 967 5671 ⁰¹⁹⁰⁸¹¹⁵‘
1021 5589 1855 5733 dmtltlillrrttttdlt·latitate:

170 5736 228 5819 (66)
250 5737 393 5800 Fortasse
414 5709 528 5817 Engng,
551 5709 718 5800 amandino.
733 5740 904 5815 llantreuil,
918 5741 967 5798 vel
1021 5738 1160 5797 emulum
1173 5682 1352 5797 mitantur·
1365 5724 1477 5796 enDe'r
1489 5679 1641 5793 servaque
1652 5724 1687 5790 r;
