3908 6112
136 249 196 313 463
244 317 245 320 ,
660 243 695 309 Sa
718 241 909 307 adesum
929 238 1138 306 Lucanam
1155 239 1351 305 Episcopi
1798 244 1860 310 ffl

137 446 217 517 lavit,
233 449 262 502 et
276 445 445 516 imperatori
460 443 614 513 Mauricio,
630 442 719 514 crrjus
734 441 827 497 illium
837 457 874 496 ex
888 439 967 495 lava·
989 436 1011 492 Α
1025 440 1219 511 corripuisse,
1236 440 1378 513 graviter,
1394 440 1534 511 tulerunt,
1549 440 1779 514 camqasuujns
1792 456 1860 514 gra·

138 552 187 590 cro
208 538 310 590 sancto
326 536 509 605 susceperat,
527 533 650 587 latenter
670 530 783 587 litteras
799 530 966 601 destinavit,
1022 528 1072 599 tia,
1090 530 1276 600 quantumin
1293 545 1326 586 se
1342 534 1413 601 erat,
1431 546 1448 586 a
1472 533 1580 602 papatu
1601 531 1814 603 deposuerunt,
1829 535 1859 587 et

135 623 290 696 adjurans,
308 637 344 679 ue
361 638 489 693 uuquam
505 637 665 677 assensum
680 621 796 691 populis
807 621 965 691 praeberet,
1023 632 1130 673 nomeu
1146 618 1283 690 ejusdem
1297 619 1327 673 iu
1343 635 1455 676 canone
1468 620 1701 676 consecrationis
1709 620 1859 676 nominari

136 717 166 767 ut
182 729 216 768 se
231 711 453 783 hujusbonoris
463 711 557 782 gloria
567 710 770 765 sublimarent.
787 708 844 764 Sed
859 708 964 777 praefe-
1023 709 1199 763 vetuerunt:
1216 708 1343 780 ideoque
1356 709 1508 765 decretum
1523 707 1591 780 ejus
1605 709 1724 780 dejure
1738 710 1859 765 irritum

135 805 200 856 ctus
216 802 309 868 urbis,
326 800 492 854 Germanus
504 800 631 868 nomine,
643 798 853 869 ejusnuntium
863 797 965 851 antici·
1023 809 1092 850 esse
1108 795 1237 866 debebit,
1253 798 1321 868 quia
1338 813 1405 852 cum
1419 813 1436 852 a
1450 800 1511 853 toto
1523 799 1594 854 orbe
1607 813 1683 869 papa
1697 797 1860 854 haberetur

133 890 213 960 pavit
229 890 536 959 comprehensumque
553 905 587 942 ac
602 888 728 958 diruptis
740 886 963 957 epistolis,con·
1021 883 1104 955 juxta
1119 885 1290 940 eorumdem
1305 886 1481 941 senteutiam
1496 887 1610 942 eisdam
1622 903 1698 958 papa
1713 902 1774 943 uon
1789 887 1855 957 fuit,

133 993 257 1034 sensum
273 994 360 1048 quem
375 979 503 1049 populus
520 976 630 1032 fecerat
652 976 821 1046 imperatori
845 975 962 1030 direxit.
1022 975 1109 1045 quasi
1119 989 1180 1029 uon
1195 989 1233 1028 ex
1248 975 1302 1030 Dei
1318 975 1371 1030 sed
1394 990 1497 1031 eorum
1512 978 1624 1031 tantum
1644 976 1788 1047 penderet
1801 992 1856 1033 vo-

133 1068 170 1121 dt
185 1067 234 1122 ilie
249 1068 360 1137 gratias
377 1081 471 1136 agens
487 1066 548 1120 Deo
563 1082 616 1136 pro
637 1066 763 1120 amicitia
786 1064 912 1134 diaconi,
928 1077 963 1119 eo
1021 1060 1143 1133 luntate,
1161 1063 1327 1134 quempiam
1342 1063 1502 1134 quemlibet
1518 1079 1588 1119 esse
1613 1065 1659 1120 vel
1682 1080 1742 1120 nou
1766 1079 1838 1120 esse
1847 1083 1856 1131 ;

133 1154 210 1227 quod
224 1156 320 1209 locam
336 1154 488 1210 deferendi
499 1155 525 1208 ei
538 1154 671 1224 honoris,
682 1157 713 1208 ut
727 1155 870 1224 cupierat,
880 1168 963 1223 repe·
1023 1151 1174 1207 Romanus
1189 1151 1267 1206 enim
1281 1151 1423 1222 pontifex,
1441 1155 1472 1207 nt
1487 1152 1638 1223 sapientes
1658 1157 1784 1220 norunt,
1797 1169 1857 1209 nou

132 1245 232 1312 risset,
250 1244 347 1314 ipsum
362 1243 492 1299 ordinari
505 1244 656 1313 praecepit.
668 1261 680 1293 ι
693 1242 756 1311 (Ex
771 1242 873 1297 Gestis
889 1240 963 1296 Gre·
1021 1240 1108 1295 modo
1124 1241 1241 1310 deponi,
1254 1240 1308 1295 sed
1318 1242 1406 1296 etiam
1416 1241 1496 1297 nullo
1506 1240 1748 1313 ChristianoJure
1758 1258 1776 1297 a
1787 1257 1857 1313 quo·

131 1332 233 1404 potii.)
1020 1327 1092 1383 libet
1107 1331 1205 1399 potest
1220 1328 1359 1400 judicari.
1377 1329 1488 1386 Deinde
1512 1331 1581 1401 quia
1605 1346 1673 1385 cum
1694 1330 1724 1385 iu
1749 1331 1855 1387 eodem

167 1422 238 1475 Item
253 1420 283 1474 iu
299 1420 399 1476 Gestis
414 1420 582 1475 Ambrosii:
602 1443 612 1468 ι
630 1418 703 1474 Cum
723 1418 851 1491 populus
866 1418 963 1490 magis
1019 1416 1138 1472 decreto
1150 1419 1267 1472 cautum
1282 1420 1364 1473 esset
1378 1419 1410 1473 ut
1424 1419 1527 1474 Romae
1542 1418 1690 1489 pontificis
1713 1419 1854 1476 electioa

131 1510 288 1580 magisque
303 1508 498 1563 acclamaret:
514 1509 673 1563 Peccatum
688 1514 768 1564 tuum
786 1523 959 1578 supernos.
1021 1505 1153 1561 Romano
1169 1507 1250 1561 clero
1265 1509 1293 1561 et
1315 1506 1423 1577 populo
1447 1513 1581 1578 agerent,
1606 1510 1635 1563 et
1654 1512 1762 1578 postea
1787 1509 1853 1581 regi

130 1596 262 1669 Cumque
277 1598 325 1652 ille
340 1599 455 1652 videret
469 1613 553 1652 suam
567 1598 757 1652 intentionem
780 1596 854 1650 nihil
870 1611 961 1665 posse
1019 1594 1236 1664 notificaretur,
1261 1595 1319 1665 ipsi
1342 1595 1498 1665 praefatum
1521 1596 1672 1651 decretum
1692 1597 1853 1666 violantes,

130 1686 286 1754 proficere,
300 1687 401 1758 fugam
411 1686 534 1756 paravit,
543 1700 749 1758 egressusque
759 1686 855 1740 noctis
864 1684 960 1739 medio
1018 1681 1174 1754 elegerunt
1188 1684 1267 1754 quod
1291 1683 1336 1738 eis
1359 1699 1419 1738 uon
1444 1685 1560 1755 licebat,
1584 1685 1668 1759 prius
1691 1684 1854 1742 Cadalaum

132 1775 281 1828 civitatem
293 1790 358 1829 cum
367 1775 501 1828 Ticinum
513 1791 546 1830 sa
556 1790 683 1846 pergere
694 1777 819 1844 putaret,
828 1789 913 1828 mane
924 1774 961 1828 ad
983 1770 1222 1868 BParmensem,
1239 1775 1344 1841 postea
1358 1772 1547 1828 Wicbertum
1568 1774 1783 1846 Ravennatem,
1805 1774 1853 1830 iu·

130 1862 615 1933 portamcivitatisMediolanensis
625 1864 806 1935 quaedicitur
817 1864 959 1932 Romana,
1018 1860 1143 1915 duentes
1156 1875 1208 1915 eos
1221 1861 1395 1931 apostolicis
1411 1862 1592 1934 insignibus,
1608 1867 1753 1918 vocantes
1780 1878 1854 1934 apu-

130 1951 289 2005 invenitur.
306 1952 438 2020 Cumque
452 1951 590 2005 inventus
607 1951 807 2006 custodiretur
822 1966 837 2004 a
852 1951 960 2021 populo
1018 1949 1141 2004 stolices
1156 1952 1316 2018 apostatas,
1334 1950 1508 2005 Anticlrristi
1532 1966 1751 2021 precessores.
1768 1952 1854 2007 Prn-

129 2039 223 2093 misaa
238 2040 380 2093 relatione
403 2039 440 2093 ad
464 2041 674 2109 imperatorem
696 2039 960 2094 clementissimum
1018 2038 1098 2092 terea
1114 2041 1211 2092 autem
1226 2038 1369 2108 praefatus
1389 2038 1563 2094 Wicbertus
1586 2044 1636 2094 aut
1655 2041 1705 2095 sui
1728 2043 1762 2095 ut
1785 2056 1852 2095 suae

129 2127 380 2196 Valentinianum,
403 2127 454 2199 qui
475 2127 532 2181 hoc
554 2143 670 2182 summo
693 2127 802 2199 gaudio
835 2127 958 2198 accepit,
1016 2125 1853 2199 partiiavorcmascriberent,quaedamiueodemdecreto

130 2217 208 2288 quod
222 2215 341 2287 judices
356 2215 392 2271 ad
409 2231 442 2270 se
462 2216 568 2271 directi
594 2217 631 2271 ad
655 2215 857 2272 sacerdotium
876 2217 960 2287 pete·
1016 2213 1162 2284 addendo,
1180 2216 1315 2286 quaedam
1328 2217 1478 2286 mutando,
1494 2216 1533 2271 ita
1544 2215 1615 2273 illud
1630 2217 1854 2274 reddideruuta

129 2308 242 2359 rentur.
261 2328 272 2354 a
1015 2317 1049 2358 se
1065 2302 1227 2374 dissidens,
1245 2307 1276 2358 ut
1290 2308 1441 2375 autpairca
1452 2308 1500 2360 aut
1511 2304 1590 2360 nulla
1600 2305 1854 2377 exemplariasibi

164 2392 241 2448 Ecce
253 2393 346 2449 exhis
360 2398 388 2449 et
399 2394 521 2465 praefato
530 2393 836 2464 capitepatentissime
845 2393 959 2466 colligi·
1016 2391 1226 2447 concordant-ia
1241 2393 1357 2449 valeant
1372 2394 1509 2449 inveniri.
1519 2392 1615 2460 Quare
1629 2398 1726 2450 autem
1740 2394 1854 2451 decre·

126 2486 184 2552 tur,
197 2482 283 2554 juxta
297 2483 427 2553 priscam
442 2482 686 2538 consuetudinem
703 2482 844 2553 praefatos
859 2484 958 2553 ponti·
1015 2481 1077 2534 tum
1091 2483 1147 2550 est,
1160 2479 1240 2553 quod
1254 2496 1271 2535 a
1286 2497 1320 2536 se
1335 2482 1375 2536 ita
1391 2482 1563 2553 discrepare
1586 2481 1714 2553 videtur,
1732 2486 1765 2539 ut
1780 2485 1853 2556 quid

127 2571 201 2624 lices
217 2571 328 2625 electos
344 2571 455 2637 fuisse;
466 2571 598 2642 sedquia
610 2571 777 2626 nullatenus
788 2572 958 2641 promoveri
1015 2567 1045 2622 in
1056 2585 1090 2624 co
1105 2570 1293 2640 potissimum
1308 2570 1389 2625 credi
1405 2571 1518 2639 debeat,
1535 2572 1714 2644 ignoretur?

128 2657 565 2728 patiebantur,cuminaltorius
576 2658 958 2729 eiectionepraefectusvice
1050 2656 1109 2712 Sed
1124 2661 1154 2712 ut
1168 2659 1285 2713 tandem
1300 2660 1463 2714 invincibili
1480 2660 1578 2732 gladio
1600 2660 1756 2731 feriamus,
1773 2677 1852 2733 prae·

129 2747 339 2816 Romanorum,
363 2747 515 2802 llauricii:
539 2747 570 2801 in
592 2747 714 2802 alterius
736 2763 807 2803 vero
830 2751 957 2819 populus
1015 2745 1093 2801 fatus
1108 2747 1261 2816 NicolauS,
1279 2763 1356 2802 unus
1373 2746 1486 2804 seilicet
1502 2749 1679 2820 patriarcha,
1696 2765 1765 2804 cum
1776 2766 1852 2822 quo·

128 2835 323 2889 Valentiniani
340 2836 449 2907 legitur
463 2836 614 2890 auxillium
625 2837 785 2908 expetisse,
798 2840 876 2907 patet
890 2853 958 2908 pro·
1014 2834 1086 2890 libet
1099 2836 1308 2907 episcoporum
1321 2837 1455 2906 concilio,
1474 2853 1532 2893 non
1551 2837 1644 2908 potuit
1657 2839 1850 2911 abrumpere,

127 2923 215 2993 serto,
229 2924 314 2994 juxta
335 2942 397 2994 cap.
421 2924 438 2977 8
463 2925 578 2995 synodi,
605 2925 770 2981 Ecclesiam
795 2927 956 2981 saeculares
1012 2923 1071 2979 imo
1086 2940 1141 2979 aec
1155 2927 1279 2995 mutare,
1296 2941 1354 2980 uon
1372 2927 1520 2982 obviantia
1544 2927 1623 2996 fidei,
1645 2926 1772 2999 praefatu
1793 2929 1851 2985 de-

125 3017 287 3082 potcstatrs
303 3015 331 3067 in
347 3014 394 3068 sui
408 3012 589 3085 adjutorium
603 3014 759 3082 invitasse,
770 3030 881 3086 easque
897 3030 957 3070 non
1012 3015 1093 3066 creta
1118 3017 1288 3069 sanctorum
1310 3015 1440 3087 quinque
1465 3015 1708 3087 patriarcharum,
1730 3016 1851 3074 scilicet

126 3103 250 3172 irnperio
261 3103 315 3158 sed
328 3103 494 3157 obedientia
507 3106 577 3157 tunc
593 3118 664 3157 usas
679 3102 877 3169 fuisse.Qu0d
888 3104 956 3175 qui·
1013 3101 1146 3170 llomaui,
1162 3102 1364 3171 Alexandrini,
1382 3104 1568 3175 Antiocheni,
1592 3104 1848 3176 ierosolymitaui,

126 3191 191 3244 dem
209 3209 267 3245 non
282 3192 399 3245 videtur
413 3193 499 3245 uobis
511 3191 576 3246 ficri
586 3207 645 3246 non
656 3192 756 3256 licere,
768 3194 794 3247 si
806 3194 956 3264 contingat
976 3158 1336 3262 cConsiantinopolitaui,
1346 3197 1374 3246 et
1384 3197 1416 3247 ut
1429 3208 1598 3249 exnumero
1609 3193 1744 3264 praelatis
1756 3209 1849 3266 spuo·

124 3279 247 3350 dignum
262 3281 422 3351 quemlibet
437 3295 618 3335 consensum
634 3280 663 3334 in
678 3281 724 3335 sui
737 3282 953 3352 promotionem
1011 3277 1059 3334 dis
1075 3281 1209 3349 apposito
1226 3281 1326 3352 colligi
1341 3285 1448 3350 potest,
1467 3285 1636 3337 sauctorum
1652 3282 1849 3353 Patrum,uu·

124 3369 259 3436 praebere
274 3369 407 3440 regalem
422 3384 495 3423 vero
510 3371 685 3438 potestatem
700 3370 851 3442 contingat
866 3371 895 3424 iu
911 3385 957 3424 ea·
1010 3382 1090 3421 mero
1107 3383 1160 3422 cen
1175 3371 1202 3422 et
1216 3384 1251 3423 eo
1267 3369 1403 3439 amplius,
1422 3372 1462 3424 tol
1476 3362 1597 3442 quidem
1609 3370 1751 3442 leguntur
1764 3388 1848 3443 praa·

124 3456 190 3508 dem
201 3456 322 3511 dioecesi
334 3457 493 3524 adesse,ut
503 3455 954 3513 ValentinianustuucinMedio·
1010 3455 1086 3510 fatas
1101 3458 1328 3513 constitutiones
1344 3459 1409 3514 suis
1424 3459 1607 3528 temporibus
1632 3460 1788 3531 statuisse,
1815 3461 1847 3516 iu

123 3543 238 3594 lunensi
255 3544 365 3614 legitur
380 3543 523 3598 adfuisse.
541 3543 580 3598 Ut
594 3548 690 3598 autem
709 3550 859 3616 quaeratur
873 3550 954 3602 extra
1009 3543 1118 3614 quibus
1133 3560 1191 3599 non
1205 3545 1395 3601 inveniuntur
1409 3547 1569 3618 quidquam
1583 3548 1676 3620 regiae
1701 3550 1846 3619 potestati

123 3630 288 3700 (timemini,
306 3648 371 3685 rum
386 3632 477 3702 longo
493 3631 633 3686 intestitio
648 3634 745 3703 possit
763 3635 882 3705 abesse,
899 3636 954 3691 ab·
1008 3629 1038 3684 in
1052 3634 1224 3700 pontificum
1233 3633 1377 3689 eloctione
1387 3648 1442 3689 seu
1453 3636 1638 3705 promotione
1647 3638 1847 3695 coucesaisu

123 3719 292 3773 surdissum
301 3726 355 3787 est,
366 3736 432 3773 cum
443 3720 700 3776 sanctissimorum
708 3722 827 3777 Petrum
836 3724 954 3796 legibus
1008 3719 1077 3785 imo,
1095 3722 1126 3775 ut
1140 3721 1313 3791 praedictum
1325 3726 1381 3792 est,
1394 3724 1618 3779 considentibus
1627 3724 1846 3782 cumeisssbri·

125 3810 265 3862 statutum
281 3808 369 3863 sitne
385 3809 460 3863 intra
476 3813 538 3865 tres
553 3826 674 3866 menses
689 3810 838 3867 viduatam
861 3814 954 3867 relin-
1009 3808 1203 3864 stianissimis
1211 3811 1440 3881 imperatoribus
1448 3815 1477 3867 et
1485 3827 1543 3867 uon
1555 3813 1844 3886 contradicentibus,

124 3902 215 3966 quant
229 3896 395 3952 acetosum
410 3913 426 3951 a
441 3899 589 3968 pontifice.
1006 3895 1209 3969 leguntursub
1218 3903 1361 3970 perpetuo
1371 3900 1555 3956 anathemate
1565 3902 1708 3957 vetuisse.
1716 3902 1804 3968 Quod
1815 3904 1844 3960 si

158 3984 242 4048 Quod
253 4001 325 4041 vero
342 3986 370 4039 in
386 3986 515 4040 Historia
530 3988 674 4059 tripartita
694 3987 801 4061 iegitur
821 3989 952 4045 Valenti·
1007 3982 1063 4040 hoc
1079 3985 1288 4042 vindicandum
1303 3992 1349 4043 est
1371 4004 1410 4043 ex
1431 3987 1603 4045 Graeooram
1627 3991 1845 4061 imperatorum

120 4074 312 4144 uiunusimp.
329 4074 442 4130 dixisse
458 4075 632 4130 Ambrosio:
645 4076 724 4132 Dens
735 4078 793 4131 tibi
807 4078 953 4133 commisit
1007 4075 1286 4145 cousuetudine,vel
1298 4077 1844 4151 exdmbrosiauavelexGregeriaua

124 4163 248 4232 animas,
262 4179 315 4235 ego
326 4180 561 4235 corp01u3quam
573 4167 704 4235 pessime
719 4167 869 4221 cohaereat
877 4183 953 4238 prae-
1005 4162 1157 4227 electione,
1175 4167 1339 4232 constat,ut
1349 4167 1540 4235 praemissum
1556 4168 1842 4240 sst,cosdemipsos

119 4252 359 4323 cedentibusqni
376 4253 446 4325 legit
462 4254 615 4326 intelligat.
633 4255 724 4310 Valde
739 4255 817 4310 enim
833 4262 951 4310 contra·
1004 4249 1061 4304 hoc
1069 4252 1159 4306 veluti
1169 4253 1230 4308 Deo
1239 4253 1397 4308 adversum
1405 4256 1571 4325 respuisse,
1579 4256 1753 4311 eorumdem
1764 4272 1841 4313 vero

119 4341 197 4394 rium
212 4343 339 4406 videtur,
357 4347 385 4396 et
396 4342 527 4397 hoceum
537 4344 696 4411 dixissset
707 4347 738 4397 ut
748 4360 764 4396 a
776 4359 809 4398 se
820 4345 952 4414 pontifex
1002 4341 1173 4409 pontificum
1189 4341 1363 4396 electionem
1379 4344 1407 4397 et
1422 4344 1636 4413 promotionem
1650 4361 1703 4399 vm
1718 4346 1842 4417 syuodo

121 4429 292 4501 eligeretur,
304 4432 382 4501 qnod
393 4431 502 4484 ibidem
513 4432 701 4501 praemissum
713 4435 769 4500 est,
782 4433 950 4488 nullalenus
1003 4429 1140 4498 quamvis
1156 4434 1338 4500 prepostero
1355 4431 1566 4488 concordasse.

117 4519 389 4572 cerasensisselloc
401 4523 498 4572 autem
510 4520 580 4573 nibil
590 4520 677 4574 nobis
689 4522 948 4590 adversatur,cum
963 4507 993 4573 D
1038 4515 1073 4571 Et
1089 4519 1226 4588 quamvis
1241 4518 1403 4589 decretum,
1411 4519 1447 4574 de
1462 4535 1521 4591 quo
1535 4521 1688 4592 agimus,a
1702 4522 1843 4592 praefatis

116 4605 221 4660 beatus
238 4606 400 4677 Gregorius
417 4609 549 4661 camdem
562 4609 721 4662 Historiam
734 4610 907 4665 mendosam
919 4613 947 4665 ei
1001 4604 1397 4678 Ecclesiaiegibaspcnitus
1406 4609 1843 4678 enervetur,videamustameu

117 4710 133 4747 a
151 4696 281 4750 lfomana
297 4695 432 4749 Ecclesia
447 4698 628 4765 repudiatam
645 4696 782 4753 affirmet.
999 4692 1096 4747 adhuc
1112 4695 1183 4764 quid
1198 4695 1234 4749 de
1249 4710 1284 4750 eo
1300 4697 1406 4750 iterum
1421 4695 1566 4753 Ecclesiae
1580 4701 1609 4752 et
1626 4698 1733 4754 saculi
1748 4699 1840 4772 leges

151 4784 224 4838 Sunt
247 4787 317 4839 item
338 4785 386 4855 qui
413 4785 579 4855 objiciunt:
608 4786 765 4842 Nicolaum
793 4788 947 4843 «Iuniorem
1000 4786 1152 4851 censeant,
1170 4786 1201 4837 ut
1215 4785 1334 4852 ponitus
1350 4790 1520 4841 evacuetur.
1541 4785 1586 4840 Ex
1608 4786 1726 4858 synodo
1746 4802 1838 4859 papo

115 4871 233 4927 decreto
249 4876 352 4944 synodi
371 4875 574 4941 constituisse,
592 4879 623 4927 ut
639 4875 765 4930 obeunte
782 4878 945 4946 apostolico
1001 4869 1114 4936 Hilarii,
1132 4887 1195 4940 cap.
1212 4871 1243 4926 l:
1263 4873 1360 4928 «Illud
1382 4874 1461 4944 quod
1472 4875 1598 4945 quisque
1609 4874 1761 4930 commisit
1769 4876 1841 4945 epi-

113 4963 250 5026 pontifice
266 4978 428 5016 successor
442 4962 612 5032 eligeretur,
630 4968 658 5016 ct
676 4965 782 5018 electio
797 4964 865 5035 ejus
881 4966 945 5037 regi
1001 4974 1111 5029 scopus
1128 4960 1229 5014 illicite
1245 4965 1294 5015 uut
1309 4965 1364 5015 eta
1379 4963 1592 5018 decessoribus
1603 4964 1841 5021 invenitorlmis-

113 5050 322 5104 collocaretur.
335 5051 421 5104 ltactn
439 5051 675 5119 veracissimae,
688 5057 757 5106 etat
771 5054 945 5121 pradictum
1000 5061 1076 5115 sum,
1094 5049 1121 5101 si
1136 5051 1287 5117 proprium
1303 5051 1365 5104 vuit
1380 5051 1472 5104 vitare
1483 5052 1657 5121 periculum,
1665 5051 1837 5109 damnabit:

112 5140 167 5201 est,
187 5140 249 5205 regi
262 5139 418 5206 notificata,
432 5141 471 5192 ita
482 5141 599 5192 demum
610 5143 742 5209 pontifex
753 5157 946 5196 consecrare·
1000 5133 1075 5188 Nam
1088 5135 1114 5189 5¹¹
1126 5153 1169 5205 8⁰,
1178 5137 1318 5207 quidquid
1331 5139 1491 5194 5⁰⁰150ss0¹¹
1503 5141 1812 5209 ¹'08008bibiffi'01150i·
1823 5164 1837 5193 ·

111 5226 169 5277 tm.
187 5224 270 5287 oncri
287 5227 311 5278 si
329 5228 538 5281 admittendum
562 5233 617 5297 est,
643 5235 674 5283 nt
700 5231 811 5285 ratione
835 5231 944 5285 iactum
993 5290 997 5295 ,
1035 5226 1171 5279 Gelasins
1184 5226 1344 5281 Cresconio
1360 5228 1465 5282 ioanni
1484 5234 1513 5283 et
1526 5229 1663 5285 Messalae
1679 5230 1838 5302 episcopis

113 5311 236 5379 dicatur,
254 5313 414 5382 objicimus
429 5317 464 5370 ad
482 5319 537 5371 boc
554 5317 764 5372 confutandum
789 5318 943 5387 praefatam
997 5317 1074 5373 inter
1089 5323 1214 5371 caetera:
1239 5340 1249 5364 ι
1268 5318 1467 5374 Decessorum
1483 5324 1591 5377 statuta
1605 5320 1683 5376 sicut
1697 5320 1838 5394 legitima

111 5407 249 5473 regcnaet
262 5403 416 5472 optimates
424 5405 530 5474 ejusse
541 5422 575 5461 ea
586 5408 793 5462 constitutione
804 5407 943 5478 indignos
997 5410 1025 5460 et
1038 5406 1131 5478 justa,
1142 5422 1355 5462 successorem
1371 5410 1521 5466 custodiro
1536 5409 1733 5481 couvenit,ita
1742 5411 1836 5469 debet

111 5490 235 5560 fecisse,
253 5491 379 5562 primum
395 5493 461 5562 quia
482 5499 584 5565 postea
601 5496 754 5566 praefatum
777 5495 941 5567 Nicolaum,
997 5495 1084 5552 etiam
1098 5495 1251 5550 malefacta
1268 5497 1458 5569 corrigere.»

111 5577 318 5639 coloniensem
334 5582 592 5657 archiepiscopum
606 5602 662 5656 pro
677 5587 742 5643 auis
763 5586 942 5645 excessibus
998 5577 1140 5658 Pelagius
1155 5584 1340 5645 armentario
1352 5587 1496 5664 magistro
1510 5587 1645 5663 militum,
1665 5589 1747 5650 inter
1769 5604 1834 5649 en-
