<?xml version="1.0" encoding="UTF-8"?>
<!DOCTYPE html PUBLIC "-//W3C//DTD XHTML 1.0 Transitional//EN"
    "http://www.w3.org/TR/xhtml1/DTD/xhtml1-transitional.dtd">
<html xmlns="http://www.w3.org/1999/xhtml" xml:lang="en" lang="en">
 <head>
  <title>
</title>
<meta http-equiv="Content-Type" content="text/html;charset=utf-8" />
  <meta name='ocr-system' content='tesseract 3.04.00' />
  <meta name='ocr-capabilities' content='ocr_page ocr_carea ocr_par ocr_line ocrx_word'/>
</head>
<body>
  <div class='ocr_page' id='page_1' title='image "./patrologiaecurs66unkngoog/patrologiaecurs66unkngoog_0031.png"; bbox 0 0 3900 6112; ppageno 0'>
   <div class='ocr_carea' id='block_1_1' title="bbox 85 230 1810 303">
    <p class='ocr_par' dir='ltr' id='par_1_1' title="bbox 85 230 1810 303">
     <span class='ocr_line' id='line_1_1' title="bbox 85 230 1810 303; baseline 0.002 -4"><span class='ocrx_word' id='word_1_1' title='bbox 85 235 124 299; x_wconf 78' lang='lat'><strong>51</strong></span> <span class='ocrx_word' id='word_1_2' title='bbox 533 230 670 295; x_wconf 83' lang='lat' dir='ltr'>GESTA</span> <span class='ocrx_word' id='word_1_3' title='bbox 691 232 957 297; x_wconf 74' lang='lat' dir='ltr'><strong>PONTIFICUM</strong></span> <span class='ocrx_word' id='word_1_4' title='bbox 977 231 1356 301; x_wconf 78' lang='lat' dir='ltr'><strong>CAMERACENSIUM.</strong></span> <span class='ocrx_word' id='word_1_5' title='bbox 1767 241 1810 303; x_wconf 66' lang='lat'><strong>52</strong></span> 
     </span>
    </p>
   </div>
   <div class='ocr_carea' id='block_1_2' title="bbox 35 413 1855 4665">
    <p class='ocr_par' dir='ltr' id='par_1_2' title="bbox 35 413 1853 3153">
     <span class='ocr_line' id='line_1_2' title="bbox 87 413 1804 490; baseline 0.003 -18"><span class='ocrx_word' id='word_1_6' title='bbox 87 433 165 474; x_wconf 89' lang='lat' dir='ltr'><strong>rare.</strong></span> <span class='ocrx_word' id='word_1_7' title='bbox 181 417 217 472; x_wconf 81' lang='lat' dir='ltr'><strong>at</strong></span> <span class='ocrx_word' id='word_1_8' title='bbox 231 415 484 488; x_wconf 84' lang='lat' dir='ltr'><strong>quicquidexinda</strong></span> <span class='ocrx_word' id='word_1_9' title='bbox 496 416 700 472; x_wconf 82' lang='lat' dir='ltr'><strong>hacnanoster</strong></span> <span class='ocrx_word' id='word_1_10' title='bbox 710 416 917 487; x_wconf 84' lang='lat' dir='ltr'><strong>exigerepeta-</strong></span> <span class='ocrx_word' id='word_1_11' title='bbox 930 413 960 474; x_wconf 73' lang='grc' dir='ltr'><strong>Α</strong></span> <span class='ocrx_word' id='word_1_12' title='bbox 974 415 1006 468; x_wconf 90' lang='lat' dir='ltr'><strong>tit</strong></span> <span class='ocrx_word' id='word_1_13' title='bbox 1015 415 1111 470; x_wconf 89' lang='lat' dir='ltr'><strong>minor</strong></span> <span class='ocrx_word' id='word_1_14' title='bbox 1121 417 1156 471; x_wconf 90' lang='lat' dir='ltr'><strong>ad</strong></span> <span class='ocrx_word' id='word_1_15' title='bbox 1172 418 1300 489; x_wconf 87' lang='lat' dir='ltr'><strong>singula.</strong></span> <span class='ocrx_word' id='word_1_16' title='bbox 1312 418 1347 473; x_wconf 82' lang='lat' dir='ltr'><strong>Et</strong></span> <span class='ocrx_word' id='word_1_17' title='bbox 1358 419 1414 475; x_wconf 90' lang='lat' dir='ltr'><strong>hoc</strong></span> <span class='ocrx_word' id='word_1_18' title='bbox 1430 422 1484 488; x_wconf 87' lang='lat' dir='ltr'><strong>est,</strong></span> <span class='ocrx_word' id='word_1_19' title='bbox 1499 422 1577 490; x_wconf 90' lang='lat' dir='ltr'><strong>quod</strong></span> <span class='ocrx_word' id='word_1_20' title='bbox 1594 421 1623 475; x_wconf 90' lang='lat' dir='ltr'><strong>in</strong></span> <span class='ocrx_word' id='word_1_21' title='bbox 1638 420 1694 476; x_wconf 88' lang='lat' dir='ltr'><strong>hae</strong></span> <span class='ocrx_word' id='word_1_22' title='bbox 1711 438 1742 477; x_wconf 94' lang='lat' dir='ltr'><strong>re</strong></span> <span class='ocrx_word' id='word_1_23' title='bbox 1757 439 1804 478; x_wconf 89' lang='lat' dir='ltr'><strong>me</strong></span> 
     </span>
     <span class='ocr_line' id='line_1_3' title="bbox 87 503 1803 581; baseline 0.002 -20"><span class='ocrx_word' id='word_1_24' title='bbox 87 511 140 577; x_wconf 88' lang='lat' dir='ltr'><strong>rat,</strong></span> <span class='ocrx_word' id='word_1_25' title='bbox 160 508 191 561; x_wconf 89' lang='lat' dir='ltr'><strong>in</strong></span> <span class='ocrx_word' id='word_1_26' title='bbox 210 507 405 561; x_wconf 90' lang='lat' dir='ltr'><strong>luminaribus</strong></span> <span class='ocrx_word' id='word_1_27' title='bbox 421 507 516 576; x_wconf 88' lang='lat' dir='ltr'><strong>ipsius</strong></span> <span class='ocrx_word' id='word_1_28' title='bbox 541 505 686 560; x_wconf 86' lang='lat' dir='ltr'><strong>aecclesiee</strong></span> <span class='ocrx_word' id='word_1_29' title='bbox 716 503 917 559; x_wconf 88' lang='lat' dir='ltr'><strong>concinnanda</strong></span> <span class='ocrx_word' id='word_1_30' title='bbox 972 504 1223 575; x_wconf 85' lang='lat' dir='ltr'><strong>valdeeollicitn,</strong></span> <span class='ocrx_word' id='word_1_31' title='bbox 1245 508 1383 577; x_wconf 90' lang='lat' dir='ltr'><strong>quoniam</strong></span> <span class='ocrx_word' id='word_1_32' title='bbox 1402 509 1441 562; x_wconf 93' lang='lat' dir='ltr'><strong>ila</strong></span> <span class='ocrx_word' id='word_1_33' title='bbox 1462 509 1586 563; x_wconf 86' lang='lat' dir='ltr'><strong>contusa</strong></span> <span class='ocrx_word' id='word_1_34' title='bbox 1608 511 1803 581; x_wconf 81' lang='lat' dir='ltr'><strong>suntjudicia</strong></span> 
     </span>
     <span class='ocr_line' id='line_1_4' title="bbox 86 593 1804 669; baseline 0.003 -19"><span class='ocrx_word' id='word_1_35' title='bbox 86 597 294 667; x_wconf 73' lang='lat' dir='ltr'>perpetualiter</span> <span class='ocrx_word' id='word_1_36' title='bbox 310 597 517 650; x_wconf 79' lang='lat' dir='ltr'><strong>concessimus</strong></span> <span class='ocrx_word' id='word_1_37' title='bbox 534 597 569 648; x_wconf 90' lang='lat' dir='ltr'><strong>ab</strong></span> <span class='ocrx_word' id='word_1_38' title='bbox 586 595 762 648; x_wconf 90' lang='lat' dir='ltr'><strong>habendum.</strong></span> <span class='ocrx_word' id='word_1_39' title='bbox 778 593 918 647; x_wconf 88' lang='lat' dir='ltr'><strong>Contine·</strong></span> <span class='ocrx_word' id='word_1_40' title='bbox 970 596 1171 663; x_wconf 84' lang='lat' dir='ltr'><strong>poenitentium</strong></span> <span class='ocrx_word' id='word_1_41' title='bbox 1187 596 1217 648; x_wconf 91' lang='lat' dir='ltr'><strong>in</strong></span> <span class='ocrx_word' id='word_1_42' title='bbox 1233 597 1471 666; x_wconf 66' lang='lat' dir='ltr'><strong>presbyterorum</strong></span> <span class='ocrx_word' id='word_1_43' title='bbox 1487 604 1656 653; x_wconf 90' lang='lat' dir='ltr'><strong>nestrorum</strong></span> <span class='ocrx_word' id='word_1_44' title='bbox 1673 617 1804 669; x_wconf 90' lang='lat' dir='ltr'><strong>opuscu-</strong></span> 
     </span>
     <span class='ocr_line' id='line_1_5' title="bbox 85 681 1802 757; baseline 0.002 -17"><span class='ocrx_word' id='word_1_45' title='bbox 85 687 173 740; x_wconf 88' lang='lat' dir='ltr'><strong>batnr</strong></span> <span class='ocrx_word' id='word_1_46' title='bbox 188 686 274 741; x_wconf 88' lang='lat' dir='ltr'><strong>etiam</strong></span> <span class='ocrx_word' id='word_1_47' title='bbox 289 686 319 738; x_wconf 92' lang='lat' dir='ltr'><strong>in</strong></span> <span class='ocrx_word' id='word_1_48' title='bbox 343 685 446 739; x_wconf 87' lang='lat' dir='ltr'><strong>cedem</strong></span> <span class='ocrx_word' id='word_1_49' title='bbox 461 688 600 754; x_wconf 87' lang='lat' dir='ltr'><strong>precepto</strong></span> <span class='ocrx_word' id='word_1_50' title='bbox 616 684 714 738; x_wconf 92' lang='lat' dir='ltr'><strong>domni</strong></span> <span class='ocrx_word' id='word_1_51' title='bbox 731 686 758 736; x_wconf 89' lang='lat' dir='ltr'><strong>et</strong></span> <span class='ocrx_word' id='word_1_52' title='bbox 770 683 918 753; x_wconf 73' lang='lat' dir='ltr'><strong>genitoris</strong></span> <span class='ocrx_word' id='word_1_53' title='bbox 969 681 1016 751; x_wconf 81' lang='lat' dir='ltr'><strong>lie,</strong></span> <span class='ocrx_word' id='word_1_54' title='bbox 1033 687 1119 752; x_wconf 88' lang='lat' dir='ltr'><strong>utque</strong></span> <span class='ocrx_word' id='word_1_55' title='bbox 1135 684 1253 738; x_wconf 87' lang='lat' dir='ltr'><strong>diversa</strong></span> <span class='ocrx_word' id='word_1_56' title='bbox 1264 688 1292 738; x_wconf 92' lang='lat' dir='ltr'><strong>et</strong></span> <span class='ocrx_word' id='word_1_57' title='bbox 1303 686 1378 739; x_wconf 89' lang='lat' dir='ltr'><strong>inter</strong></span> <span class='ocrx_word' id='word_1_58' title='bbox 1393 702 1426 741; x_wconf 93' lang='lat' dir='ltr'><strong>se</strong></span> <span class='ocrx_word' id='word_1_59' title='bbox 1443 687 1638 757; x_wconf 82' lang='lat' dir='ltr'><strong>discrepantia</strong></span> <span class='ocrx_word' id='word_1_60' title='bbox 1651 693 1679 743; x_wconf 94' lang='lat' dir='ltr'><strong>et</strong></span> <span class='ocrx_word' id='word_1_61' title='bbox 1690 690 1802 743; x_wconf 89' lang='lat' dir='ltr'><strong>nullius</strong></span> 
     </span>
     <span class='ocr_line' id='line_1_6' title="bbox 43 771 1799 847; baseline 0.001 -16"><span class='ocrx_word' id='word_1_62' title='bbox 43 777 48 792; x_wconf 94' lang='lat'>&#39;</span> <span class='ocrx_word' id='word_1_63' title='bbox 84 776 190 846; x_wconf 87' lang='lat' dir='ltr'><strong>nestri,</strong></span> <span class='ocrx_word' id='word_1_64' title='bbox 203 774 282 844; x_wconf 92' lang='lat' dir='ltr'><strong>qnod</strong></span> <span class='ocrx_word' id='word_1_65' title='bbox 293 775 393 844; x_wconf 90' lang='lat' dir='ltr'><strong>siquis</strong></span> <span class='ocrx_word' id='word_1_66' title='bbox 403 775 472 842; x_wconf 71' lang='lat' dir='ltr'><strong>«lux,</strong></span> <span class='ocrx_word' id='word_1_67' title='bbox 482 789 592 841; x_wconf 87' lang='lat' dir='ltr'><strong>comes,</strong></span> <span class='ocrx_word' id='word_1_68' title='bbox 603 773 805 838; x_wconf 82' lang='lat' dir='ltr'><strong>vicarius,scu</strong></span> <span class='ocrx_word' id='word_1_69' title='bbox 815 771 914 841; x_wconf 88' lang='lat' dir='ltr'><strong>quisli-</strong></span> <span class='ocrx_word' id='word_1_70' title='bbox 969 774 1140 826; x_wconf 87' lang='lat' dir='ltr'><strong>auctoritate</strong></span> <span class='ocrx_word' id='word_1_71' title='bbox 1163 771 1292 840; x_wconf 87' lang='lat' dir='ltr'><strong>sullulta,</strong></span> <span class='ocrx_word' id='word_1_72' title='bbox 1313 778 1344 827; x_wconf 90' lang='lat' dir='ltr'><strong>ut</strong></span> <span class='ocrx_word' id='word_1_73' title='bbox 1368 776 1417 829; x_wconf 89' lang='lat' dir='ltr'><strong>vix</strong></span> <span class='ocrx_word' id='word_1_74' title='bbox 1439 781 1560 847; x_wconf 89' lang='lat' dir='ltr'><strong>propter</strong></span> <span class='ocrx_word' id='word_1_75' title='bbox 1584 778 1799 832; x_wconf 87' lang='lat' dir='ltr'><strong>dissonantiam</strong></span> 
     </span>
     <span class='ocr_line' id='line_1_7' title="bbox 83 859 1800 933; baseline 0.001 -14"><span class='ocrx_word' id='word_1_76' title='bbox 83 865 133 920; x_wconf 89' lang='lat' dir='ltr'><strong>bet</strong></span> <span class='ocrx_word' id='word_1_77' title='bbox 144 880 181 919; x_wconf 84' lang='lat' dir='ltr'><strong>ex</strong></span> <span class='ocrx_word' id='word_1_78' title='bbox 197 864 356 933; x_wconf 80' lang='lat' dir='ltr'><strong>judiciaria</strong></span> <span class='ocrx_word' id='word_1_79' title='bbox 368 865 511 933; x_wconf 91' lang='lat' dir='ltr'><strong>potestate</strong></span> <span class='ocrx_word' id='word_1_80' title='bbox 531 863 732 916; x_wconf 89' lang='lat' dir='ltr'><strong>auctoritatem</strong></span> <span class='ocrx_word' id='word_1_81' title='bbox 748 859 846 913; x_wconf 92' lang='lat' dir='ltr'><strong>domni</strong></span> <span class='ocrx_word' id='word_1_82' title='bbox 863 874 916 928; x_wconf 92' lang='lat' dir='ltr'><strong>go·</strong></span> <span class='ocrx_word' id='word_1_83' title='bbox 967 861 1084 930; x_wconf 89' lang='lat' dir='ltr'><strong>possint</strong></span> <span class='ocrx_word' id='word_1_84' title='bbox 1094 862 1235 915; x_wconf 89' lang='lat' dir='ltr'><strong>discerni.</strong></span> <span class='ocrx_word' id='word_1_85' title='bbox 1247 861 1331 917; x_wconf 85' lang='lat' dir='ltr'><strong>Unde</strong></span> <span class='ocrx_word' id='word_1_86' title='bbox 1343 864 1383 933; x_wconf 88' lang='lat' dir='ltr'><strong>fit,</strong></span> <span class='ocrx_word' id='word_1_87' title='bbox 1396 866 1427 918; x_wconf 93' lang='lat' dir='ltr'><strong>ut</strong></span> <span class='ocrx_word' id='word_1_88' title='bbox 1437 867 1685 920; x_wconf 88' lang='lat' dir='ltr'><strong>concurrentibus</strong></span> <span class='ocrx_word' id='word_1_89' title='bbox 1702 867 1737 920; x_wconf 89' lang='lat' dir='ltr'><strong>ad</strong></span> <span class='ocrx_word' id='word_1_90' title='bbox 1755 883 1800 921; x_wconf 91' lang='lat' dir='ltr'><strong>re·</strong></span> 
     </span>
     <span class='ocr_line' id='line_1_8' title="bbox 84 949 1798 1023; baseline 0.001 -15"><span class='ocrx_word' id='word_1_91' title='bbox 84 954 189 1008; x_wconf 88' lang='lat' dir='ltr'><strong>niteris</strong></span> <span class='ocrx_word' id='word_1_92' title='bbox 204 950 231 994; x_wconf 71' lang='lat'><strong>78</strong></span> <span class='ocrx_word' id='word_1_93' title='bbox 243 953 337 1006; x_wconf 90' lang='lat' dir='ltr'><strong>nestri</strong></span> <span class='ocrx_word' id='word_1_94' title='bbox 347 953 392 1006; x_wconf 80' lang='lat' dir='ltr'><strong>rel</strong></span> <span class='ocrx_word' id='word_1_95' title='bbox 402 955 624 1006; x_wconf 85' lang='lat' dir='ltr'><strong>antecessorum</strong></span> <span class='ocrx_word' id='word_1_96' title='bbox 637 965 739 1020; x_wconf 83' lang='lat' dir='ltr'><strong>regum</strong></span> <span class='ocrx_word' id='word_1_97' title='bbox 750 949 916 1016; x_wconf 76' lang='lat' dir='ltr'><strong>irrumpere</strong></span> <span class='ocrx_word' id='word_1_98' title='bbox 968 949 1095 1003; x_wconf 89' lang='lat' dir='ltr'><strong>medium</strong></span> <span class='ocrx_word' id='word_1_99' title='bbox 1109 951 1296 1020; x_wconf 80' lang='lat' dir='ltr'><strong>paenitentiae,</strong></span> <span class='ocrx_word' id='word_1_100' title='bbox 1313 955 1371 1006; x_wconf 91' lang='lat' dir='ltr'><strong>tam</strong></span> <span class='ocrx_word' id='word_1_101' title='bbox 1389 969 1444 1023; x_wconf 87' lang='lat' dir='ltr'><strong>pro</strong></span> <span class='ocrx_word' id='word_1_102' title='bbox 1460 953 1603 1009; x_wconf 84' lang='lat' dir='ltr'><strong>lilnerum</strong></span> <span class='ocrx_word' id='word_1_103' title='bbox 1622 956 1798 1010; x_wconf 81' lang='lat' dir='ltr'><strong>contusione</strong></span> 
     </span>
     <span class='ocr_line' id='line_1_9' title="bbox 83 1036 1798 1112; baseline 0.001 -16"><span class='ocrx_word' id='word_1_104' title='bbox 83 1040 109 1083; x_wconf 71' lang='lat'><strong>79</strong></span> <span class='ocrx_word' id='word_1_105' title='bbox 120 1043 189 1112; x_wconf 52' lang='lat' dir='ltr'><strong>,faut</strong></span> <span class='ocrx_word' id='word_1_106' title='bbox 200 1041 552 1111; x_wconf 81' lang='lat' dir='ltr'><strong>violarepraesumpserit,</strong></span> <span class='ocrx_word' id='word_1_107' title='bbox 565 1039 846 1092; x_wconf 87' lang='lat' dir='ltr'><strong>solidessexcentos</strong></span> <span class='ocrx_word' id='word_1_108' title='bbox 857 1036 916 1089; x_wconf 92' lang='lat' dir='ltr'><strong>cul·</strong></span> <span class='ocrx_word' id='word_1_109' title='bbox 966 1053 1053 1108; x_wconf 90' lang='lat' dir='ltr'><strong>quam</strong></span> <span class='ocrx_word' id='word_1_110' title='bbox 1068 1038 1156 1091; x_wconf 90' lang='lat' dir='ltr'><strong>etiam</strong></span> <span class='ocrx_word' id='word_1_111' title='bbox 1171 1055 1223 1108; x_wconf 90' lang='lat' dir='ltr'><strong>pro</strong></span> <span class='ocrx_word' id='word_1_112' title='bbox 1235 1041 1345 1111; x_wconf 89' lang='lat' dir='ltr'><strong>ingenii</strong></span> <span class='ocrx_word' id='word_1_113' title='bbox 1358 1041 1490 1096; x_wconf 88' lang='lat' dir='ltr'><strong>tarditate</strong></span> <span class='ocrx_word' id='word_1_114' title='bbox 1502 1043 1669 1097; x_wconf 90' lang='lat' dir='ltr'><strong>nullatenus</strong></span> <span class='ocrx_word' id='word_1_115' title='bbox 1682 1044 1798 1098; x_wconf 84' lang='lat' dir='ltr'><strong>valeant</strong></span> 
     </span>
     <span class='ocr_line' id='line_1_10' title="bbox 82 1124 1796 1202; baseline 0 -16"><span class='ocrx_word' id='word_1_116' title='bbox 82 1131 190 1202; x_wconf 88' lang='lat' dir='ltr'><strong>pabilis</strong></span> <span class='ocrx_word' id='word_1_117' title='bbox 202 1131 362 1201; x_wconf 64' lang='lat' dir='ltr'><strong>judicatum</strong></span> <span class='ocrx_word' id='word_1_118' title='bbox 379 1130 516 1183; x_wconf 74' lang='lat' dir='ltr'><strong>videlieet</strong></span> <span class='ocrx_word' id='word_1_119' title='bbox 528 1130 558 1180; x_wconf 92' lang='lat' dir='ltr'><strong>ut</strong></span> <span class='ocrx_word' id='word_1_120' title='bbox 573 1127 639 1181; x_wconf 83' lang='lat' dir='ltr'><strong>duae</strong></span> <span class='ocrx_word' id='word_1_121' title='bbox 654 1130 753 1196; x_wconf 90' lang='lat' dir='ltr'><strong>partes</strong></span> <span class='ocrx_word' id='word_1_122' title='bbox 769 1125 799 1179; x_wconf 88' lang='lat' dir='ltr'><strong>in</strong></span> <span class='ocrx_word' id='word_1_123' title='bbox 814 1124 914 1178; x_wconf 89' lang='lat' dir='ltr'><strong>archi·</strong></span> <span class='ocrx_word' id='word_1_124' title='bbox 966 1127 1138 1181; x_wconf 86' lang='lat' dir='ltr'><strong>subvenire.</strong></span> <span class='ocrx_word' id='word_1_125' title='bbox 1148 1126 1340 1198; x_wconf 76' lang='lat' dir='ltr'><strong>Quapropter,</strong></span> <span class='ocrx_word' id='word_1_126' title='bbox 1352 1130 1506 1184; x_wconf 90' lang='lat' dir='ltr'><strong>carissime</strong></span> <span class='ocrx_word' id='word_1_127' title='bbox 1518 1132 1617 1199; x_wconf 85' lang='lat' dir='ltr'><strong>frater,</strong></span> <span class='ocrx_word' id='word_1_128' title='bbox 1630 1132 1691 1186; x_wconf 90' lang='lat' dir='ltr'><strong>noli</strong></span> <span class='ocrx_word' id='word_1_129' title='bbox 1706 1135 1734 1187; x_wconf 90' lang='lat' dir='ltr'><strong>te</strong></span> <span class='ocrx_word' id='word_1_130' title='bbox 1749 1134 1796 1202; x_wconf 92' lang='lat' dir='ltr'><strong>ip-</strong></span> 
     </span>
     <span class='ocr_line' id='line_1_11' title="bbox 81 1214 1797 1292; baseline 0.001 -17"><span class='ocrx_word' id='word_1_131' title='bbox 81 1219 407 1292; x_wconf 75' lang='lat' dir='ltr'><strong>vumipsiusaecclesiaa</strong></span> <span class='ocrx_word' id='word_1_132' title='bbox 418 1216 647 1284; x_wconf 84' lang='lat' dir='ltr'><strong>adrnittantibur,</strong></span> <span class='ocrx_word' id='word_1_133' title='bbox 659 1219 687 1268; x_wconf 89' lang='lat' dir='ltr'><strong>et</strong></span> <span class='ocrx_word' id='word_1_134' title='bbox 698 1214 912 1268; x_wconf 88' lang='lat' dir='ltr'><strong>tertiamtiscus</strong></span> <span class='ocrx_word' id='word_1_135' title='bbox 965 1232 1032 1270; x_wconf 90' lang='lat' dir='ltr'><strong>sum</strong></span> <span class='ocrx_word' id='word_1_136' title='bbox 1047 1216 1133 1270; x_wconf 88' lang='lat' dir='ltr'><strong>nebia</strong></span> <span class='ocrx_word' id='word_1_137' title='bbox 1150 1233 1275 1287; x_wconf 84' lang='lat' dir='ltr'><strong>negare,</strong></span> <span class='ocrx_word' id='word_1_138' title='bbox 1302 1219 1351 1289; x_wconf 90' lang='lat' dir='ltr'><strong>qui</strong></span> <span class='ocrx_word' id='word_1_139' title='bbox 1372 1234 1490 1290; x_wconf 85' lang='lat' dir='ltr'><strong>semper</strong></span> <span class='ocrx_word' id='word_1_140' title='bbox 1508 1220 1538 1273; x_wconf 90' lang='lat' dir='ltr'><strong>in</strong></span> <span class='ocrx_word' id='word_1_141' title='bbox 1557 1221 1666 1274; x_wconf 87' lang='lat' dir='ltr'><strong>divinis</strong></span> <span class='ocrx_word' id='word_1_142' title='bbox 1683 1222 1797 1276; x_wconf 79' lang='lat' dir='ltr'><strong>ardenti</strong></span> 
     </span>
     <span class='ocr_line' id='line_1_12' title="bbox 80 1300 1797 1382; baseline -0.001 -16"><span class='ocrx_word' id='word_1_143' title='bbox 80 1311 191 1382; x_wconf 89' lang='lat' dir='ltr'><strong>regalis</strong></span> <span class='ocrx_word' id='word_1_144' title='bbox 208 1310 337 1380; x_wconf 89' lang='lat' dir='ltr'><strong>recipiat,</strong></span> <span class='ocrx_word' id='word_1_145' title='bbox 354 1312 385 1362; x_wconf 89' lang='lat' dir='ltr'><strong>ut</strong></span> <span class='ocrx_word' id='word_1_146' title='bbox 400 1308 499 1361; x_wconf 89' lang='lat' dir='ltr'><strong>nullus</strong></span> <span class='ocrx_word' id='word_1_147' title='bbox 510 1305 644 1376; x_wconf 89' lang='lat' dir='ltr'><strong>taleqnid</strong></span> <span class='ocrx_word' id='word_1_148' title='bbox 655 1304 759 1358; x_wconf 90' lang='lat' dir='ltr'><strong>audeat</strong></span> <span class='ocrx_word' id='word_1_149' title='bbox 772 1300 911 1373; x_wconf 81' lang='lat' dir='ltr'><strong>⁸⁰perpe·</strong></span> <span class='ocrx_word' id='word_1_150' title='bbox 964 1306 1060 1360; x_wconf 90' lang='lat' dir='ltr'><strong>anime</strong></span> <span class='ocrx_word' id='word_1_151' title='bbox 1076 1305 1242 1374; x_wconf 88' lang='lat' dir='ltr'><strong>disciplinis</strong></span> <span class='ocrx_word' id='word_1_152' title='bbox 1257 1322 1291 1360; x_wconf 91' lang='lat' dir='ltr'><strong>ac</strong></span> <span class='ocrx_word' id='word_1_153' title='bbox 1307 1307 1408 1361; x_wconf 89' lang='lat' dir='ltr'><strong>solerti</strong></span> <span class='ocrx_word' id='word_1_154' title='bbox 1420 1323 1490 1361; x_wconf 88' lang='lat' dir='ltr'><strong>cura</strong></span> <span class='ocrx_word' id='word_1_155' title='bbox 1506 1309 1720 1378; x_wconf 88' lang='lat' dir='ltr'><strong>scripturarum</strong></span> <span class='ocrx_word' id='word_1_156' title='bbox 1736 1326 1797 1365; x_wconf 89' lang='lat' dir='ltr'><strong>rne-</strong></span> 
     </span>
     <span class='ocr_line' id='line_1_13' title="bbox 81 1392 1795 1470; baseline 0.001 -17"><span class='ocrx_word' id='word_1_157' title='bbox 81 1399 304 1463; x_wconf 88' lang='lat' dir='ltr'><strong>trare.Quodita</strong></span> <span class='ocrx_word' id='word_1_158' title='bbox 316 1396 690 1465; x_wconf 87' lang='lat' dir='ltr'><strong>etnespcrbancnostram</strong></span> <span class='ocrx_word' id='word_1_159' title='bbox 706 1392 908 1447; x_wconf 90' lang='lat' dir='ltr'><strong>auctoritatem</strong></span> <span class='ocrx_word' id='word_1_160' title='bbox 964 1394 1795 1470; x_wconf 78' lang='lat' dir='ltr'><strong>ditationibusperfectissimoetioiloruisti.hrippequae-</strong></span> 
     </span>
     <span class='ocr_line' id='line_1_14' title="bbox 35 1458 1795 1556; baseline -0.002 -12"><span class='ocrx_word' id='word_1_161' title='bbox 35 1550 37 1554; x_wconf 56' lang='grc'>,</span> <span class='ocrx_word' id='word_1_162' title='bbox 80 1490 300 1554; x_wconf 88' lang='lat' dir='ltr'><strong>conlirmamus,</strong></span> <span class='ocrx_word' id='word_1_163' title='bbox 315 1491 345 1541; x_wconf 93' lang='lat' dir='ltr'><strong>ut</strong></span> <span class='ocrx_word' id='word_1_164' title='bbox 361 1488 439 1540; x_wconf 91' lang='lat' dir='ltr'><strong>sieut</strong></span> <span class='ocrx_word' id='word_1_165' title='bbox 460 1485 593 1539; x_wconf 88' lang='lat' dir='ltr'><strong>ademno</strong></span> <span class='ocrx_word' id='word_1_166' title='bbox 616 1488 643 1537; x_wconf 90' lang='lat' dir='ltr'><strong>et</strong></span> <span class='ocrx_word' id='word_1_167' title='bbox 658 1483 791 1554; x_wconf 86' lang='lat' dir='ltr'><strong>genitore</strong></span> <span class='ocrx_word' id='word_1_168' title='bbox 807 1484 908 1535; x_wconf 91' lang='lat' dir='ltr'><strong>nestro</strong></span> <span class='ocrx_word' id='word_1_169' title='bbox 924 1458 950 1519; x_wconf 78' lang='lat' dir='ltr'>B</span> <span class='ocrx_word' id='word_1_170' title='bbox 964 1499 998 1538; x_wconf 87' lang='lat' dir='ltr'><strong>se</strong></span> <span class='ocrx_word' id='word_1_171' title='bbox 1011 1485 1075 1538; x_wconf 89' lang='lat' dir='ltr'><strong>sine</strong></span> <span class='ocrx_word' id='word_1_172' title='bbox 1089 1483 1290 1538; x_wconf 77' lang='lat' dir='ltr'><strong>excusationis</strong></span> <span class='ocrx_word' id='word_1_173' title='bbox 1302 1483 1393 1538; x_wconf 89' lang='lat' dir='ltr'><strong>verbo</strong></span> <span class='ocrx_word' id='word_1_174' title='bbox 1403 1484 1493 1556; x_wconf 84' lang='lat' dir='ltr'><strong>hujus</strong></span> <span class='ocrx_word' id='word_1_175' title='bbox 1505 1487 1795 1556; x_wconf 80' lang='lat' dir='ltr'><strong>sarcinaepondus,a</strong></span> 
     </span>
     <span class='ocr_line' id='line_1_15' title="bbox 79 1570 1794 1646; baseline -0.002 -12"><span class='ocrx_word' id='word_1_176' title='bbox 79 1582 125 1634; x_wconf 88' lang='lat' dir='ltr'><strong>vel</strong></span> <span class='ocrx_word' id='word_1_177' title='bbox 140 1574 165 1620; x_wconf 81' lang='lat'><strong>81</strong></span> <span class='ocrx_word' id='word_1_178' title='bbox 174 1576 418 1632; x_wconf 79' lang='lat' dir='ltr'><strong>antecessoribus</strong></span> <span class='ocrx_word' id='word_1_179' title='bbox 429 1574 552 1646; x_wconf 87' lang='lat' dir='ltr'><strong>regibus</strong></span> <span class='ocrx_word' id='word_1_180' title='bbox 563 1572 700 1627; x_wconf 87' lang='lat' dir='ltr'><strong>collatum</strong></span> <span class='ocrx_word' id='word_1_181' title='bbox 711 1570 910 1642; x_wconf 88' lang='lat' dir='ltr'><strong>atquecontir·</strong></span> <span class='ocrx_word' id='word_1_182' title='bbox 963 1588 1009 1627; x_wconf 93' lang='lat' dir='ltr'><strong>me</strong></span> <span class='ocrx_word' id='word_1_183' title='bbox 1018 1572 1135 1642; x_wconf 87' lang='lat' dir='ltr'><strong>quidem</strong></span> <span class='ocrx_word' id='word_1_184' title='bbox 1145 1572 1196 1626; x_wconf 92' lang='lat' dir='ltr'><strong>tibi</strong></span> <span class='ocrx_word' id='word_1_185' title='bbox 1206 1571 1384 1640; x_wconf 86' lang='lat' dir='ltr'><strong>impositum,</strong></span> <span class='ocrx_word' id='word_1_186' title='bbox 1396 1573 1450 1627; x_wconf 90' lang='lat' dir='ltr'><strong>sed</strong></span> <span class='ocrx_word' id='word_1_187' title='bbox 1459 1589 1475 1626; x_wconf 90' lang='lat' dir='ltr'><strong>a</strong></span> <span class='ocrx_word' id='word_1_188' title='bbox 1485 1574 1608 1629; x_wconf 90' lang='lat' dir='ltr'><strong>Domine</strong></span> <span class='ocrx_word' id='word_1_189' title='bbox 1620 1575 1707 1646; x_wconf 84' lang='lat' dir='ltr'><strong>eujus</strong></span> <span class='ocrx_word' id='word_1_190' title='bbox 1718 1592 1794 1631; x_wconf 92' lang='lat' dir='ltr'><strong>onus</strong></span> 
     </span>
     <span class='ocr_line' id='line_1_16' title="bbox 76 1660 1793 1736; baseline -0.002 -13"><span class='ocrx_word' id='word_1_191' title='bbox 76 1671 249 1736; x_wconf 86' lang='lat' dir='ltr'><strong>matumest,</strong></span> <span class='ocrx_word' id='word_1_192' title='bbox 266 1666 305 1719; x_wconf 89' lang='lat' dir='ltr'><strong>ita</strong></span> <span class='ocrx_word' id='word_1_193' title='bbox 319 1663 345 1705; x_wconf 70' lang='lat'><strong>⁸²</strong></span> <span class='ocrx_word' id='word_1_194' title='bbox 358 1665 498 1732; x_wconf 88' lang='lat' dir='ltr'><strong>deinceps</strong></span> <span class='ocrx_word' id='word_1_195' title='bbox 514 1660 723 1715; x_wconf 85' lang='lat' dir='ltr'><strong>inviolabiliter</strong></span> <span class='ocrx_word' id='word_1_196' title='bbox 747 1674 908 1714; x_wconf 87' lang='lat' dir='ltr'><strong>conserve·</strong></span> <span class='ocrx_word' id='word_1_197' title='bbox 961 1662 1026 1716; x_wconf 84' lang='lat' dir='ltr'><strong>leve</strong></span> <span class='ocrx_word' id='word_1_198' title='bbox 1043 1664 1101 1730; x_wconf 89' lang='lat' dir='ltr'><strong>est,</strong></span> <span class='ocrx_word' id='word_1_199' title='bbox 1119 1661 1318 1732; x_wconf 86' lang='lat' dir='ltr'><strong>levigandum.</strong></span> <span class='ocrx_word' id='word_1_200' title='bbox 1331 1660 1399 1715; x_wconf 90' lang='lat' dir='ltr'><strong>Noli</strong></span> <span class='ocrx_word' id='word_1_201' title='bbox 1412 1664 1514 1717; x_wconf 89' lang='lat' dir='ltr'><strong>timere</strong></span> <span class='ocrx_word' id='word_1_202' title='bbox 1525 1705 1532 1731; x_wconf 88' lang='lat'><strong>,</strong></span> <span class='ocrx_word' id='word_1_203' title='bbox 1544 1679 1639 1734; x_wconf 89' lang='lat' dir='ltr'><strong>nequa</strong></span> <span class='ocrx_word' id='word_1_204' title='bbox 1650 1663 1793 1719; x_wconf 79' lang='lat' dir='ltr'><strong>formides</strong></span> 
     </span>
     <span class='ocr_line' id='line_1_17' title="bbox 77 1749 1791 1825; baseline -0.002 -15"><span class='ocrx_word' id='word_1_205' title='bbox 77 1760 135 1812; x_wconf 89' lang='lat' dir='ltr'><strong>tur.</strong></span> <span class='ocrx_word' id='word_1_206' title='bbox 163 1756 235 1809; x_wconf 90' lang='lat' dir='ltr'><strong>Haec</strong></span> <span class='ocrx_word' id='word_1_207' title='bbox 259 1755 367 1825; x_wconf 87' lang='lat' dir='ltr'><strong>quippe</strong></span> <span class='ocrx_word' id='word_1_208' title='bbox 384 1752 545 1806; x_wconf 89' lang='lat' dir='ltr'><strong>auctoritas</strong></span> <span class='ocrx_word' id='word_1_209' title='bbox 569 1753 618 1803; x_wconf 91' lang='lat' dir='ltr'><strong>aut</strong></span> <span class='ocrx_word' id='word_1_210' title='bbox 635 1749 772 1803; x_wconf 86' lang='lat' dir='ltr'><strong>fidelibus</strong></span> <span class='ocrx_word' id='word_1_211' title='bbox 797 1752 908 1802; x_wconf 90' lang='lat' dir='ltr'><strong>sanctae</strong></span> <span class='ocrx_word' id='word_1_212' title='bbox 961 1749 1052 1821; x_wconf 76' lang='lat' dir='ltr'><strong>hujus</strong></span> <span class='ocrx_word' id='word_1_213' title='bbox 1069 1750 1168 1819; x_wconf 91' lang='lat' dir='ltr'><strong>operis</strong></span> <span class='ocrx_word' id='word_1_214' title='bbox 1184 1750 1427 1820; x_wconf 76' lang='lat' dir='ltr'><strong>magnitudinem,</strong></span> <span class='ocrx_word' id='word_1_215' title='bbox 1444 1751 1497 1805; x_wconf 90' lang='lat' dir='ltr'><strong>scd</strong></span> <span class='ocrx_word' id='word_1_216' title='bbox 1512 1752 1625 1806; x_wconf 85' lang='lat' dir='ltr'><strong>virliter</strong></span> <span class='ocrx_word' id='word_1_217' title='bbox 1635 1750 1661 1793; x_wconf 78' lang='lat'><strong>⁸⁷</strong></span> <span class='ocrx_word' id='word_1_218' title='bbox 1672 1754 1791 1823; x_wconf 89' lang='lat' dir='ltr'><strong>accede,</strong></span> 
     </span>
     <span class='ocr_line' id='line_1_18' title="bbox 77 1837 1792 1914; baseline -0.001 -16"><span class='ocrx_word' id='word_1_219' title='bbox 77 1846 131 1899; x_wconf 88' lang='lat' dir='ltr'><strong>Dei</strong></span> <span class='ocrx_word' id='word_1_220' title='bbox 146 1843 292 1898; x_wconf 67' lang='lat' dir='ltr'><strong>{ecclcsiae</strong></span> <span class='ocrx_word' id='word_1_221' title='bbox 314 1845 343 1896; x_wconf 89' lang='lat' dir='ltr'><strong>et</strong></span> <span class='ocrx_word' id='word_1_222' title='bbox 366 1837 630 1896; x_wconf 78' lang='lat' dir='ltr'><strong>nost1·isverius⁸³</strong></span> <span class='ocrx_word' id='word_1_223' title='bbox 645 1837 790 1905; x_wconf 83' lang='lat' dir='ltr'><strong>eradatur,</strong></span> <span class='ocrx_word' id='word_1_224' title='bbox 820 1853 908 1891; x_wconf 91' lang='lat' dir='ltr'><strong>manu</strong></span> <span class='ocrx_word' id='word_1_225' title='bbox 960 1839 1029 1910; x_wconf 91' lang='lat' dir='ltr'><strong>quin</strong></span> <span class='ocrx_word' id='word_1_226' title='bbox 1044 1838 1137 1892; x_wconf 91' lang='lat' dir='ltr'><strong>aderit</strong></span> <span class='ocrx_word' id='word_1_227' title='bbox 1151 1838 1203 1892; x_wconf 92' lang='lat' dir='ltr'><strong>tibi</strong></span> <span class='ocrx_word' id='word_1_228' title='bbox 1219 1839 1269 1908; x_wconf 91' lang='lat' dir='ltr'><strong>qui</strong></span> <span class='ocrx_word' id='word_1_229' title='bbox 1286 1837 1377 1892; x_wconf 82' lang='lat' dir='ltr'><strong>dixit:</strong></span> <span class='ocrx_word' id='word_1_230' title='bbox 1398 1860 1409 1889; x_wconf 74' lang='lat' dir='ltr'><strong>r</strong></span> <span class='ocrx_word' id='word_1_231' title='bbox 1425 1839 1514 1909; x_wconf 71' lang='lat' dir='ltr'><strong>Aperi</strong></span> <span class='ocrx_word' id='word_1_232' title='bbox 1532 1856 1565 1894; x_wconf 93' lang='lat' dir='ltr'><strong>os</strong></span> <span class='ocrx_word' id='word_1_233' title='bbox 1581 1843 1672 1909; x_wconf 90' lang='lat' dir='ltr'><strong>tuum,</strong></span> <span class='ocrx_word' id='word_1_234' title='bbox 1691 1844 1719 1895; x_wconf 91' lang='lat' dir='ltr'><strong>et</strong></span> <span class='ocrx_word' id='word_1_235' title='bbox 1735 1858 1792 1914; x_wconf 89' lang='lat' dir='ltr'><strong>ego</strong></span> 
     </span>
     <span class='ocr_line' id='line_1_19' title="bbox 76 1925 1791 2003; baseline -0.002 -16"><span class='ocrx_word' id='word_1_236' title='bbox 76 1933 195 2003; x_wconf 90' lang='lat' dir='ltr'><strong>propria</strong></span> <span class='ocrx_word' id='word_1_237' title='bbox 212 1932 314 1987; x_wconf 86' lang='lat' dir='ltr'><strong>subter</strong></span> <span class='ocrx_word' id='word_1_238' title='bbox 325 1946 388 1984; x_wconf 91' lang='lat' dir='ltr'><strong>eam</strong></span> <span class='ocrx_word' id='word_1_239' title='bbox 409 1929 560 1983; x_wconf 84' lang='lat' dir='ltr'><strong>firmarius</strong></span> <span class='ocrx_word' id='word_1_240' title='bbox 590 1931 618 1981; x_wconf 91' lang='lat' dir='ltr'><strong>et</strong></span> <span class='ocrx_word' id='word_1_241' title='bbox 636 1926 737 1981; x_wconf 88' lang='lat' dir='ltr'><strong>annuli</strong></span> <span class='ocrx_word' id='word_1_242' title='bbox 748 1926 841 1979; x_wconf 86' lang='lat' dir='ltr'><strong>nostri</strong></span> <span class='ocrx_word' id='word_1_243' title='bbox 864 1927 907 1978; x_wconf 91' lang='lat' dir='ltr'><strong>in·</strong></span> <span class='ocrx_word' id='word_1_244' title='bbox 963 1926 1151 1996; x_wconf 79' lang='lat' dir='ltr'><strong>ladimplebo</strong></span> <span class='ocrx_word' id='word_1_245' title='bbox 1161 1927 1242 1980; x_wconf 91' lang='lat' dir='ltr'><strong>illud.</strong></span> <span class='ocrx_word' id='word_1_246' title='bbox 1257 1950 1268 1974; x_wconf 75' lang='lat' dir='ltr'><strong>a</strong></span> <span class='ocrx_word' id='word_1_247' title='bbox 1282 1925 1348 1981; x_wconf 85' lang='lat' dir='ltr'><strong>Scis</strong></span> <span class='ocrx_word' id='word_1_248' title='bbox 1358 1927 1446 1993; x_wconf 91' lang='lat' dir='ltr'><strong>enim,</strong></span> <span class='ocrx_word' id='word_1_249' title='bbox 1459 1928 1578 1997; x_wconf 88' lang='lat' dir='ltr'><strong>optime,</strong></span> <span class='ocrx_word' id='word_1_250' title='bbox 1588 1930 1689 1998; x_wconf 89' lang='lat' dir='ltr'><strong>parvis</strong></span> <span class='ocrx_word' id='word_1_251' title='bbox 1701 1947 1791 2001; x_wconf 84' lang='lat' dir='ltr'><strong>parva</strong></span> 
     </span>
     <span class='ocr_line' id='line_1_20' title="bbox 74 2015 1791 2094; baseline -0.002 -17"><span class='ocrx_word' id='word_1_252' title='bbox 74 2022 232 2094; x_wconf 84' lang='lat' dir='ltr'><strong>pressione</strong></span> <span class='ocrx_word' id='word_1_253' title='bbox 249 2021 361 2092; x_wconf 87' lang='lat' dir='ltr'><strong>signari</strong></span> <span class='ocrx_word' id='word_1_254' title='bbox 368 2015 907 2090; x_wconf 77' lang='lat' dir='ltr'><strong>jussimussignumilludowieisera</strong></span> <span class='ocrx_word' id='word_1_255' title='bbox 960 2016 1116 2084; x_wconf 82' lang='lat' dir='ltr'><strong>sufficere,</strong></span> <span class='ocrx_word' id='word_1_256' title='bbox 1138 2032 1191 2070; x_wconf 90' lang='lat' dir='ltr'><strong>nee</strong></span> <span class='ocrx_word' id='word_1_257' title='bbox 1208 2016 1243 2069; x_wconf 90' lang='lat' dir='ltr'><strong>ad</strong></span> <span class='ocrx_word' id='word_1_258' title='bbox 1259 2031 1391 2070; x_wconf 90' lang='lat' dir='ltr'><strong>mensam</strong></span> <span class='ocrx_word' id='word_1_259' title='bbox 1406 2019 1613 2087; x_wconf 84' lang='lat' dir='ltr'><strong>magnatorum</strong></span> <span class='ocrx_word' id='word_1_260' title='bbox 1628 2034 1791 2088; x_wconf 91' lang='lat' dir='ltr'><strong>pauperum</strong></span> 
     </span>
     <span class='ocr_line' id='line_1_21' title="bbox 73 2104 1790 2180; baseline -0.001 -16"><span class='ocrx_word' id='word_1_261' title='bbox 73 2112 191 2165; x_wconf 87' lang='lat' dir='ltr'><strong>nissimi</strong></span> <span class='ocrx_word' id='word_1_262' title='bbox 207 2109 403 2180; x_wconf 87' lang='lat' dir='ltr'><strong>imperatoris.</strong></span> <span class='ocrx_word' id='word_1_263' title='bbox 421 2106 798 2178; x_wconf 84' lang='lat' dir='ltr'><strong>EgeDurandusdiacenus</strong></span> <span class='ocrx_word' id='word_1_264' title='bbox 813 2104 849 2157; x_wconf 89' lang='lat' dir='ltr'><strong>ad</strong></span> <span class='ocrx_word' id='word_1_265' title='bbox 866 2104 906 2156; x_wconf 85' lang='lat' dir='ltr'><strong>ri·</strong></span> <span class='ocrx_word' id='word_1_266' title='bbox 960 2106 1074 2158; x_wconf 85' lang='lat' dir='ltr'><strong>turlmm</strong></span> <span class='ocrx_word' id='word_1_267' title='bbox 1092 2120 1181 2174; x_wconf 90' lang='lat' dir='ltr'><strong>posse</strong></span> <span class='ocrx_word' id='word_1_268' title='bbox 1196 2105 1347 2159; x_wconf 88' lang='lat' dir='ltr'><strong>accedero.</strong></span> <span class='ocrx_word' id='word_1_269' title='bbox 1365 2105 1431 2158; x_wconf 94' lang='lat' dir='ltr'><strong>Noli</strong></span> <span class='ocrx_word' id='word_1_270' title='bbox 1447 2109 1504 2159; x_wconf 73' lang='lat' dir='ltr'><strong>ture</strong></span> <span class='ocrx_word' id='word_1_271' title='bbox 1519 2106 1685 2160; x_wconf 85' lang='lat' dir='ltr'><strong>devotionis</strong></span> <span class='ocrx_word' id='word_1_272' title='bbox 1703 2109 1790 2162; x_wconf 92' lang='lat' dir='ltr'><strong>nobis</strong></span> 
     </span>
     <span class='ocr_line' id='line_1_22' title="bbox 74 2192 1789 2267; baseline -0.002 -14"><span class='ocrx_word' id='word_1_273' title='bbox 74 2215 138 2254; x_wconf 93' lang='lat' dir='ltr'><strong>cem</strong></span> <span class='ocrx_word' id='word_1_274' title='bbox 155 2196 529 2267; x_wconf 86' lang='lat' dir='ltr'><strong>Helisaehariirecognovi.</strong></span> <span class='ocrx_word' id='word_1_275' title='bbox 543 2195 646 2248; x_wconf 79' lang='lat' dir='ltr'><strong>Amen.</strong></span> <span class='ocrx_word' id='word_1_276' title='bbox 664 2194 734 2247; x_wconf 85' lang='lat' dir='ltr'><strong>Data</strong></span> <span class='ocrx_word' id='word_1_277' title='bbox 745 2198 790 2247; x_wconf 91' lang='lat' dir='ltr'><strong>cst</strong></span> <span class='ocrx_word' id='word_1_278' title='bbox 803 2192 903 2245; x_wconf 77' lang='lat' dir='ltr'><strong>lillal·</strong></span> <span class='ocrx_word' id='word_1_279' title='bbox 959 2192 1132 2247; x_wconf 84' lang='lat' dir='ltr'><strong>subtrahere</strong></span> <span class='ocrx_word' id='word_1_280' title='bbox 1142 2192 1539 2262; x_wconf 90' lang='lat' dir='ltr'><strong>scientiam,noliacccnsam</strong></span> <span class='ocrx_word' id='word_1_281' title='bbox 1549 2195 1578 2247; x_wconf 93' lang='lat' dir='ltr'><strong>in</strong></span> <span class='ocrx_word' id='word_1_282' title='bbox 1589 2199 1615 2248; x_wconf 87' lang='lat' dir='ltr'><strong>te</strong></span> <span class='ocrx_word' id='word_1_283' title='bbox 1625 2196 1789 2251; x_wconf 90' lang='lat' dir='ltr'><strong>submodio</strong></span> 
     </span>
     <span class='ocr_line' id='line_1_23' title="bbox 72 2279 1789 2354; baseline -0.001 -13"><span class='ocrx_word' id='word_1_284' title='bbox 72 2287 260 2352; x_wconf 88' lang='lat' dir='ltr'><strong>Maias,anne</strong></span> <span class='ocrx_word' id='word_1_285' title='bbox 276 2287 395 2340; x_wconf 89' lang='lat' dir='ltr'><strong>Christe</strong></span> <span class='ocrx_word' id='word_1_286' title='bbox 409 2285 535 2354; x_wconf 90' lang='lat' dir='ltr'><strong>propitio</strong></span> <span class='ocrx_word' id='word_1_287' title='bbox 549 2285 565 2336; x_wconf 83' lang='grc'><strong>3</strong></span> <span class='ocrx_word' id='word_1_288' title='bbox 587 2283 684 2338; x_wconf 88' lang='lat' dir='ltr'><strong>domni</strong></span> <span class='ocrx_word' id='word_1_289' title='bbox 701 2279 728 2322; x_wconf 63' lang='grc' dir='ltr'><strong>ὃ)</strong></span> <span class='ocrx_word' id='word_1_290' title='bbox 743 2282 905 2335; x_wconf 81' lang='lat' dir='ltr'><strong>illudowici</strong></span> <span class='ocrx_word' id='word_1_291' title='bbox 958 2299 1067 2352; x_wconf 90' lang='lat' dir='ltr'><strong>ponere</strong></span> <span class='ocrx_word' id='word_1_292' title='bbox 1079 2281 1238 2350; x_wconf 89' lang='lat' dir='ltr'><strong>lucernam,</strong></span> <span class='ocrx_word' id='word_1_293' title='bbox 1252 2283 1304 2335; x_wconf 88' lang='lat' dir='ltr'><strong>sed</strong></span> <span class='ocrx_word' id='word_1_294' title='bbox 1317 2284 1452 2352; x_wconf 87' lang='lat' dir='ltr'><strong>precelso</strong></span> <span class='ocrx_word' id='word_1_295' title='bbox 1463 2297 1526 2336; x_wconf 90' lang='lat' dir='ltr'><strong>cam</strong></span> <span class='ocrx_word' id='word_1_296' title='bbox 1538 2299 1706 2354; x_wconf 88' lang='lat' dir='ltr'><strong>superpone</strong></span> <span class='ocrx_word' id='word_1_297' title='bbox 1717 2300 1789 2339; x_wconf 87' lang='lat' dir='ltr'><strong>can-</strong></span> 
     </span>
     <span class='ocr_line' id='line_1_24' title="bbox 70 2371 1789 2447; baseline -0.001 -18"><span class='ocrx_word' id='word_1_298' title='bbox 70 2377 199 2446; x_wconf 88' lang='lat' dir='ltr'><strong>piissimi</strong></span> <span class='ocrx_word' id='word_1_299' title='bbox 223 2376 352 2447; x_wconf 86' lang='lat' dir='ltr'><strong>augusti,</strong></span> <span class='ocrx_word' id='word_1_300' title='bbox 390 2374 552 2428; x_wconf 80' lang='lat' dir='ltr'><strong>indictione</strong></span> <span class='ocrx_word' id='word_1_301' title='bbox 576 2372 593 2426; x_wconf 84' lang='grc'>9</span> <span class='ocrx_word' id='word_1_302' title='bbox 616 2374 665 2439; x_wconf 87' lang='lat' dir='ltr'><strong>(an</strong></span> <span class='ocrx_word' id='word_1_303' title='bbox 695 2372 768 2438; x_wconf 82' lang='grc'>816).</span> <span class='ocrx_word' id='word_1_304' title='bbox 799 2372 903 2423; x_wconf 83' lang='lat' dir='ltr'><strong>helam</strong></span> <span class='ocrx_word' id='word_1_305' title='bbox 957 2371 1089 2438; x_wconf 90' lang='lat' dir='ltr'><strong>delabro,</strong></span> <span class='ocrx_word' id='word_1_306' title='bbox 1112 2371 1256 2424; x_wconf 90' lang='lat' dir='ltr'><strong>utlnceat</strong></span> <span class='ocrx_word' id='word_1_307' title='bbox 1276 2371 1413 2425; x_wconf 90' lang='lat' dir='ltr'><strong>omnibns</strong></span> <span class='ocrx_word' id='word_1_308' title='bbox 1434 2371 1789 2442; x_wconf 80' lang='lat' dir='ltr'><strong>quiindomelteisuut</strong></span> 
     </span>
     <span class='ocr_line' id='line_1_25' title="bbox 71 2457 1786 2535; baseline -0.001 -17"><span class='ocrx_word' id='word_1_309' title='bbox 71 2465 256 2535; x_wconf 78' lang='lat' dir='ltr'><strong>Aquisgrani</strong></span> <span class='ocrx_word' id='word_1_310' title='bbox 268 2460 509 2535; x_wconf 66' lang='lat' dir='ltr'><strong>reginpatatiott,</strong></span> <span class='ocrx_word' id='word_1_311' title='bbox 519 2463 547 2515; x_wconf 93' lang='lat' dir='ltr'><strong>in</strong></span> <span class='ocrx_word' id='word_1_312' title='bbox 556 2462 608 2514; x_wconf 84' lang='lat' dir='ltr'><strong>llai</strong></span> <span class='ocrx_word' id='word_1_313' title='bbox 618 2461 744 2514; x_wconf 90' lang='lat' dir='ltr'><strong>nemine.</strong></span> <span class='ocrx_word' id='word_1_314' title='bbox 755 2457 900 2513; x_wconf 62' lang='lat' dir='ltr'><strong>timentia</strong></span> <span class='ocrx_word' id='word_1_315' title='bbox 957 2458 1098 2514; x_wconf 85' lang='lat' dir='ltr'><strong>iratribus</strong></span> <span class='ocrx_word' id='word_1_316' title='bbox 1110 2459 1180 2524; x_wconf 88' lang='lat' dir='ltr'><strong>tuis,</strong></span> <span class='ocrx_word' id='word_1_317' title='bbox 1198 2463 1226 2513; x_wconf 90' lang='lat' dir='ltr'><strong>et</strong></span> <span class='ocrx_word' id='word_1_318' title='bbox 1245 2459 1345 2528; x_wconf 83' lang='lat' dir='ltr'><strong>proici·</strong></span> <span class='ocrx_word' id='word_1_319' title='bbox 1356 2460 1442 2514; x_wconf 92' lang='lat' dir='ltr'><strong>nobis</strong></span> <span class='ocrx_word' id='word_1_320' title='bbox 1454 2461 1543 2514; x_wconf 76' lang='lat' dir='ltr'><strong>veluti</strong></span> <span class='ocrx_word' id='word_1_321' title='bbox 1555 2462 1653 2515; x_wconf 89' lang='lat' dir='ltr'><strong>scriba</strong></span> <span class='ocrx_word' id='word_1_322' title='bbox 1670 2463 1786 2532; x_wconf 73' lang='lat' dir='ltr'><strong>(lectus,</strong></span> 
     </span>
     <span class='ocr_line' id='line_1_26' title="bbox 72 2519 1787 2621; baseline -0.001 -15"><span class='ocrx_word' id='word_1_323' title='bbox 72 2553 127 2606; x_wconf 91' lang='lat' dir='ltr'><strong>Hie</strong></span> <span class='ocrx_word' id='word_1_324' title='bbox 138 2554 224 2606; x_wconf 88' lang='lat' dir='ltr'><strong>ctiam</strong></span> <span class='ocrx_word' id='word_1_325' title='bbox 241 2551 427 2605; x_wconf 78' lang='lat' dir='ltr'><strong>interfuisse</strong></span> <span class='ocrx_word' id='word_1_326' title='bbox 444 2550 548 2604; x_wconf 86' lang='lat' dir='ltr'><strong>sinodo</strong></span> <span class='ocrx_word' id='word_1_327' title='bbox 565 2551 712 2603; x_wconf 86' lang='lat' dir='ltr'><strong>invenitur</strong></span> <span class='ocrx_word' id='word_1_328' title='bbox 727 2548 849 2620; x_wconf 68' lang='lat' dir='ltr'><strong>ilibas,</strong></span> <span class='ocrx_word' id='word_1_329' title='bbox 867 2549 900 2618; x_wconf 89' lang='lat' dir='ltr'><strong>tl,</strong></span> <span class='ocrx_word' id='word_1_330' title='bbox 918 2519 1033 2620; x_wconf 84' lang='lat' dir='ltr'><strong>Cqued</strong></span> <span class='ocrx_word' id='word_1_331' title='bbox 1050 2548 1221 2618; x_wconf 85' lang='lat' dir='ltr'><strong>accepistin</strong></span> <span class='ocrx_word' id='word_1_332' title='bbox 1239 2549 1372 2603; x_wconf 91' lang='lat' dir='ltr'><strong>Domine.</strong></span> <span class='ocrx_word' id='word_1_333' title='bbox 1385 2548 1487 2603; x_wconf 85' lang='lat' dir='ltr'><strong>Aderit</strong></span> <span class='ocrx_word' id='word_1_334' title='bbox 1498 2549 1549 2602; x_wconf 93' lang='lat' dir='ltr'><strong>tibi</strong></span> <span class='ocrx_word' id='word_1_335' title='bbox 1566 2549 1657 2621; x_wconf 88' lang='lat' dir='ltr'><strong>hujus</strong></span> <span class='ocrx_word' id='word_1_336' title='bbox 1674 2550 1787 2606; x_wconf 86' lang='lat' dir='ltr'><strong>laberis</strong></span> 
     </span>
     <span class='ocr_line' id='line_1_27' title="bbox 70 2635 1786 2711; baseline -0.001 -15"><span class='ocrx_word' id='word_1_337' title='bbox 70 2640 117 2709; x_wconf 78' lang='lat'><strong>¹8)</strong></span> <span class='ocrx_word' id='word_1_338' title='bbox 132 2646 304 2711; x_wconf 88' lang='lat' dir='ltr'><strong>quamanno</strong></span> <span class='ocrx_word' id='word_1_339' title='bbox 325 2639 361 2693; x_wconf 89' lang='lat' dir='ltr'><strong>ab</strong></span> <span class='ocrx_word' id='word_1_340' title='bbox 376 2640 578 2693; x_wconf 86' lang='lat' dir='ltr'><strong>incarnatione</strong></span> <span class='ocrx_word' id='word_1_341' title='bbox 597 2638 707 2692; x_wconf 89' lang='lat' dir='ltr'><strong>demini</strong></span> <span class='ocrx_word' id='word_1_342' title='bbox 719 2638 811 2691; x_wconf 88' lang='lat' dir='ltr'><strong>nestri</strong></span> <span class='ocrx_word' id='word_1_343' title='bbox 828 2637 901 2691; x_wconf 79' lang='lat' dir='ltr'><strong>lesu</strong></span> <span class='ocrx_word' id='word_1_344' title='bbox 955 2639 1060 2692; x_wconf 91' lang='lat' dir='ltr'><strong>itinere</strong></span> <span class='ocrx_word' id='word_1_345' title='bbox 1076 2638 1156 2691; x_wconf 90' lang='lat' dir='ltr'><strong>illius</strong></span> <span class='ocrx_word' id='word_1_346' title='bbox 1172 2638 1275 2708; x_wconf 87' lang='lat' dir='ltr'><strong>gratia,</strong></span> <span class='ocrx_word' id='word_1_347' title='bbox 1292 2638 1341 2708; x_wconf 88' lang='lat' dir='ltr'><strong>qui</strong></span> <span class='ocrx_word' id='word_1_348' title='bbox 1356 2635 1382 2678; x_wconf 62' lang='lat'><strong>⁸5</strong></span> <span class='ocrx_word' id='word_1_349' title='bbox 1397 2638 1680 2709; x_wconf 90' lang='lat' dir='ltr'><strong>duohusdiscipulis</strong></span> <span class='ocrx_word' id='word_1_350' title='bbox 1691 2642 1786 2695; x_wconf 87' lang='lat' dir='ltr'><strong>eunti-</strong></span> 
     </span>
     <span class='ocr_line' id='line_1_28' title="bbox 70 2726 1853 2798; baseline -0.001 -14"><span class='ocrx_word' id='word_1_351' title='bbox 70 2729 239 2784; x_wconf 78' lang='lat' dir='ltr'><strong>christiam</strong></span> <span class='ocrx_word' id='word_1_352' title='bbox 252 2728 603 2782; x_wconf 78' lang='lat' dir='ltr'><strong>t&#39;ullariusllemensium</strong></span> <span class='ocrx_word' id='word_1_353' title='bbox 620 2727 862 2796; x_wconf 86' lang='lat' dir='ltr'><strong>archiepiscopus</strong></span> <span class='ocrx_word' id='word_1_354' title='bbox 873 2726 902 2779; x_wconf 93' lang='lat' dir='ltr'><strong>in</strong></span> <span class='ocrx_word' id='word_1_355' title='bbox 954 2727 1021 2794; x_wconf 88' lang='lat' dir='ltr'><strong>bna,</strong></span> <span class='ocrx_word' id='word_1_356' title='bbox 1039 2727 1156 2780; x_wconf 90' lang='lat' dir='ltr'><strong>tertium</strong></span> <span class='ocrx_word' id='word_1_357' title='bbox 1180 2742 1212 2780; x_wconf 91' lang='lat' dir='ltr'><strong>se</strong></span> <span class='ocrx_word' id='word_1_358' title='bbox 1235 2726 1349 2780; x_wconf 90' lang='lat' dir='ltr'><strong>socium</strong></span> <span class='ocrx_word' id='word_1_359' title='bbox 1365 2727 1472 2779; x_wconf 91' lang='lat' dir='ltr'><strong>redidit</strong></span> <span class='ocrx_word' id='word_1_360' title='bbox 1486 2728 1516 2780; x_wconf 93' lang='lat' dir='ltr'><strong>in</strong></span> <span class='ocrx_word' id='word_1_361' title='bbox 1531 2729 1590 2791; x_wconf 86' lang='lat' dir='ltr'><strong>via,</strong></span> <span class='ocrx_word' id='word_1_362' title='bbox 1609 2731 1637 2781; x_wconf 89' lang='lat' dir='ltr'><strong>ct</strong></span> <span class='ocrx_word' id='word_1_363' title='bbox 1653 2731 1787 2798; x_wconf 88' lang='lat' dir='ltr'><strong>apperuit</strong></span> <span class='ocrx_word' id='word_1_364' title='bbox 1844 2778 1853 2792; x_wconf 85' lang='lat'><strong>,</strong></span> 
     </span>
     <span class='ocr_line' id='line_1_29' title="bbox 69 2815 1783 2886; baseline 0 -13"><span class='ocrx_word' id='word_1_365' title='bbox 69 2818 207 2873; x_wconf 86' lang='lat' dir='ltr'><strong>aeeclesia</strong></span> <span class='ocrx_word' id='word_1_366' title='bbox 223 2817 416 2870; x_wconf 91' lang='lat' dir='ltr'><strong>Noviomcnsi</strong></span> <span class='ocrx_word' id='word_1_367' title='bbox 432 2831 498 2870; x_wconf 92' lang='lat' dir='ltr'><strong>cum</strong></span> <span class='ocrx_word' id='word_1_368' title='bbox 514 2816 580 2868; x_wconf 89' lang='lat' dir='ltr'><strong>aliis</strong></span> <span class='ocrx_word' id='word_1_369' title='bbox 593 2815 772 2885; x_wconf 76' lang='lat' dir='ltr'><strong>empiscepis</strong></span> <span class='ocrx_word' id='word_1_370' title='bbox 787 2815 899 2882; x_wconf 89' lang='lat' dir='ltr'><strong>habuit,</strong></span> <span class='ocrx_word' id='word_1_371' title='bbox 952 2816 1013 2869; x_wconf 90' lang='lat' dir='ltr'><strong>illis</strong></span> <span class='ocrx_word' id='word_1_372' title='bbox 1038 2831 1168 2884; x_wconf 77' lang='lat' dir='ltr'><strong>sensae,</strong></span> <span class='ocrx_word' id='word_1_373' title='bbox 1193 2818 1223 2867; x_wconf 93' lang='lat' dir='ltr'><strong>ut</strong></span> <span class='ocrx_word' id='word_1_374' title='bbox 1245 2818 1364 2868; x_wconf 90' lang='lat' dir='ltr'><strong>sanctas</strong></span> <span class='ocrx_word' id='word_1_375' title='bbox 1389 2815 1586 2886; x_wconf 79' lang='lat' dir='ltr'><strong>intelligerent</strong></span> <span class='ocrx_word' id='word_1_376' title='bbox 1606 2816 1783 2873; x_wconf 80' lang='lat' dir='ltr'><strong>Seririuras</strong></span> 
     </span>
     <span class='ocr_line' id='line_1_30' title="bbox 68 2903 1785 2976; baseline 0 -15"><span class='ocrx_word' id='word_1_377' title='bbox 68 2906 118 2961; x_wconf 91' lang='lat' dir='ltr'><strong>ubi</strong></span> <span class='ocrx_word' id='word_1_378' title='bbox 133 2906 270 2960; x_wconf 78' lang='lat' dir='ltr'><strong>viilelirct</strong></span> <span class='ocrx_word' id='word_1_379' title='bbox 286 2906 431 2959; x_wconf 87' lang='lat' dir='ltr'><strong>sententia</strong></span> <span class='ocrx_word' id='word_1_380' title='bbox 448 2904 578 2958; x_wconf 87' lang='lat' dir='ltr'><strong>rentilita</strong></span> <span class='ocrx_word' id='word_1_381' title='bbox 593 2907 640 2958; x_wconf 87' lang='lat' dir='ltr'><strong>est</strong></span> <span class='ocrx_word' id='word_1_382' title='bbox 653 2903 901 2958; x_wconf 90' lang='lat' dir='ltr'><strong>interVendilma-</strong></span> <span class='ocrx_word' id='word_1_383' title='bbox 952 2905 1075 2974; x_wconf 90' lang='lat' dir='ltr'><strong>spiritus</strong></span> <span class='ocrx_word' id='word_1_384' title='bbox 1091 2904 1250 2973; x_wconf 86' lang='lat' dir='ltr'><strong>paraclitus</strong></span> <span class='ocrx_word' id='word_1_385' title='bbox 1266 2904 1344 2957; x_wconf 90' lang='lat' dir='ltr'><strong>omni</strong></span> <span class='ocrx_word' id='word_1_386' title='bbox 1360 2905 1492 2958; x_wconf 85' lang='lat' dir='ltr'><strong>veritatis</strong></span> <span class='ocrx_word' id='word_1_387' title='bbox 1508 2903 1651 2974; x_wconf 90' lang='lat' dir='ltr'><strong>doctrina,</strong></span> <span class='ocrx_word' id='word_1_388' title='bbox 1668 2911 1696 2960; x_wconf 90' lang='lat' dir='ltr'><strong>et</strong></span> <span class='ocrx_word' id='word_1_389' title='bbox 1713 2923 1785 2976; x_wconf 88' lang='lat' dir='ltr'><strong>pcr-</strong></span> 
     </span>
     <span class='ocr_line' id='line_1_31' title="bbox 68 2991 1782 3067; baseline 0.001 -18"><span class='ocrx_word' id='word_1_390' title='bbox 68 3011 132 3049; x_wconf 90' lang='lat' dir='ltr'><strong>rum</strong></span> <span class='ocrx_word' id='word_1_391' title='bbox 145 2994 219 3064; x_wconf 69' lang='lat' dir='ltr'><strong>(tae)</strong></span> <span class='ocrx_word' id='word_1_392' title='bbox 235 2999 263 3048; x_wconf 89' lang='lat' dir='ltr'><strong>et</strong></span> <span class='ocrx_word' id='word_1_393' title='bbox 281 2993 461 3048; x_wconf 72' lang='lat' dir='ltr'><strong>liethardum</strong></span> <span class='ocrx_word' id='word_1_394' title='bbox 477 2993 551 3062; x_wconf 73' lang='lat' dir='ltr'><strong>(tat)</strong></span> <span class='ocrx_word' id='word_1_395' title='bbox 567 2993 735 3063; x_wconf 67' lang='lat' dir='ltr'><strong>episcopos</strong></span> <span class='ocrx_word' id='word_1_396' title='bbox 754 2994 790 3046; x_wconf 91' lang='lat' dir='ltr'><strong>de</strong></span> <span class='ocrx_word' id='word_1_397' title='bbox 806 2992 900 3045; x_wconf 89' lang='lat' dir='ltr'><strong>termi-</strong></span> <span class='ocrx_word' id='word_1_398' title='bbox 951 2992 1026 3046; x_wconf 86' lang='lat' dir='ltr'><strong>lecta</strong></span> <span class='ocrx_word' id='word_1_399' title='bbox 1042 2993 1173 3046; x_wconf 88' lang='lat' dir='ltr'><strong>caritatis</strong></span> <span class='ocrx_word' id='word_1_400' title='bbox 1190 2992 1327 3061; x_wconf 87' lang='lat' dir='ltr'><strong>scientia,</strong></span> <span class='ocrx_word' id='word_1_401' title='bbox 1346 2991 1782 3067; x_wconf 79' lang='lat' dir='ltr'><strong>tua1·csptandcat8⁰pcctora,</strong></span> 
     </span>
     <span class='ocr_line' id='line_1_32' title="bbox 67 3081 1337 3153; baseline -0.002 -16"><span class='ocrx_word' id='word_1_402' title='bbox 67 3084 115 3138; x_wconf 94' lang='lat' dir='ltr'><strong>nis</strong></span> <span class='ocrx_word' id='word_1_403' title='bbox 124 3083 358 3153; x_wconf 88' lang='lat' dir='ltr'><strong>parrochiarium</strong></span> <span class='ocrx_word' id='word_1_404' title='bbox 375 3098 506 3137; x_wconf 90' lang='lat' dir='ltr'><strong>suarum.</strong></span> <span class='ocrx_word' id='word_1_405' title='bbox 949 3081 1107 3135; x_wconf 82' lang='lat' dir='ltr'><strong>carissime</strong></span> <span class='ocrx_word' id='word_1_406' title='bbox 1124 3081 1309 3135; x_wconf 67' lang='lat' dir='ltr'><strong>iratenl&#39;ale.</strong></span> <span class='ocrx_word' id='word_1_407' title='bbox 1327 3105 1337 3128; x_wconf 76' lang='lat' dir='ltr'><strong>n</strong></span> 
     </span>
    </p>

    <p class='ocr_par' dir='ltr' id='par_1_3' title="bbox 55 3168 1855 4665">
     <span class='ocr_line' id='line_1_33' title="bbox 101 3168 1783 3243; baseline 0.001 -17"><span class='ocrx_word' id='word_1_408' title='bbox 101 3171 274 3241; x_wconf 70' lang='lat' dir='ltr'><strong>49.(38.)l)e</strong></span> <span class='ocrx_word' id='word_1_409' title='bbox 285 3171 482 3238; x_wconf 74' lang='lat' dir='ltr'><strong>Haliteharie,</strong></span> <span class='ocrx_word' id='word_1_410' title='bbox 493 3171 899 3243; x_wconf 76' lang='lat' dir='ltr'><strong>quemEhem-chlepiscopes</strong></span> <span class='ocrx_word' id='word_1_411' title='bbox 984 3171 1028 3224; x_wconf 82' lang='lat' dir='ltr'><strong>ll.</strong></span> <span class='ocrx_word' id='word_1_412' title='bbox 1046 3168 1102 3238; x_wconf 79' lang='lat'>(39)</span> <span class='ocrx_word' id='word_1_413' title='bbox 1117 3169 1166 3223; x_wconf 81' lang='lat' dir='ltr'><strong>Ad</strong></span> <span class='ocrx_word' id='word_1_414' title='bbox 1181 3169 1314 3223; x_wconf 84' lang='lat' dir='ltr'><strong>Ebencm</strong></span> <span class='ocrx_word' id='word_1_415' title='bbox 1335 3169 1539 3225; x_wconf 83' lang='lat' dir='ltr'><strong>Haliteharies</strong></span> <span class='ocrx_word' id='word_1_416' title='bbox 1557 3171 1713 3242; x_wconf 85' lang='lat' dir='ltr'><strong>epistelam</strong></span> <span class='ocrx_word' id='word_1_417' title='bbox 1730 3189 1783 3228; x_wconf 90' lang='lat' dir='ltr'><strong>re-</strong></span> 
     </span>
     <span class='ocr_line' id='line_1_34' title="bbox 65 3255 1783 3332; baseline 0.001 -18"><span class='ocrx_word' id='word_1_418' title='bbox 65 3260 198 3331; x_wconf 79' lang='lat' dir='ltr'><strong>sebjectn</strong></span> <span class='ocrx_word' id='word_1_419' title='bbox 216 3259 338 3331; x_wconf 85' lang='lat' dir='ltr'><strong>epistola</strong></span> <span class='ocrx_word' id='word_1_420' title='bbox 352 3261 506 3315; x_wconf 79' lang='lat' dir='ltr'><strong>lieniilitcr</strong></span> <span class='ocrx_word' id='word_1_421' title='bbox 522 3259 815 3332; x_wconf 78' lang='lat' dir='ltr'><strong>alloquitur·(llr.,·lii).</strong></span> <span class='ocrx_word' id='word_1_422' title='bbox 834 3261 897 3314; x_wconf 90' lang='lat' dir='ltr'><strong>Hil-</strong></span> <span class='ocrx_word' id='word_1_423' title='bbox 949 3259 1057 3314; x_wconf 79' lang='lat' dir='ltr'><strong>scribit</strong></span> <span class='ocrx_word' id='word_1_424' title='bbox 1069 3258 1140 3327; x_wconf 82' lang='lat' dir='ltr'><strong>(le.)</strong></span> <span class='ocrx_word' id='word_1_425' title='bbox 1152 3259 1195 3312; x_wconf 80' lang='lat' dir='ltr'><strong>Ad</strong></span> <span class='ocrx_word' id='word_1_426' title='bbox 1207 3255 1392 3328; x_wconf 67' lang='lat' dir='ltr'><strong>quaelllidem</strong></span> <span class='ocrx_word' id='word_1_427' title='bbox 1404 3258 1471 3311; x_wconf 90' lang='lat' dir='ltr'><strong>talin</strong></span> <span class='ocrx_word' id='word_1_428' title='bbox 1483 3260 1622 3313; x_wconf 86' lang='lat' dir='ltr'><strong>rescribit</strong></span> <span class='ocrx_word' id='word_1_429' title='bbox 1647 3260 1783 3315; x_wconf 87' lang='lat' dir='ltr'><strong>llaltcha-</strong></span> 
     </span>
     <span class='ocr_line' id='line_1_35' title="bbox 65 3346 1782 3416; baseline 0.001 -14"><span class='ocrx_word' id='word_1_430' title='bbox 65 3348 287 3416; x_wconf 65' lang='lat' dir='ltr'><strong>dowardotliir)</strong></span> <span class='ocrx_word' id='word_1_431' title='bbox 303 3364 372 3402; x_wconf 88' lang='lat' dir='ltr'><strong>vere</strong></span> <span class='ocrx_word' id='word_1_432' title='bbox 390 3348 590 3402; x_wconf 89' lang='lat' dir='ltr'><strong>Halitclmrius</strong></span> <span class='ocrx_word' id='word_1_433' title='bbox 607 3354 765 3415; x_wconf 83' lang='lat' dir='ltr'><strong>suecessit,</strong></span> <span class='ocrx_word' id='word_1_434' title='bbox 783 3351 828 3402; x_wconf 83' lang='lat' dir='ltr'><strong>vir</strong></span> <span class='ocrx_word' id='word_1_435' title='bbox 843 3351 896 3403; x_wconf 91' lang='lat' dir='ltr'><strong>de-</strong></span> <span class='ocrx_word' id='word_1_436' title='bbox 949 3350 1013 3403; x_wconf 90' lang='lat' dir='ltr'><strong>rius</strong></span> <span class='ocrx_word' id='word_1_437' title='bbox 1030 3365 1035 3402; x_wconf 89' lang='lat'>:</span> <span class='ocrx_word' id='word_1_438' title='bbox 1056 3370 1067 3395; x_wconf 76' lang='lat' dir='ltr'><strong>r</strong></span> <span class='ocrx_word' id='word_1_439' title='bbox 1087 3348 1208 3401; x_wconf 90' lang='lat' dir='ltr'><strong>llemine</strong></span> <span class='ocrx_word' id='word_1_440' title='bbox 1225 3350 1253 3401; x_wconf 90' lang='lat' dir='ltr'><strong>at</strong></span> <span class='ocrx_word' id='word_1_441' title='bbox 1263 3346 1425 3400; x_wconf 87' lang='lat' dir='ltr'><strong>venerabili</strong></span> <span class='ocrx_word' id='word_1_442' title='bbox 1440 3347 1470 3400; x_wconf 92' lang='lat' dir='ltr'><strong>in</strong></span> <span class='ocrx_word' id='word_1_443' title='bbox 1486 3348 1603 3402; x_wconf 91' lang='lat' dir='ltr'><strong>Christe</strong></span> <span class='ocrx_word' id='word_1_444' title='bbox 1620 3348 1714 3403; x_wconf 65' lang='lat' dir='ltr'><strong>libeni</strong></span> <span class='ocrx_word' id='word_1_445' title='bbox 1731 3367 1782 3404; x_wconf 92' lang='lat' dir='ltr'><strong>ar·</strong></span> 
     </span>
     <span class='ocr_line' id='line_1_36' title="bbox 65 3435 1780 3507; baseline 0.003 -19"><span class='ocrx_word' id='word_1_446' title='bbox 65 3437 158 3489; x_wconf 88' lang='lat' dir='ltr'><strong>ctrina</strong></span> <span class='ocrx_word' id='word_1_447' title='bbox 174 3436 355 3504; x_wconf 89' lang='lat' dir='ltr'><strong>apostolicus</strong></span> <span class='ocrx_word' id='word_1_448' title='bbox 367 3441 395 3489; x_wconf 90' lang='lat' dir='ltr'><strong>et</strong></span> <span class='ocrx_word' id='word_1_449' title='bbox 411 3437 467 3491; x_wconf 86' lang='lat' dir='ltr'><strong>fide</strong></span> <span class='ocrx_word' id='word_1_450' title='bbox 485 3437 660 3491; x_wconf 89' lang='lat' dir='ltr'><strong>catholicus.</strong></span> <span class='ocrx_word' id='word_1_451' title='bbox 675 3439 729 3490; x_wconf 86' lang='lat' dir='ltr'><strong>llic</strong></span> <span class='ocrx_word' id='word_1_452' title='bbox 744 3439 894 3507; x_wconf 86' lang='lat' dir='ltr'><strong>praecibus</strong></span> <span class='ocrx_word' id='word_1_453' title='bbox 948 3437 1153 3506; x_wconf 88' lang='lat' dir='ltr'><strong>chlepiscopo,</strong></span> <span class='ocrx_word' id='word_1_454' title='bbox 1167 3435 1368 3490; x_wconf 87' lang='lat' dir='ltr'><strong>llalitcharius</strong></span> <span class='ocrx_word' id='word_1_455' title='bbox 1378 3436 1516 3490; x_wconf 89' lang='lat' dir='ltr'><strong>minimus</strong></span> <span class='ocrx_word' id='word_1_456' title='bbox 1527 3435 1639 3490; x_wconf 86' lang='lat' dir='ltr'><strong>Christi</strong></span> <span class='ocrx_word' id='word_1_457' title='bbox 1651 3437 1780 3494; x_wconf 79' lang='lat' dir='ltr'><strong>famulus</strong></span> 
     </span>
     <span class='ocr_line' id='line_1_37' title="bbox 63 3523 1780 3596; baseline 0.003 -20"><span class='ocrx_word' id='word_1_458' title='bbox 63 3523 176 3577; x_wconf 84' lang='lat' dir='ltr'><strong>Ebenis</strong></span> <span class='ocrx_word' id='word_1_459' title='bbox 192 3525 332 3579; x_wconf 72' lang='lat' dir='ltr'><strong>ilamensi</strong></span> <span class='ocrx_word' id='word_1_460' title='bbox 349 3524 583 3596; x_wconf 84' lang='lat' dir='ltr'><strong>sarchiepiscopi</strong></span> <span class='ocrx_word' id='word_1_461' title='bbox 598 3542 653 3581; x_wconf 84' lang='lat' dir='ltr'><strong>sax</strong></span> <span class='ocrx_word' id='word_1_462' title='bbox 668 3525 785 3580; x_wconf 89' lang='lat' dir='ltr'><strong>libellos</strong></span> <span class='ocrx_word' id='word_1_463' title='bbox 800 3527 836 3581; x_wconf 89' lang='lat' dir='ltr'><strong>de</strong></span> <span class='ocrx_word' id='word_1_464' title='bbox 851 3543 895 3582; x_wconf 91' lang='lat' dir='ltr'><strong>re·</strong></span> <span class='ocrx_word' id='word_1_465' title='bbox 949 3527 1083 3580; x_wconf 84' lang='lat' dir='ltr'><strong>salutern.</strong></span> <span class='ocrx_word' id='word_1_466' title='bbox 1097 3525 1266 3594; x_wconf 73' lang='lat' dir='ltr'><strong>Postquam,</strong></span> <span class='ocrx_word' id='word_1_467' title='bbox 1280 3524 1445 3577; x_wconf 89' lang='lat' dir='ltr'><strong>venerande</strong></span> <span class='ocrx_word' id='word_1_468' title='bbox 1461 3528 1552 3593; x_wconf 85' lang='lat' dir='ltr'><strong>pater,</strong></span> <span class='ocrx_word' id='word_1_469' title='bbox 1566 3526 1694 3580; x_wconf 89' lang='lat' dir='ltr'><strong>directas</strong></span> <span class='ocrx_word' id='word_1_470' title='bbox 1710 3527 1780 3581; x_wconf 90' lang='lat' dir='ltr'><strong>bea-</strong></span> 
     </span>
     <span class='ocr_line' id='line_1_38' title="bbox 62 3612 1778 3684; baseline 0.002 -18"><span class='ocrx_word' id='word_1_471' title='bbox 62 3612 167 3666; x_wconf 89' lang='lat' dir='ltr'><strong>mediis</strong></span> <span class='ocrx_word' id='word_1_472' title='bbox 183 3616 370 3681; x_wconf 85' lang='lat' dir='ltr'><strong>peccatorum</strong></span> <span class='ocrx_word' id='word_1_473' title='bbox 385 3618 412 3668; x_wconf 94' lang='lat' dir='ltr'><strong>et</strong></span> <span class='ocrx_word' id='word_1_474' title='bbox 431 3615 533 3668; x_wconf 90' lang='lat' dir='ltr'><strong>ordine</strong></span> <span class='ocrx_word' id='word_1_475' title='bbox 550 3615 595 3669; x_wconf 85' lang='lat' dir='ltr'><strong>rel</strong></span> <span class='ocrx_word' id='word_1_476' title='bbox 609 3614 731 3684; x_wconf 83' lang='lat' dir='ltr'><strong>judiciis</strong></span> <span class='ocrx_word' id='word_1_477' title='bbox 747 3616 892 3683; x_wconf 86' lang='lat' dir='ltr'><strong>poeniten-</strong></span> <span class='ocrx_word' id='word_1_478' title='bbox 948 3614 1079 3668; x_wconf 87' lang='lat' dir='ltr'><strong>titudinis</strong></span> <span class='ocrx_word' id='word_1_479' title='bbox 1094 3616 1202 3667; x_wconf 73' lang='lat' dir='ltr'><strong>vesus</strong></span> <span class='ocrx_word' id='word_1_480' title='bbox 1221 3612 1321 3682; x_wconf 91' lang='lat' dir='ltr'><strong>accepi</strong></span> <span class='ocrx_word' id='word_1_481' title='bbox 1336 3613 1461 3681; x_wconf 86' lang='lat' dir='ltr'><strong>litteras,</strong></span> <span class='ocrx_word' id='word_1_482' title='bbox 1478 3614 1587 3683; x_wconf 89' lang='lat' dir='ltr'><strong>quihus</strong></span> <span class='ocrx_word' id='word_1_483' title='bbox 1603 3630 1649 3668; x_wconf 91' lang='lat' dir='ltr'><strong>me</strong></span> <span class='ocrx_word' id='word_1_484' title='bbox 1665 3615 1778 3670; x_wconf 85' lang='lat' dir='ltr'><strong>hortari</strong></span> 
     </span>
     <span class='ocr_line' id='line_1_39' title="bbox 60 3701 1779 3775; baseline 0.001 -18"><span class='ocrx_word' id='word_1_485' title='bbox 60 3702 109 3757; x_wconf 77' lang='lat' dir='ltr'><strong>aa</strong></span> <span class='ocrx_word' id='word_1_486' title='bbox 130 3701 308 3772; x_wconf 89' lang='lat' dir='ltr'><strong>conscripsit</strong></span> <span class='ocrx_word' id='word_1_487' title='bbox 324 3701 408 3772; x_wconf 69' lang='lat' dir='ltr'><strong>(lae),</strong></span> <span class='ocrx_word' id='word_1_488' title='bbox 424 3702 460 3756; x_wconf 90' lang='lat' dir='ltr'><strong>nd</strong></span> <span class='ocrx_word' id='word_1_489' title='bbox 484 3718 570 3773; x_wconf 91' lang='lat' dir='ltr'><strong>quem</strong></span> <span class='ocrx_word' id='word_1_490' title='bbox 587 3703 698 3758; x_wconf 70' lang='lat' dir='ltr'><strong>libonis</strong></span> <span class='ocrx_word' id='word_1_491' title='bbox 719 3704 787 3758; x_wconf 84' lang='lat' dir='ltr'><strong>talis</strong></span> <span class='ocrx_word' id='word_1_492' title='bbox 815 3710 892 3760; x_wconf 89' lang='lat' dir='ltr'><strong>extat</strong></span> <span class='ocrx_word' id='word_1_493' title='bbox 946 3703 1059 3775; x_wconf 85' lang='lat' dir='ltr'><strong>dignati</strong></span> <span class='ocrx_word' id='word_1_494' title='bbox 1077 3702 1150 3756; x_wconf 89' lang='lat' dir='ltr'><strong>estis</strong></span> <span class='ocrx_word' id='word_1_495' title='bbox 1166 3718 1202 3756; x_wconf 93' lang='lat' dir='ltr'><strong>ne</strong></span> <span class='ocrx_word' id='word_1_496' title='bbox 1218 3701 1324 3755; x_wconf 87' lang='lat' dir='ltr'><strong>mentis</strong></span> <span class='ocrx_word' id='word_1_497' title='bbox 1340 3717 1464 3755; x_wconf 84' lang='lat' dir='ltr'><strong>acumen</strong></span> <span class='ocrx_word' id='word_1_498' title='bbox 1480 3703 1567 3756; x_wconf 89' lang='lat' dir='ltr'><strong>inerti</strong></span> <span class='ocrx_word' id='word_1_499' title='bbox 1581 3705 1779 3775; x_wconf 91' lang='lat' dir='ltr'><strong>torpendique</strong></span> 
     </span>
     <span class='ocr_line' id='line_1_40' title="bbox 61 3790 1777 3861; baseline 0.001 -16"><span class='ocrx_word' id='word_1_500' title='bbox 61 3791 199 3861; x_wconf 89' lang='lat' dir='ltr'><strong>epistola:</strong></span> <span class='ocrx_word' id='word_1_501' title='bbox 213 3813 223 3838; x_wconf 80' lang='lat' dir='ltr'><strong>l</strong></span> <span class='ocrx_word' id='word_1_502' title='bbox 248 3791 542 3846; x_wconf 78' lang='lat' dir='ltr'><strong>iterarentissimoin</strong></span> <span class='ocrx_word' id='word_1_503' title='bbox 555 3791 672 3847; x_wconf 89' lang='lat' dir='ltr'><strong>Christe</strong></span> <span class='ocrx_word' id='word_1_504' title='bbox 688 3793 772 3847; x_wconf 85' lang='lat' dir='ltr'><strong>fratri</strong></span> <span class='ocrx_word' id='word_1_505' title='bbox 783 3811 815 3847; x_wconf 90' lang='lat' dir='ltr'><strong>ac</strong></span> <span class='ocrx_word' id='word_1_506' title='bbox 830 3794 889 3849; x_wconf 86' lang='lat' dir='ltr'><strong>filio</strong></span> <span class='ocrx_word' id='word_1_507' title='bbox 944 3793 1002 3846; x_wconf 94' lang='lat' dir='ltr'><strong>otio</strong></span> <span class='ocrx_word' id='word_1_508' title='bbox 1027 3791 1256 3856; x_wconf 86' lang='lat' dir='ltr'><strong>summitterem,</strong></span> <span class='ocrx_word' id='word_1_509' title='bbox 1280 3790 1332 3843; x_wconf 89' lang='lat' dir='ltr'><strong>sed</strong></span> <span class='ocrx_word' id='word_1_510' title='bbox 1356 3790 1517 3860; x_wconf 81' lang='lat' dir='ltr'><strong>cognitioni</strong></span> <span class='ocrx_word' id='word_1_511' title='bbox 1540 3806 1573 3845; x_wconf 90' lang='lat' dir='ltr'><strong>ac</strong></span> <span class='ocrx_word' id='word_1_512' title='bbox 1595 3792 1777 3847; x_wconf 88' lang='lat' dir='ltr'><strong>meditationi</strong></span> 
     </span>
     <span class='ocr_line' id='line_1_41' title="bbox 61 3878 1780 3953; baseline 0.001 -20"><span class='ocrx_word' id='word_1_513' title='bbox 61 3879 241 3935; x_wconf 88' lang='lat' dir='ltr'><strong>Halitcharie</strong></span> <span class='ocrx_word' id='word_1_514' title='bbox 253 3881 474 3951; x_wconf 83' lang='lat' dir='ltr'><strong>cpiscopo,Ebe</strong></span> <span class='ocrx_word' id='word_1_515' title='bbox 489 3881 799 3953; x_wconf 87' lang='lat' dir='ltr'><strong>indignusepiseopus</strong></span> <span class='ocrx_word' id='word_1_516' title='bbox 811 3883 890 3938; x_wconf 87' lang='lat' dir='ltr'><strong>salu·</strong></span> <span class='ocrx_word' id='word_1_517' title='bbox 942 3881 1048 3936; x_wconf 88' lang='lat' dir='ltr'><strong>cotidie</strong></span> <span class='ocrx_word' id='word_1_518' title='bbox 1064 3896 1158 3934; x_wconf 70' lang='lat' dir='ltr'><strong>sacrae</strong></span> <span class='ocrx_word' id='word_1_519' title='bbox 1175 3880 1332 3948; x_wconf 74' lang='lat' dir='ltr'><strong>scripturae</strong></span> <span class='ocrx_word' id='word_1_520' title='bbox 1348 3894 1393 3932; x_wconf 89' lang='lat' dir='ltr'><strong>mc</strong></span> <span class='ocrx_word' id='word_1_521' title='bbox 1407 3878 1568 3950; x_wconf 79' lang='lat' dir='ltr'><strong>vigilanter</strong></span> <span class='ocrx_word' id='word_1_522' title='bbox 1578 3880 1736 3949; x_wconf 90' lang='lat' dir='ltr'><strong>traderem,</strong></span> <span class='ocrx_word' id='word_1_523' title='bbox 1748 3897 1780 3946; x_wconf 71' lang='lat' dir='ltr'><strong>ct</strong></span> 
     </span>
     <span class='ocr_line' id='line_1_42' title="bbox 58 3968 1775 4042; baseline 0.002 -20"><span class='ocrx_word' id='word_1_524' title='bbox 58 3969 129 4022; x_wconf 89' lang='lat' dir='ltr'><strong>tem.</strong></span> <span class='ocrx_word' id='word_1_525' title='bbox 145 3968 211 4022; x_wconf 90' lang='lat' dir='ltr'><strong>Non</strong></span> <span class='ocrx_word' id='word_1_526' title='bbox 226 3968 327 4023; x_wconf 88' lang='lat' dir='ltr'><strong>dubito</strong></span> <span class='ocrx_word' id='word_1_527' title='bbox 343 3972 400 4023; x_wconf 73' lang='lat' dir='ltr'><strong>tura</strong></span> <span class='ocrx_word' id='word_1_528' title='bbox 416 3971 445 4023; x_wconf 93' lang='lat' dir='ltr'><strong>in</strong></span> <span class='ocrx_word' id='word_1_529' title='bbox 461 3975 636 4025; x_wconf 89' lang='lat' dir='ltr'><strong>notumesse</strong></span> <span class='ocrx_word' id='word_1_530' title='bbox 649 3972 771 4038; x_wconf 91' lang='lat' dir='ltr'><strong>caritati,</strong></span> <span class='ocrx_word' id='word_1_531' title='bbox 781 3978 888 4042; x_wconf 88' lang='lat' dir='ltr'><strong>quauta</strong></span> <span class='ocrx_word' id='word_1_532' title='bbox 940 3971 1064 4041; x_wconf 87' lang='lat' dir='ltr'><strong>insuper</strong></span> <span class='ocrx_word' id='word_1_533' title='bbox 1074 3986 1110 4023; x_wconf 87' lang='lat' dir='ltr'><strong>ex</strong></span> <span class='ocrx_word' id='word_1_534' title='bbox 1121 3971 1290 4024; x_wconf 90' lang='lat' dir='ltr'><strong>sanctorum</strong></span> <span class='ocrx_word' id='word_1_535' title='bbox 1301 3968 1420 4021; x_wconf 89' lang='lat' dir='ltr'><strong>Patrem</strong></span> <span class='ocrx_word' id='word_1_536' title='bbox 1434 3983 1638 4039; x_wconf 87' lang='lat' dir='ltr'><strong>canonumque</strong></span> <span class='ocrx_word' id='word_1_537' title='bbox 1651 3975 1775 4025; x_wconf 89' lang='lat' dir='ltr'><strong>senten-</strong></span> 
     </span>
     <span class='ocr_line' id='line_1_43' title="bbox 59 4056 1774 4130; baseline 0.002 -19"><span class='ocrx_word' id='word_1_538' title='bbox 59 4057 146 4112; x_wconf 89' lang='lat' dir='ltr'><strong>nobis</strong></span> <span class='ocrx_word' id='word_1_539' title='bbox 162 4057 566 4128; x_wconf 73' lang='lat' dir='ltr'><strong>aecclesiastiecediseiplinae,</strong></span> <span class='ocrx_word' id='word_1_540' title='bbox 584 4060 760 4130; x_wconf 88' lang='lat' dir='ltr'><strong>quantisque</strong></span> <span class='ocrx_word' id='word_1_541' title='bbox 777 4065 890 4116; x_wconf 88' lang='lat' dir='ltr'><strong>nestro·</strong></span> <span class='ocrx_word' id='word_1_542' title='bbox 941 4060 990 4115; x_wconf 90' lang='lat' dir='ltr'><strong>tiis</strong></span> <span class='ocrx_word' id='word_1_543' title='bbox 1004 4058 1233 4130; x_wconf 87' lang='lat' dir='ltr'><strong>poenitentialem</strong></span> <span class='ocrx_word' id='word_1_544' title='bbox 1256 4057 1286 4110; x_wconf 92' lang='lat' dir='ltr'><strong>in</strong></span> <span class='ocrx_word' id='word_1_545' title='bbox 1310 4072 1368 4110; x_wconf 91' lang='lat' dir='ltr'><strong>uno</strong></span> <span class='ocrx_word' id='word_1_546' title='bbox 1384 4056 1533 4111; x_wconf 81' lang='lat' dir='ltr'><strong>volumine</strong></span> <span class='ocrx_word' id='word_1_547' title='bbox 1548 4073 1750 4130; x_wconf 88' lang='lat' dir='ltr'><strong>aggregarem</strong></span> <span class='ocrx_word' id='word_1_548' title='bbox 1768 4077 1774 4114; x_wconf 92' lang='lat'>:</span> 
     </span>
     <span class='ocr_line' id='line_1_44' title="bbox 58 4145 1776 4219; baseline 0.002 -21"><span class='ocrx_word' id='word_1_549' title='bbox 58 4160 123 4199; x_wconf 91' lang='lat' dir='ltr'><strong>rum</strong></span> <span class='ocrx_word' id='word_1_550' title='bbox 139 4147 370 4201; x_wconf 90' lang='lat' dir='ltr'><strong>necessitatibus</strong></span> <span class='ocrx_word' id='word_1_551' title='bbox 395 4148 591 4218; x_wconf 89' lang='lat' dir='ltr'><strong>subditorum,</strong></span> <span class='ocrx_word' id='word_1_552' title='bbox 617 4153 645 4203; x_wconf 89' lang='lat' dir='ltr'><strong>et</strong></span> <span class='ocrx_word' id='word_1_553' title='bbox 660 4150 783 4219; x_wconf 90' lang='lat' dir='ltr'><strong>insuper</strong></span> <span class='ocrx_word' id='word_1_554' title='bbox 801 4167 888 4205; x_wconf 91' lang='lat' dir='ltr'><strong>mun·</strong></span> <span class='ocrx_word' id='word_1_555' title='bbox 940 4149 1046 4203; x_wconf 87' lang='lat' dir='ltr'><strong>durum</strong></span> <span class='ocrx_word' id='word_1_556' title='bbox 1057 4148 1174 4219; x_wconf 88' lang='lat' dir='ltr'><strong>quidem</strong></span> <span class='ocrx_word' id='word_1_557' title='bbox 1186 4146 1258 4199; x_wconf 92' lang='lat' dir='ltr'><strong>mihi</strong></span> <span class='ocrx_word' id='word_1_558' title='bbox 1271 4148 1300 4200; x_wconf 89' lang='lat' dir='ltr'><strong>et</strong></span> <span class='ocrx_word' id='word_1_559' title='bbox 1316 4145 1381 4199; x_wconf 85' lang='lat' dir='ltr'><strong>rulo</strong></span> <span class='ocrx_word' id='word_1_560' title='bbox 1397 4145 1518 4199; x_wconf 82' lang='lat' dir='ltr'><strong>difficile</strong></span> <span class='ocrx_word' id='word_1_561' title='bbox 1530 4147 1776 4218; x_wconf 86' lang='lat' dir='ltr'><strong>tremendumque</strong></span> 
     </span>
     <span class='ocr_line' id='line_1_45' title="bbox 56 4233 1774 4311; baseline 0.001 -23"><span class='ocrx_word' id='word_1_562' title='bbox 56 4233 178 4289; x_wconf 89' lang='lat' dir='ltr'><strong>dialium</strong></span> <span class='ocrx_word' id='word_1_563' title='bbox 194 4237 452 4306; x_wconf 64' lang='lat' dir='ltr'><strong>oppressionibus</strong></span> <span class='ocrx_word' id='word_1_564' title='bbox 470 4238 579 4308; x_wconf 92' lang='lat' dir='ltr'><strong>quibus</strong></span> <span class='ocrx_word' id='word_1_565' title='bbox 591 4239 696 4294; x_wconf 91' lang='lat' dir='ltr'><strong>cotidie</strong></span> <span class='ocrx_word' id='word_1_566' title='bbox 707 4243 887 4311; x_wconf 89' lang='lat' dir='ltr'><strong>agitatimur,</strong></span> <span class='ocrx_word' id='word_1_567' title='bbox 941 4238 996 4292; x_wconf 92' lang='lat' dir='ltr'><strong>bec</strong></span> <span class='ocrx_word' id='word_1_568' title='bbox 1008 4252 1125 4308; x_wconf 91' lang='lat' dir='ltr'><strong>queque</strong></span> <span class='ocrx_word' id='word_1_569' title='bbox 1140 4234 1195 4289; x_wconf 82' lang='lat' dir='ltr'><strong>fuit</strong></span> <span class='ocrx_word' id='word_1_570' title='bbox 1204 4234 1369 4302; x_wconf 88' lang='lat' dir='ltr'><strong>imperium,</strong></span> <span class='ocrx_word' id='word_1_571' title='bbox 1381 4237 1412 4287; x_wconf 92' lang='lat' dir='ltr'><strong>nt</strong></span> <span class='ocrx_word' id='word_1_572' title='bbox 1423 4233 1498 4287; x_wconf 90' lang='lat' dir='ltr'><strong>hane</strong></span> <span class='ocrx_word' id='word_1_573' title='bbox 1509 4236 1695 4304; x_wconf 75' lang='lat' dir='ltr'><strong>suspicacem</strong></span> <span class='ocrx_word' id='word_1_574' title='bbox 1706 4252 1774 4290; x_wconf 86' lang='lat' dir='ltr'><strong>aar·</strong></span> 
     </span>
     <span class='ocr_line' id='line_1_46' title="bbox 57 4322 1855 4397; baseline 0 -19"><span class='ocrx_word' id='word_1_575' title='bbox 57 4337 128 4378; x_wconf 80' lang='lat' dir='ltr'><strong>eura</strong></span> <span class='ocrx_word' id='word_1_576' title='bbox 143 4326 336 4397; x_wconf 88' lang='lat' dir='ltr'><strong>constringat.</strong></span> <span class='ocrx_word' id='word_1_577' title='bbox 355 4326 479 4393; x_wconf 91' lang='lat' dir='ltr'><strong>ldeireo,</strong></span> <span class='ocrx_word' id='word_1_578' title='bbox 492 4332 626 4383; x_wconf 84' lang='lat' dir='ltr'><strong>atterum</strong></span> <span class='ocrx_word' id='word_1_579' title='bbox 643 4331 773 4397; x_wconf 90' lang='lat' dir='ltr'><strong>contulit,</strong></span> <span class='ocrx_word' id='word_1_580' title='bbox 787 4346 824 4384; x_wconf 84' lang='lat' dir='ltr'><strong>cx</strong></span> <span class='ocrx_word' id='word_1_581' title='bbox 835 4331 888 4384; x_wconf 85' lang='lat' dir='ltr'><strong>Pa·</strong></span> <span class='ocrx_word' id='word_1_582' title='bbox 941 4328 1046 4393; x_wconf 88' lang='lat' dir='ltr'><strong>cinam,</strong></span> <span class='ocrx_word' id='word_1_583' title='bbox 1057 4341 1143 4395; x_wconf 88' lang='lat' dir='ltr'><strong>quam</strong></span> <span class='ocrx_word' id='word_1_584' title='bbox 1153 4341 1168 4376; x_wconf 89' lang='lat' dir='ltr'><strong>a</strong></span> <span class='ocrx_word' id='word_1_585' title='bbox 1178 4322 1373 4392; x_wconf 88' lang='lat' dir='ltr'><strong>prudentibus</strong></span> <span class='ocrx_word' id='word_1_586' title='bbox 1384 4338 1534 4393; x_wconf 89' lang='lat' dir='ltr'><strong>cognosco</strong></span> <span class='ocrx_word' id='word_1_587' title='bbox 1546 4323 1688 4379; x_wconf 88' lang='lat' dir='ltr'><strong>relictam.</strong></span> <span class='ocrx_word' id='word_1_588' title='bbox 1700 4325 1774 4378; x_wconf 86' lang='lat' dir='ltr'><strong>ltlul-</strong></span> <span class='ocrx_word' id='word_1_589' title='bbox 1851 4355 1855 4361; x_wconf 71' lang='grc'><em>·</em></span> 
     </span>
     <span class='ocr_line' id='line_1_47' title="bbox 55 4411 1773 4488; baseline 0.001 -22"><span class='ocrx_word' id='word_1_590' title='bbox 55 4413 888 4488; x_wconf 80' lang='lat' dir='ltr'><strong>irumdictiS,canonunrquoquesententiis,adepuscon·</strong></span> <span class='ocrx_word' id='word_1_591' title='bbox 939 4422 1059 4485; x_wconf 90' lang='lat' dir='ltr'><strong>tumque</strong></span> <span class='ocrx_word' id='word_1_592' title='bbox 1080 4413 1200 4467; x_wconf 89' lang='lat' dir='ltr'><strong>renisus</strong></span> <span class='ocrx_word' id='word_1_593' title='bbox 1222 4428 1288 4465; x_wconf 89' lang='lat' dir='ltr'><strong>sum</strong></span> <span class='ocrx_word' id='word_1_594' title='bbox 1310 4411 1450 4466; x_wconf 89' lang='lat' dir='ltr'><strong>voluntati</strong></span> <span class='ocrx_word' id='word_1_595' title='bbox 1472 4417 1592 4481; x_wconf 87' lang='lat' dir='ltr'><strong>vestrae,</strong></span> <span class='ocrx_word' id='word_1_596' title='bbox 1610 4429 1668 4467; x_wconf 91' lang='lat' dir='ltr'><strong>non</strong></span> <span class='ocrx_word' id='word_1_597' title='bbox 1683 4415 1773 4468; x_wconf 89' lang='lat' dir='ltr'><strong>velud</strong></span> 
     </span>
     <span class='ocr_line' id='line_1_48' title="bbox 56 4500 1774 4575; baseline 0.002 -22"><span class='ocrx_word' id='word_1_598' title='bbox 56 4501 243 4555; x_wconf 89' lang='lat' dir='ltr'><strong>sacerdotum</strong></span> <span class='ocrx_word' id='word_1_599' title='bbox 259 4506 411 4556; x_wconf 88' lang='lat' dir='ltr'><strong>notrorum</strong></span> <span class='ocrx_word' id='word_1_600' title='bbox 427 4520 586 4574; x_wconf 85' lang='lat' dir='ltr'><strong>excerpere</strong></span> <span class='ocrx_word' id='word_1_601' title='bbox 598 4507 823 4575; x_wconf 88' lang='lat' dir='ltr'><strong>poenitentialem</strong></span> <span class='ocrx_word' id='word_1_602' title='bbox 835 4509 887 4559; x_wconf 88' lang='lat' dir='ltr'><strong>rni-</strong></span> <span class='ocrx_word' id='word_1_603' title='bbox 940 4504 1105 4574; x_wconf 88' lang='lat' dir='ltr'><strong>procaciter</strong></span> <span class='ocrx_word' id='word_1_604' title='bbox 1121 4502 1230 4567; x_wconf 88' lang='lat' dir='ltr'><strong>durus,</strong></span> <span class='ocrx_word' id='word_1_605' title='bbox 1252 4500 1305 4554; x_wconf 90' lang='lat' dir='ltr'><strong>sed</strong></span> <span class='ocrx_word' id='word_1_606' title='bbox 1322 4500 1450 4571; x_wconf 70' lang='lat' dir='ltr'><strong>propriae</strong></span> <span class='ocrx_word' id='word_1_607' title='bbox 1464 4502 1621 4556; x_wconf 84' lang='lat' dir='ltr'><strong>infirmitas</strong></span> <span class='ocrx_word' id='word_1_608' title='bbox 1637 4503 1774 4558; x_wconf 90' lang='lat' dir='ltr'><strong>tarditate</strong></span> 
     </span>
     <span class='ocr_line' id='line_1_49' title="bbox 55 4588 1771 4665; baseline 0.002 -23"><span class='ocrx_word' id='word_1_609' title='bbox 55 4588 133 4644; x_wconf 92' lang='lat' dir='ltr'><strong>nime</strong></span> <span class='ocrx_word' id='word_1_610' title='bbox 154 4591 242 4661; x_wconf 87' lang='lat' dir='ltr'><strong>valui;</strong></span> <span class='ocrx_word' id='word_1_611' title='bbox 259 4591 328 4660; x_wconf 87' lang='lat' dir='ltr'><strong>quia</strong></span> <span class='ocrx_word' id='word_1_612' title='bbox 352 4591 468 4645; x_wconf 88' lang='lat' dir='ltr'><strong>animus</strong></span> <span class='ocrx_word' id='word_1_613' title='bbox 482 4608 549 4646; x_wconf 91' lang='lat' dir='ltr'><strong>cnm</strong></span> <span class='ocrx_word' id='word_1_614' title='bbox 565 4595 704 4648; x_wconf 88' lang='lat' dir='ltr'><strong>dividitur</strong></span> <span class='ocrx_word' id='word_1_615' title='bbox 717 4611 770 4664; x_wconf 87' lang='lat' dir='ltr'><strong>per</strong></span> <span class='ocrx_word' id='word_1_616' title='bbox 785 4595 884 4665; x_wconf 91' lang='lat' dir='ltr'><strong>mulla,</strong></span> <span class='ocrx_word' id='word_1_617' title='bbox 939 4592 1117 4647; x_wconf 89' lang='lat' dir='ltr'><strong>admonitus.</strong></span> <span class='ocrx_word' id='word_1_618' title='bbox 1129 4590 1306 4644; x_wconf 88' lang='lat' dir='ltr'><strong>Hacetedim</strong></span> <span class='ocrx_word' id='word_1_619' title='bbox 1316 4605 1386 4644; x_wconf 92' lang='lat' dir='ltr'><strong>eura</strong></span> <span class='ocrx_word' id='word_1_620' title='bbox 1396 4589 1554 4661; x_wconf 77' lang='lat' dir='ltr'><strong>sollicitae,</strong></span> <span class='ocrx_word' id='word_1_621' title='bbox 1567 4591 1771 4647; x_wconf 86' lang='lat' dir='ltr'><strong>necessarium</strong></span> 
     </span>
    </p>
   </div>
   <div class='ocr_carea' id='block_1_3' title="bbox 711 4785 1124 4851">
    <p class='ocr_par' dir='ltr' id='par_1_4' title="bbox 711 4785 1124 4851">
     <span class='ocr_line' id='line_1_50' title="bbox 711 4785 1124 4851; baseline 0.01 -8"><span class='ocrx_word' id='word_1_622' title='bbox 711 4785 859 4849; x_wconf 86' lang='lat' dir='ltr'>VARIAE</span> <span class='ocrx_word' id='word_1_623' title='bbox 881 4786 1124 4851; x_wconf 83' lang='lat' dir='ltr'><strong>LECTIONES.</strong></span> 
     </span>
    </p>
   </div>
   <div class='ocr_carea' id='block_1_4' title="bbox 48 4924 1770 5236">
    <p class='ocr_par' dir='ltr' id='par_1_5' title="bbox 48 4924 1770 5236">
     <span class='ocr_line' id='line_1_51' title="bbox 88 4924 1770 5012; baseline 0.013 -32"><span class='ocrx_word' id='word_1_624' title='bbox 88 4924 223 5011; x_wconf 76' lang='lat' dir='ltr'><strong>78d.etg.</strong></span> <span class='ocrx_word' id='word_1_625' title='bbox 234 4930 309 4986; x_wconf 71' lang='lat' dir='ltr'><strong>chitl</strong></span> <span class='ocrx_word' id='word_1_626' title='bbox 318 4934 485 5004; x_wconf 87' lang='lat' dir='ltr'><strong>inrumpere</strong></span> <span class='ocrx_word' id='word_1_627' title='bbox 501 4935 547 4989; x_wconf 86' lang='lat' dir='ltr'><strong>ch.</strong></span> <span class='ocrx_word' id='word_1_628' title='bbox 562 4933 718 4992; x_wconf 75' lang='lat' dir='ltr'><strong>8⁰auderet</strong></span> <span class='ocrx_word' id='word_1_629' title='bbox 728 4938 773 4993; x_wconf 87' lang='lat' dir='ltr'><strong>clr.</strong></span> <span class='ocrx_word' id='word_1_630' title='bbox 785 4937 809 4982; x_wconf 85' lang='lat'><strong>8¹</strong></span> <span class='ocrx_word' id='word_1_631' title='bbox 819 4940 864 4994; x_wconf 82' lang='lat' dir='ltr'><strong>vel</strong></span> <span class='ocrx_word' id='word_1_632' title='bbox 879 4940 926 4994; x_wconf 86' lang='lat' dir='ltr'><strong>ab.</strong></span> <span class='ocrx_word' id='word_1_633' title='bbox 942 4956 969 4996; x_wconf 89' lang='lat' dir='ltr'><strong>a.</strong></span> <span class='ocrx_word' id='word_1_634' title='bbox 980 4957 1005 4995; x_wconf 88' lang='lat' dir='ltr'><strong>r.</strong></span> <span class='ocrx_word' id='word_1_635' title='bbox 1022 4941 1172 5012; x_wconf 72' lang='lat' dir='ltr'><strong>praedietis</strong></span> <span class='ocrx_word' id='word_1_636' title='bbox 1182 4942 1318 4997; x_wconf 77' lang='lat' dir='ltr'><strong>eeclesiae</strong></span> <span class='ocrx_word' id='word_1_637' title='bbox 1334 4941 1481 4998; x_wconf 88' lang='lat' dir='ltr'><strong>conlatum</strong></span> <span class='ocrx_word' id='word_1_638' title='bbox 1496 4940 1572 4998; x_wconf 70' lang='lat' dir='ltr'><strong>clr.⁸2</strong></span> <span class='ocrx_word' id='word_1_639' title='bbox 1587 4944 1626 4999; x_wconf 90' lang='lat' dir='ltr'><strong>ita</strong></span> <span class='ocrx_word' id='word_1_640' title='bbox 1637 4948 1670 5010; x_wconf 85' lang='lat' dir='ltr'><strong>at</strong></span> <span class='ocrx_word' id='word_1_641' title='bbox 1684 4944 1731 5000; x_wconf 80' lang='lat' dir='ltr'><strong>eli.</strong></span> <span class='ocrx_word' id='word_1_642' title='bbox 1742 4942 1770 4991; x_wconf 81' lang='lat'><strong>⁸³</strong></span> 
     </span>
     <span class='ocr_line' id='line_1_52' title="bbox 49 5003 1765 5086; baseline 0.011 -35"><span class='ocrx_word' id='word_1_643' title='bbox 49 5014 78 5054; x_wconf 86' lang='lat' dir='ltr'><strong>v.</strong></span> <span class='ocrx_word' id='word_1_644' title='bbox 96 5004 265 5081; x_wconf 80' lang='lat' dir='ltr'><strong>certiusque</strong></span> <span class='ocrx_word' id='word_1_645' title='bbox 281 5019 306 5056; x_wconf 90' lang='lat' dir='ltr'><strong>c.</strong></span> <span class='ocrx_word' id='word_1_646' title='bbox 324 5005 369 5057; x_wconf 78' lang='lat' dir='ltr'><strong>cli.</strong></span> <span class='ocrx_word' id='word_1_647' title='bbox 385 5003 412 5046; x_wconf 71' lang='lat'><strong>8¹</strong></span> <span class='ocrx_word' id='word_1_648' title='bbox 429 5004 604 5060; x_wconf 88' lang='lat' dir='ltr'><strong>Helisaehar</strong></span> <span class='ocrx_word' id='word_1_649' title='bbox 619 5024 642 5061; x_wconf 92' lang='lat' dir='ltr'><strong>r.</strong></span> <span class='ocrx_word' id='word_1_650' title='bbox 660 5009 724 5062; x_wconf 90' lang='lat' dir='ltr'><strong>data</strong></span> <span class='ocrx_word' id='word_1_651' title='bbox 740 5011 829 5064; x_wconf 80' lang='lat' dir='ltr'><strong>xvh.</strong></span> <span class='ocrx_word' id='word_1_652' title='bbox 857 5011 924 5065; x_wconf 88' lang='lat' dir='ltr'><strong>lllai.</strong></span> <span class='ocrx_word' id='word_1_653' title='bbox 945 5028 971 5067; x_wconf 90' lang='lat' dir='ltr'><strong>a.</strong></span> <span class='ocrx_word' id='word_1_654' title='bbox 997 5014 1028 5066; x_wconf 82' lang='lat' dir='ltr'><strong>e.</strong></span> <span class='ocrx_word' id='word_1_655' title='bbox 1046 5029 1073 5081; x_wconf 91' lang='lat' dir='ltr'><strong>p.</strong></span> <span class='ocrx_word' id='word_1_656' title='bbox 1091 5013 1176 5067; x_wconf 89' lang='lat' dir='ltr'><strong>tertio</strong></span> <span class='ocrx_word' id='word_1_657' title='bbox 1200 5013 1314 5083; x_wconf 90' lang='lat' dir='ltr'><strong>imperii</strong></span> <span class='ocrx_word' id='word_1_658' title='bbox 1331 5014 1358 5068; x_wconf 90' lang='lat' dir='ltr'><strong>d.</strong></span> <span class='ocrx_word' id='word_1_659' title='bbox 1376 5016 1470 5068; x_wconf 87' lang='lat' dir='ltr'><strong>nostri</strong></span> <span class='ocrx_word' id='word_1_660' title='bbox 1487 5015 1510 5067; x_wconf 90' lang='lat' dir='ltr'><strong>ll</strong></span> <span class='ocrx_word' id='word_1_661' title='bbox 1529 5015 1574 5069; x_wconf 87' lang='lat' dir='ltr'><strong>cb.</strong></span> <span class='ocrx_word' id='word_1_662' title='bbox 1590 5014 1617 5057; x_wconf 83' lang='lat'><strong>85</strong></span> <span class='ocrx_word' id='word_1_663' title='bbox 1632 5033 1659 5086; x_wconf 89' lang='lat' dir='ltr'><strong>p.</strong></span> <span class='ocrx_word' id='word_1_664' title='bbox 1677 5033 1702 5071; x_wconf 88' lang='lat' dir='ltr'><strong>r.</strong></span> <span class='ocrx_word' id='word_1_665' title='bbox 1719 5017 1765 5071; x_wconf 85' lang='lat' dir='ltr'><strong>eh.</strong></span> 
     </span>
     <span class='ocr_line' id='line_1_53' title="bbox 48 5068 1767 5157; baseline 0.012 -37"><span class='ocrx_word' id='word_1_666' title='bbox 48 5068 115 5152; x_wconf 63' lang='lat' dir='ltr'><strong>filiu.</strong></span> <span class='ocrx_word' id='word_1_667' title='bbox 133 5070 294 5126; x_wconf 83' lang='lat' dir='ltr'><strong>telicrtera.</strong></span> <span class='ocrx_word' id='word_1_668' title='bbox 308 5074 353 5126; x_wconf 88' lang='lat' dir='ltr'><strong>ch.</strong></span> <span class='ocrx_word' id='word_1_669' title='bbox 368 5072 394 5115; x_wconf 76' lang='grc'><strong>37</strong></span> <span class='ocrx_word' id='word_1_670' title='bbox 409 5076 544 5131; x_wconf 87' lang='lat' dir='ltr'><strong>nidentar</strong></span> <span class='ocrx_word' id='word_1_671' title='bbox 561 5079 585 5131; x_wconf 88' lang='lat' dir='ltr'><strong>l.</strong></span> <span class='ocrx_word' id='word_1_672' title='bbox 603 5080 650 5132; x_wconf 89' lang='lat' dir='ltr'><strong>eui</strong></span> <span class='ocrx_word' id='word_1_673' title='bbox 664 5086 767 5134; x_wconf 86' lang='lat' dir='ltr'><strong>auctor</strong></span> <span class='ocrx_word' id='word_1_674' title='bbox 781 5082 844 5152; x_wconf 89' lang='lat' dir='ltr'><strong>ipse</strong></span> <span class='ocrx_word' id='word_1_675' title='bbox 857 5083 983 5136; x_wconf 85' lang='lat' dir='ltr'><strong>uiriliter</strong></span> <span class='ocrx_word' id='word_1_676' title='bbox 999 5085 1223 5154; x_wconf 82' lang='lat' dir='ltr'><strong>superscripsit.</strong></span> <span class='ocrx_word' id='word_1_677' title='bbox 1241 5084 1354 5138; x_wconf 87' lang='lat' dir='ltr'><strong>virliter</strong></span> <span class='ocrx_word' id='word_1_678' title='bbox 1376 5085 1402 5138; x_wconf 65' lang='grc' dir='ltr'><strong>ἓ.</strong></span> <span class='ocrx_word' id='word_1_679' title='bbox 1420 5085 1554 5139; x_wconf 86' lang='lat' dir='ltr'><strong>videnter</strong></span> <span class='ocrx_word' id='word_1_680' title='bbox 1569 5103 1703 5157; x_wconf 86' lang='lat' dir='ltr'><strong>superse.</strong></span> <span class='ocrx_word' id='word_1_681' title='bbox 1719 5089 1767 5140; x_wconf 84' lang='lat' dir='ltr'><strong>vi-</strong></span> 
     </span>
     <span class='ocr_line' id='line_1_54' title="bbox 48 5141 1766 5236; baseline 0.012 -43"><span class='ocrx_word' id='word_1_682' title='bbox 48 5141 142 5195; x_wconf 89' lang='lat' dir='ltr'><strong>rrhter</strong></span> <span class='ocrx_word' id='word_1_683' title='bbox 156 5157 182 5194; x_wconf 88' lang='lat' dir='ltr'><strong>s.</strong></span> <span class='ocrx_word' id='word_1_684' title='bbox 200 5142 325 5196; x_wconf 83' lang='lat' dir='ltr'><strong>fidenter</strong></span> <span class='ocrx_word' id='word_1_685' title='bbox 342 5145 368 5199; x_wconf 86' lang='lat'><strong>5.</strong></span> <span class='ocrx_word' id='word_1_686' title='bbox 384 5144 464 5202; x_wconf 81' lang='lat' dir='ltr'><strong>Flod.</strong></span> <span class='ocrx_word' id='word_1_687' title='bbox 479 5145 507 5189; x_wconf 82' lang='lat'><strong>⁸8</strong></span> <span class='ocrx_word' id='word_1_688' title='bbox 519 5162 607 5218; x_wconf 90' lang='lat' dir='ltr'><strong>quam</strong></span> <span class='ocrx_word' id='word_1_689' title='bbox 619 5149 644 5202; x_wconf 91' lang='lat' dir='ltr'><strong>l.</strong></span> <span class='ocrx_word' id='word_1_690' title='bbox 659 5148 687 5192; x_wconf 81' lang='lat'><strong>89</strong></span> <span class='ocrx_word' id='word_1_691' title='bbox 700 5151 747 5204; x_wconf 85' lang='lat' dir='ltr'><strong>vel</strong></span> <span class='ocrx_word' id='word_1_692' title='bbox 762 5152 894 5207; x_wconf 88' lang='lat' dir='ltr'><strong>irradiet.</strong></span> <span class='ocrx_word' id='word_1_693' title='bbox 922 5155 1155 5236; x_wconf 86' lang='lat' dir='ltr'><strong>superscriptum</strong></span> <span class='ocrx_word' id='word_1_694' title='bbox 1179 5153 1193 5207; x_wconf 92' lang='lat' dir='ltr'><strong>t</strong></span> <span class='ocrx_word' id='word_1_695' title='bbox 1208 5155 1235 5210; x_wconf 82' lang='lat'><strong>3.</strong></span> <span class='ocrx_word' id='word_1_696' title='bbox 1254 5155 1329 5209; x_wconf 77' lang='lat' dir='ltr'><strong>unde</strong></span> <span class='ocrx_word' id='word_1_697' title='bbox 1345 5154 1411 5210; x_wconf 65' lang='grc' dir='ltr'><strong>Μ’.</strong></span> <span class='ocrx_word' id='word_1_698' title='bbox 1425 5157 1456 5209; x_wconf 88' lang='lat' dir='ltr'><strong>in</strong></span> <span class='ocrx_word' id='word_1_699' title='bbox 1472 5163 1555 5211; x_wconf 83' lang='lat' dir='ltr'><strong>terte</strong></span> <span class='ocrx_word' id='word_1_700' title='bbox 1575 5158 1686 5212; x_wconf 80' lang='lat' dir='ltr'><strong>liabent</strong></span> <span class='ocrx_word' id='word_1_701' title='bbox 1701 5173 1766 5214; x_wconf 87' lang='lat' dir='ltr'><strong>res-</strong></span> 
     </span>
    </p>
   </div>
   <div class='ocr_carea' id='block_1_5' title="bbox 47 5212 1766 5355">
    <p class='ocr_par' dir='ltr' id='par_1_6' title="bbox 47 5212 1766 5355">
     <span class='ocr_line' id='line_1_55' title="bbox 47 5212 1766 5355; baseline 0.012 -90"><span class='ocrx_word' id='word_1_702' title='bbox 47 5212 393 5355; x_wconf 44' lang='lat' dir='ltr'><strong>psilepglpqutvegoiqqqplieeq.</strong></span> <span class='ocrx_word' id='word_1_703' title='bbox 409 5216 596 5274; x_wconf 81' lang='lat' dir='ltr'><strong>Fledoardus</strong></span> <span class='ocrx_word' id='word_1_704' title='bbox 611 5225 687 5275; x_wconf 88' lang='lat' dir='ltr'><strong>teste</strong></span> <span class='ocrx_word' id='word_1_705' title='bbox 705 5221 882 5279; x_wconf 85' lang='lat' dir='ltr'><strong>Calvenerio</strong></span> <span class='ocrx_word' id='word_1_706' title='bbox 897 5227 1020 5296; x_wconf 81' lang='lat' dir='ltr'><strong>scripsit</strong></span> <span class='ocrx_word' id='word_1_707' title='bbox 1035 5225 1233 5299; x_wconf 89' lang='lat' dir='ltr'><strong>resplendeat,</strong></span> <span class='ocrx_word' id='word_1_708' title='bbox 1251 5226 1326 5298; x_wconf 89' lang='lat' dir='ltr'><strong>qaod</strong></span> <span class='ocrx_word' id='word_1_709' title='bbox 1339 5229 1492 5282; x_wconf 87' lang='lat' dir='ltr'><strong>recentior</strong></span> <span class='ocrx_word' id='word_1_710' title='bbox 1507 5228 1623 5300; x_wconf 84' lang='lat' dir='ltr'><strong>quidam</strong></span> <span class='ocrx_word' id='word_1_711' title='bbox 1639 5231 1766 5284; x_wconf 70' lang='lat' dir='ltr'><strong>nrumrit</strong></span> 
     </span>
    </p>
   </div>
   <div class='ocr_carea' id='block_1_6' title="bbox 782 5418 976 5512">
    <p class='ocr_par' dir='ltr' id='par_1_7' title="bbox 782 5418 976 5512">
     <span class='ocr_line' id='line_1_56' title="bbox 782 5418 976 5512; baseline -0.005 -31"><span class='ocrx_word' id='word_1_712' title='bbox 782 5508 784 5512; x_wconf 13' lang='grc' dir='ltr'><strong><em>ι</em></strong></span> <span class='ocrx_word' id='word_1_713' title='bbox 839 5418 976 5482; x_wconf 73' lang='lat' dir='ltr'><strong>uera.</strong></span> 
     </span>
    </p>
   </div>
   <div class='ocr_carea' id='block_1_7' title="bbox 38 5562 1763 5787">
    <p class='ocr_par' dir='ltr' id='par_1_8' title="bbox 38 5562 1763 5787">
     <span class='ocr_line' id='line_1_57' title="bbox 38 5562 1763 5651; baseline 0.013 -37"><span class='ocrx_word' id='word_1_714' title='bbox 38 5577 101 5635; x_wconf 82' lang='lat' dir='ltr'><strong>pus</strong></span> <span class='ocrx_word' id='word_1_715' title='bbox 118 5562 203 5643; x_wconf 62' lang='lat' dir='ltr'><strong>nrjbis</strong></span> <span class='ocrx_word' id='word_1_716' title='bbox 214 5563 467 5645; x_wconf 73' lang='lat' dir='ltr'><strong>Carnaracmcmn</strong></span> <span class='ocrx_word' id='word_1_717' title='bbox 496 5574 523 5621; x_wconf 85' lang='lat' dir='ltr'><strong>rt</strong></span> <span class='ocrx_word' id='word_1_718' title='bbox 547 5568 793 5625; x_wconf 81' lang='lat' dir='ltr'><strong>Adrabatinsinm</strong></span> <span class='ocrx_word' id='word_1_719' title='bbox 808 5570 878 5627; x_wconf 73' lang='lat' dir='ltr'><strong>sieri</strong></span> <span class='ocrx_word' id='word_1_720' title='bbox 967 5571 1041 5643; x_wconf 65' lang='lat' dir='ltr'><strong>(lii)</strong></span> <span class='ocrx_word' id='word_1_721' title='bbox 1052 5574 1170 5629; x_wconf 89' lang='lat' dir='ltr'><strong>Obiisse</strong></span> <span class='ocrx_word' id='word_1_722' title='bbox 1186 5576 1335 5645; x_wconf 76' lang='lat' dir='ltr'><strong>putaturi</strong></span> <span class='ocrx_word' id='word_1_723' title='bbox 1350 5576 1409 5633; x_wconf 84' lang='lat' dir='ltr'><strong>lul.</strong></span> <span class='ocrx_word' id='word_1_724' title='bbox 1426 5576 1488 5636; x_wconf 75' lang='lat' dir='ltr'><strong>tte.</strong></span> <span class='ocrx_word' id='word_1_725' title='bbox 1505 5577 1592 5634; x_wconf 86' lang='lat' dir='ltr'><strong>Certe</strong></span> <span class='ocrx_word' id='word_1_726' title='bbox 1608 5579 1763 5651; x_wconf 87' lang='lat' dir='ltr'><strong>diplomaa</strong></span> 
     </span>
     <span class='ocr_line' id='line_1_58' title="bbox 39 5635 1761 5772; baseline 0.012 -87"><span class='ocrx_word' id='word_1_727' title='bbox 39 5635 254 5759; x_wconf 48' lang='lat' dir='ltr'><strong>ffflfvssemo</strong></span> <span class='ocrx_word' id='word_1_728' title='bbox 277 5640 393 5706; x_wconf 77' lang='lat' dir='ltr'><strong>gratias</strong></span> <span class='ocrx_word' id='word_1_729' title='bbox 418 5653 512 5693; x_wconf 82' lang='lat' dir='ltr'><strong>arrian.</strong></span> <span class='ocrx_word' id='word_1_730' title='bbox 537 5638 580 5694; x_wconf 82' lang='lat' dir='ltr'><strong>el.</strong></span> <span class='ocrx_word' id='word_1_731' title='bbox 607 5642 728 5697; x_wconf 87' lang='lat' dir='ltr'><strong>annales</strong></span> <span class='ocrx_word' id='word_1_732' title='bbox 744 5646 875 5714; x_wconf 68' lang='lat' dir='ltr'><strong>nostres</strong></span> <span class='ocrx_word' id='word_1_733' title='bbox 931 5644 1395 5772; x_wconf 48' lang='grc' dir='ltr'><strong>ἓιιάονὶοοῐἰῐῆροηῖονῗιηῧοῑυε</strong></span> <span class='ocrx_word' id='word_1_734' title='bbox 1411 5649 1761 5722; x_wconf 76' lang='lat' dir='ltr'><strong>estadhuellhpr.816,</strong></span> 
     </span>
     <span class='ocr_line' id='line_1_59' title="bbox 113 5719 1375 5787; baseline 0.01 -26"><span class='ocrx_word' id='word_1_735' title='bbox 113 5743 120 5766; x_wconf 88' lang='lat'><em>‚</em></span> <span class='ocrx_word' id='word_1_736' title='bbox 194 5746 200 5760; x_wconf 93' lang='lat'><strong>.</strong></span> <span class='ocrx_word' id='word_1_737' title='bbox 952 5730 1095 5785; x_wconf 87' lang='lat' dir='ltr'><strong>equae.</strong></span> <span class='ocrx_word' id='word_1_738' title='bbox 1141 5733 1245 5773; x_wconf 83' lang='lat' dir='ltr'><strong>rraeum</strong></span> <span class='ocrx_word' id='word_1_739' title='bbox 1290 5759 1297 5787; x_wconf 91' lang='lat'><strong>,</strong></span> <span class='ocrx_word' id='word_1_740' title='bbox 1331 5719 1375 5774; x_wconf 84' lang='grc'><strong>30.</strong></span> 
     </span>
    </p>
   </div>
   <div class='ocr_carea' id='block_1_8' title="bbox 85 5771 1844 5923">
    <p class='ocr_par' dir='ltr' id='par_1_9' title="bbox 85 5771 1844 5923">
     <span class='ocr_line' id='line_1_60' title="bbox 85 5771 1844 5923; baseline 0.013 -94"><span class='ocrx_word' id='word_1_741' title='bbox 85 5771 411 5923; x_wconf 45' lang='grc' dir='ltr'><strong>Ἂψωω</strong></span> <span class='ocrx_word' id='word_1_742' title='bbox 965 5772 1844 5863; x_wconf 53' lang='lat' dir='ltr'><strong>mmmmmmmm&#39;</strong></span> 
     </span>
     <span class='ocr_line' id='line_1_61' title="bbox 90 5841 1092 5917; baseline 0.013 -13"><span class='ocrx_word' id='word_1_743' title='bbox 90 5841 143 5905; x_wconf 76' lang='lat' dir='ltr'><strong>tea</strong></span> <span class='ocrx_word' id='word_1_744' title='bbox 169 5846 429 5910; x_wconf 77' lang='lat' dir='ltr'><strong>Suessionensem.</strong></span> <span class='ocrx_word' id='word_1_745' title='bbox 580 5871 594 5891; x_wconf 91' lang='lat'><strong>··</strong></span> <span class='ocrx_word' id='word_1_746' title='bbox 929 5855 1008 5916; x_wconf 89' lang='lat' dir='ltr'><strong>oium</strong></span> <span class='ocrx_word' id='word_1_747' title='bbox 1022 5872 1049 5917; x_wconf 84' lang='lat' dir='ltr'><strong>e.</strong></span> <span class='ocrx_word' id='word_1_748' title='bbox 1064 5874 1092 5917; x_wconf 84' lang='lat' dir='ltr'><strong>v·</strong></span> 
     </span>
    </p>
   </div>
   <div class='ocr_carea' id='block_1_9' title="bbox 0 0 1954 6112">
    <p class='ocr_par' dir='ltr' id='par_1_10' title="bbox 0 0 1954 6112">
     <span class='ocr_line' id='line_1_62' title="bbox 0 0 1954 6112; baseline 0 13"><span class='ocrx_word' id='word_1_749' title='bbox 0 0 1954 6112; x_wconf 95' lang='lat' dir='ltr'><strong> </strong></span> 
     </span>
    </p>
   </div>
  </div>
 </body>
</html>
