3908 6112
136 276 199 342 ⁷29

403 483 529 540 CAPUT
544 486 679 541 xxxi-¹1.

334 569 378 625 De
399 573 578 628 utensilibus
596 577 736 647 coquinae.

154 655 226 709 Haec
241 659 311 712 sunt
325 661 422 714 autem
438 663 577 716 utensilia
593 679 659 734 quae
680 680 830 736 nunquam
847 667 955 723 dehent

116 743 145 798 in
163 745 289 816 coquina
305 747 424 803 deesse.
442 750 572 805 Primum
589 752 643 806 tria
655 753 793 823 caldaria,
810 772 901 811 unum
918 757 954 810 ad

113 833 209 895 fabas
227 832 350 889 alterum
366 836 402 891 ad
418 838 509 908 olera,
526 839 742 896 tertiumsimul
753 859 819 897 oum
837 845 953 914 tripode

116 919 231 986 ferrem
247 926 278 977 ut
293 924 319 977 si
335 925 403 996 quis
415 942 530 997 pannos
542 928 723 984 suoslavare
738 932 873 1004 voluerit,
884 935 953 989 lexi-

113 1010 192 1064 viam
216 1010 316 1067 iacere
331 1015 436 1083 possit.
459 1014 569 1086 Cuppae
586 1020 721 1088 quatuor,
741 1035 797 1092 una
814 1022 851 1076 ad
867 1021 953 1077 tabas

118 1099 330 1170 reservandae,
347 1102 465 1172 quando
481 1104 590 1160 tuerint
608 1107 645 1160 ita
662 1108 845 1180 semicoctaa3
862 1111 954 1165 altera

116 1187 147 1242 in
162 1203 221 1259 qua
235 1189 313 1244 cadit
327 1191 531 1261 equaeductus,
549 1197 577 1248 et
591 1195 621 1248 in
637 1212 693 1266 qua
710 1197 790 1252 olera
809 1199 893 1268 prius
908 1199 953 1254 la-

117 1279 227 1331 vantur
242 1293 329 1349 quam
344 1280 374 1334 in
385 1279 548 1335 caldarium
564 1283 732 1356 mittantur3
751 1287 836 1341 tertia
851 1287 879 1340 in
896 1304 953 1359 qua

117 1365 270 1435 scutellae3
290 1370 393 1439 quarta
409 1369 445 1422 ad
469 1369 526 1424 hoc
549 1371 644 1426 solum
662 1376 691 1426 ut
714 1389 791 1444 aqua
814 1376 907 1429 calida
923 1376 952 1430 in

117 1468 182 1508 eam
203 1455 334 1510 mittatur
355 1457 390 1511 ad
416 1459 594 1529 mandatum,
621 1463 647 1515 et
672 1461 708 1515 ad
732 1479 877 1531 rasuram,
895 1480 953 1535 qua

114 1540 223 1597 tratres
240 1543 315 1599 inter
326 1541 489 1601 radendum
502 1551 637 1614 utantur;
651 1566 738 1619 quam
750 1553 778 1605 et
787 1552 950 1608 calefacere

115 1629 225 1685 debent
248 1632 298 1704 qui
323 1632 352 1687 in
373 1635 473 1704 priore
498 1638 661 1706 septimana
685 1640 863 1695 servierunt.
881 1640 953 1696 Item

112 1722 242 1790 quatuor
265 1721 448 1792 cochlearia,
472 1740 562 1779 unum
583 1727 620 1780 ad
646 1727 740 1796 sabas,
765 1728 890 1783 altorum
915 1731 950 1784 ad

115 1807 207 1876 olera,
226 1810 343 1864 tertium
358 1827 417 1866 non
433 1813 505 1867 odeo
523 1815 634 1886 grande
650 1816 686 1870 ad
702 1818 836 1888 saginam
850 1819 951 1888 expri-
968 1853 994 1916 Β

113 1897 270 1967 mendam3
287 1903 422 1970 quartum
438 1904 484 1955 est
494 1902 622 1957 terreum
639 1906 674 1958 ad
691 1904 950 1963 iocumcineribus

110 1986 352 2056 cooperiendum,
363 1989 399 2042 ad
412 2005 500 2060 quem
518 1994 754 2061 componendum
771 1995 817 2049 vel
842 1989 959 2051 distre?

112 2073 245 2129 bendum
260 2078 307 2129 est
322 2076 408 2130 ctiam
425 2077 561 2148 ejusdem
584 2083 705 2151 generis
729 2082 860 2154 forceps.
879 2084 950 2140 Item

109 2165 239 2234 quatuor
252 2164 332 2235 paria
342 2166 533 2237 manicarum,
550 2183 587 2222 ne
597 2170 807 2227 stamineorum
824 2173 949 2229 manicae

79 2234 85 2241 ¹
111 2251 282 2308 tratrumde
292 2254 446 2326 nigredine
459 2256 735 2327 coquinaeiamiliari
748 2260 947 2318 sordidentur.

111 2339 174 2395 Duo
189 2341 274 2412 paria
288 2343 512 2414 palmariarum,
529 2361 595 2416 quae
609 2345 648 2399 ita
666 2347 826 2403 llomaaioe
846 2350 949 2420 appel·

109 2429 216 2500 lentur,
248 2447 412 2504 manusque
441 2432 601 2488 detendunt
645 2452 661 2488 a
690 2437 789 2491 calore
814 2438 947 2511 caldarii,

113 2519 230 2590 quando
246 2535 354 2575 recens
365 2521 494 2575 ablatum
510 2522 546 2576 ab
562 2522 630 2594 igno
640 2539 757 2595 quoque
774 2529 947 2582 estmoven·

112 2607 178 2662 dum
194 2607 243 2662 vel
258 2609 468 2664 inclinandum.
494 2610 561 2665 Tria
588 2613 811 2686 manutergiola,
837 2620 948 2687 quaeat

110 2695 136 2749 in
152 2697 232 2751 omni
249 2699 352 2767 quinta
367 2698 439 2752 feria
459 2702 616 2766 mutantur,
640 2702 819 2774 minimeque
841 2720 947 2760 manus

112 2785 145 2838 ad
159 2785 250 2840 solita
264 2789 385 2858 tergunt
400 2789 585 2859 manutergia
594 2806 661 2865 quaa
676 2791 806 2860 pendent
820 2793 849 2846 in
863 2794 947 2848 clau-

112 2877 183 2929 stro.
200 2874 300 2928 Unum
311 2875 437 2930 cultrum
446 2876 481 2931 ad
493 2878 608 2931 lardum
616 2878 850 2951 incidendum,et
860 2882 947 2937 simul

113 2962 186 3016 cotis
202 2962 241 3017 ad
257 2964 430 3019 acuendum.
448 2966 513 3020 Una
528 2966 632 3036 patella
645 2968 680 3022 ad
695 2984 811 3040 aquam,
829 2971 855 3025 si
872 2986 948 3042 opus

111 3049 198 3106 inerit
220 3052 466 3123 calefaciendam,
489 3057 518 3109 et
539 3055 655 3126 adipem
679 3056 881 3129 tundendum
903 3059 948 3113 al-

111 3142 182 3209 tera,
200 3154 268 3212 quae
282 3143 329 3195 est
344 3142 525 3212 permodica,
543 3144 572 3199 in
593 3143 684 3200 tundo
699 3147 948 3219 minutatimper-

418 275 761 353 CONSUETUDINES
776 291 1101 359 GLUNIAGENSES.
1127 334 1164 346 -·
1180 299 1304 366 LIBER
1319 301 1549 371 SECUNDUS.

1781 311 1841 374 730

965 479 1404 570 Hesper-ignemxsaendum
1414 519 1530 575 quoque
1541 507 1619 578 quod
1632 523 1687 576 pro
1703 507 1781 562 nulla
1798 524 1845 564 ne-

1012 585 1152 640 cessitate
1167 588 1246 642 aliud
1268 590 1338 659 quid
1364 593 1500 662 coquitur
1521 593 1548 646 in
1573 595 1698 666 coquina
1714 598 1845 668 regulari

1010 676 1120 741 praeter
1137 675 1221 729 sabas
1239 679 1267 731 et
1281 679 1374 746 olera,
1391 695 1445 733 nec
1456 681 1541 734 etiam
1557 682 1634 736 aliud
1651 699 1746 754 genus
1761 685 1845 758 legu-

1011 762 1110 816 minis.
1128 763 1203 816 Nam
1219 766 1293 834 ipsae
1304 782 1421 838 quoque
1432 767 1518 836 tahar,
1531 771 1647 840 qnando
1664 776 1731 826 suat
1746 773 1784 827 ita
1796 791 1844 829 no·

1012 849 1107 921 velta,
1121 853 1365 923 proquibusdam
1379 856 1493 911 deliciis
1503 874 1570 912 cum
1585 858 1688 928 pipere
1704 861 1844 915 condiun-

1011 941 1068 1007 tur,
1081 947 1342 1012 noncoquuntura
1357 944 1601 1016 fratribus,seda
1617 947 1736 1002 famulis
1748 948 1778 1004 in
1788 950 1845 1004 alia
1939 981 1946 992 «

1012 1028 1149 1099 coquina.
1166 1029 1301 1100 Scriplor
1325 1034 1436 1087 tantum
1452 1037 1478 1088 si
1499 1035 1666 1090 incaustum
1680 1038 1844 1108 temperare

1013 1114 1148 1187 voluerit,
1175 1134 1233 1173 non
1257 1121 1441 1191 prohibetur.
1458 1122 1493 1178 Et
1515 1124 1625 1195 siquis
1648 1127 1710 1180 vult
1726 1126 1844 1182 calceos

1010 1219 1133 1276 ungere,
1151 1207 1317 1276 providebit
1333 1210 1437 1264 horam
1456 1216 1680 1282 competentem,
1698 1215 1797 1286 idest,
1815 1216 1844 1270 in

1013 1297 1115 1348 aestate
1131 1297 1197 1349 ante
1212 1297 1348 1366 primam,
1374 1301 1401 1353 et
1421 1298 1450 1352 in
1474 1299 1570 1355 hieme
1585 1305 1652 1356 ante
1673 1304 1799 1373 tertiam,
1816 1308 1845 1361 et

1013 1381 1040 1435 si
1064 1383 1224 1438 meridiana
1250 1402 1308 1439 non
1332 1388 1440 1458 agitur,
1463 1392 1529 1456 post
1552 1406 1676 1456 nonam;
1704 1391 1731 1445 si
1745 1395 1843 1448 tamen

1011 1470 1173 1526 servitores
1189 1488 1248 1527 non
1263 1473 1371 1529 habent
1382 1476 1508 1546 amplius
1521 1478 1738 1534 administrare.
1754 1481 1841 1536 Pueri

1009 1574 1126 1629 quoque
1146 1559 1295 1630 candelas,
1321 1563 1430 1632 quibus
1447 1580 1521 1634 opus
1547 1564 1714 1636 habuerint,
1731 1566 1844 1624 iaciunt

1008 1647 1038 1701 in
1053 1646 1117 1718 ipsa
1135 1650 1261 1720 coquina
1277 1667 1343 1705 cum
1360 1652 1511 1725 magistris
1527 1654 1603 1709 suia.

1278 1776 1404 1831 CAPUT
1420 1778 1568 1833 xxxvii.

1169 1881 1277 1937 Deliis
1301 1884 1351 1952 qui
1372 1884 1486 1940 iaciunt
1500 1886 1679 1941 mandatum.

1042 1986 1149 2041 Brevis
1166 1988 1311 2044 clauditur
1322 2005 1387 2045 cum
1403 1991 1450 2046 his
1465 1993 1560 2049 trihus
1587 1994 1637 2064 qui
1653 1998 1790 2050 notantur
1805 1995 1844 2050 ad

1007 2076 1176 2130 mandatum
1191 2078 1230 2148 (8)
1245 2079 1459 2152 quotidianum,
1482 2082 1560 2153 quod
1576 2083 1732 2139 inchoatur
1745 2083 1775 2137 in
1791 2100 1842 2138 ca-

1007 2163 1066 2233 pite
1077 2163 1195 2235 jejunii,
1209 2171 1236 2220 et
1253 2167 1390 2236 perdurat
1405 2185 1500 2240 usque
1509 2171 1545 2224 ad
1556 2171 1704 2226 Kalendas
1713 2171 1842 2227 Novom-

1006 2251 1071 2306 bris
1091 2255 1169 2308 omni
1185 2253 1242 2323 die,
1260 2255 1323 2311 sive
1339 2272 1396 2310 una
1412 2258 1487 2326 vice,
1499 2258 1564 2313 sive
1580 2259 1696 2314 duabus
1707 2261 1841 2315 comeda·

1007 2344 1064 2409 tur,
1081 2343 1179 2413 agitur
1193 2345 1261 2413 post
1277 2360 1400 2399 coenam.
1417 2345 1493 2401 Sane
1510 2350 1655 2402 conventu
1671 2349 1841 2404 exeuntede

1007 2429 1145 2499 ecclesia,
1162 2436 1229 2501 post
1244 2448 1364 2487 vorsum
1380 2439 1522 2490 exeuntes
1538 2436 1682 2509 colligunt
1696 2453 1730 2492 se
1745 2439 1796 2509 qui
1811 2438 1842 2494 id

1005 2516 1112 2573 tacturi
1126 2522 1195 2574 sunt
1210 2520 1246 2574 ad
1268 2522 1386 2593 ostium,
1408 2526 1435 2578 ei
1453 2524 1593 2595 imposito
1617 2525 1732 2595 psalmo
1747 2527 1841 2583 Mise-

1006 2621 1088 2678 rere,
1098 2613 1226 2679 pergunt
1237 2608 1266 2662 in
1275 2609 1537 2682 eleemosynariam
1546 2611 1663 2668 domum
1677 2614 1744 2684 ,ubi
1753 2614 1841 2671 cilen-

1006 2694 1077 2750 dunt
1088 2699 1149 2750 tres
1161 2713 1306 2766 pauperes
1314 2700 1453 2755 sedentes
1462 2701 1588 2770 pedibus
1600 2703 1728 2772 audatia,
1738 2710 1842 2760 contra

1006 2800 1081 2855 quos
1097 2785 1183 2840 etiam
1206 2787 1321 2841 veniam
1337 2790 1447 2857 petunt.
1466 2788 1559 2845 Finito
1579 2790 1693 2860 psalmo
1716 2796 1744 2847 ct
1764 2793 1841 2847 anti-

1005 2873 1104 2943 phona
1118 2874 1264 2945 imposita,
1277 2876 1449 2931 Mandatum
1464 2881 1655 2950 novum,etc.,
1671 2879 1763 2950 pedes
1774 2897 1842 2950 pau·

1004 2976 1107 3032 parum
1122 2962 1230 3033 lavant,
1246 2965 1366 3036 tergunt
1386 2968 1414 3020 et
1430 2966 1611 3022 osculantur.
1638 2968 1760 3024 Lavatis
1781 2969 1842 3039 pri·

1005 3066 1084 3105 mum
1099 3052 1382 3121 propriismanibus,
1393 3054 1429 3108 ad
1441 3071 1546 3110 manus
1556 3072 1720 3128 pauperum
1734 3073 1841 3128 aquam

1005 3141 1033 3193 et
1047 3141 1263 3213 manutergium
1284 3142 1426 3212 praebent.
1453 3142 1574 3198 Scillula
1588 3160 1744 3215 percussa,
1767 3162 1836 3201 ces·

112 3228 216 3298 foma,
234 3232 265 3284 ur
279 3229 344 3300 ipse
360 3230 453 3300 adeps
468 3230 591 3287 coletur,
613 3232 678 3288 Una
692 3234 770 3304 pixis
785 3235 815 3289 jn
831 3252 887 3307 qua
903 3237 948 3291 sal
967 3214 1118 3282 Csatura
1137 3234 1234 3299 cantu,
1251 3230 1385 3300 pulsatur
1400 3233 1527 3302 tandem,
1539 3236 1567 3288 et
1575 3233 1743 3290 benedictio
1754 3235 1842 3290 datur

112 3317 307 3372 recondatur:
323 3334 414 3373 unum
429 3319 574 3375 scrinium
589 3320 618 3375 in
629 3338 687 3393 quo
697 3323 948 3397 minoraquaeque

111 3405 320 3463 recondantur.
347 3408 412 3463 Una
432 3424 517 3479 urna,
541 3425 599 3480 qua
622 3427 696 3482 aqua
721 3412 875 3469 hauriatur
896 3417 949 3470 :et

113 3509 214 3566 scopae
228 3494 295 3550 duae
305 3495 415 3567 quihus
426 3496 563 3552 caldariae
573 3502 642 3568 post
652 3501 947 3573 coctioncmscopen-

113 3582 166 3639 tur.
185 3583 259 3638 Duae
275 3585 347 3639 retis
362 3586 543 3656 abcisiones,
561 3603 628 3658 quae
644 3588 752 3645 faciant
766 3591 803 3644 ad
819 3591 947 3647 ablutio-

111 3687 177 3727 nem
193 3674 223 3728 et
244 3673 446 3745 scutellarum,
471 3679 500 3730 et
524 3675 729 3733 caldariarum.
752 3678 823 3735 Duae
839 3680 947 3736 tabulae

112 3763 145 3817 ad
160 3762 305 3817 scutellas
318 3778 325 3834 3
343 3778 400 3818 una
415 3764 445 3818 in
456 3780 513 3836 qua
524 3771 746 3838 ponanturpost
757 3769 945 3824 refectionem

111 3853 259 3921 utcunque
273 3852 398 3922 lavatae,
414 3852 507 3907 altera
518 3855 549 3908 in
563 3870 621 3926 qua
638 3854 767 3911 diluculo
785 3858 947 3928 quandoad

111 3940 273 4010 perfectum
296 3940 404 3996 debent
428 3957 498 3997 esse
522 3943 637 3998 lavatae.
663 3945 726 3999 Duo
744 3945 862 4016 sedilia,
880 3962 946 4017 quae

110 4027 220 4086 bancos
239 4029 331 4101 vulgo
355 4031 521 4102 appellant3
540 4048 597 4086 una
623 4032 697 4087 cella
719 4034 902 4105 quadripoda
919 4039 948 4090 et

112 4118 273 4189 submissa,
283 4134 374 4188 super
384 4136 472 4190 quarn
481 4125 607 4190 ponatur
616 4138 710 4193 cuppa
721 4139 788 4177 cum
801 4124 945 4195 oloribus,

113 4208 227 4277 quando
242 4209 313 4262 sunt
328 4208 358 4263 in
373 4209 503 4263 caldaria
518 4210 668 4265 mittenda.
679 4212 743 4265 Una
755 4216 835 4281 petra
851 4212 948 4284 maj0r

1006 3332 1221 3387 superparem,
1232 3322 1260 3374 et
1274 3319 1374 3374 vinum
1386 3322 1566 3390 pauperibus
1575 3324 1737 3395 eroganda.
1748 3324 1839 3379 Panis

1007 3407 1129 3462 mittitur
1148 3409 1192 3462 eis
1216 3408 1245 3461 in
1271 3408 1413 3479 dextram,
1435 3409 1536 3465 vinum
1563 3411 1593 3464 in
1617 3412 1787 3482 sinistram,
1812 3416 1841 3469 et

1006 3511 1111 3551 manus
1122 3498 1245 3568 utraque
1253 3497 1414 3554 osculetur.
1426 3498 1571 3554 Inclinant
1581 3500 1657 3556 send
1665 3503 1838 3557 orationem.

1006 3600 1073 3656 quae
1086 3586 1132 3640 est
1142 3585 1327 3658 hnjusmodi:
1342 3586 1472 3643 Ostende
1488 3587 1583 3645 nobie.
1595 3589 1701 3660 Ii'yrr'e,
1715 3589 1839 3647 eleison.

1005 3672 1101 3729 Pater
1116 3680 1229 3730 noster.
1252 3675 1459 3748 Suscepinrus,
1476 3677 1567 3748 Dens,
1587 3679 1838 3735 misericordiam.

1010 3760 1049 3817 Tu
1063 3764 1221 3819 mandasti.
1233 3763 1332 3819 Oratio
1344 3784 1353 3820 .·
1364 3765 1487 3835 Adesto,
1504 3766 1638 3837 Domine,
1651 3766 1749 3824 oidcio
1769 3784 1838 3824 nos-

1006 3853 1240 3923 trreserritutis,
1258 3856 1314 3908 etc.
1336 3853 1424 3909 Facto
1441 3857 1506 3909 ante
1522 3858 1550 3910 et
1565 3858 1655 3924 retro,
1672 3860 1700 3912 et
1715 3856 1838 3927 praefato

1003 3939 1117 4009 psalmo
1133 3954 1241 3994 rursus
1260 3940 1398 4010 imposito
1414 3933 1565 3996 recedunt.
1583 3941 1656 3996 Cum
1673 3946 1771 3998 autem
1785 3959 1838 4000 ve·

1004 4027 1102 4082 nerint
1116 4026 1152 4080 ad
1169 4026 1277 4082 tratres
1291 4027 1321 4081 in
1337 4028 1467 4084 claustro
1483 4030 1633 4099 sedentes,
1650 4030 1776 4088 inclines
1788 4033 1835 4087 in-

1005 4116 1121 4185 ccdunt,
1140 4118 1168 4170 et
1183 4117 1290 4171 iratres
1306 4116 1350 4172 eis
1365 4118 1588 4173 transeuntibus
1604 4119 1740 4174 similiter
1754 4121 1838 4175 incli-

1003 4221 1058 4260 nes
1068 4206 1460 4277 aliquantulumassurgunt.
1468 4206 1681 4261 Pervenientes
1693 4223 1759 4262 cum
1771 4209 1836 4278 ipso

113 4295 258 4368 etiamque
273 4297 405 4367 molaris,
423 4313 615 4370 superquam
631 4300 737 4354 iterum
752 4301 946 4370 poniturcal-
1003 4294 1116 4364 1³5⁸!OEss
1132 4294 1160 4347 in
1177 4293 1299 4348 ⁰h01'11ffl
1318 4294 1354 4347 ad
1371 4295 1505 4366 gradum,
1523 4293 1628 4350 ilerum
1643 4295 1744 4351 dieunt
1763 4296 1837 4351 0¹·st-

113 4383 233 4452 darium,
260 4385 325 4439 sive
339 4387 399 4441 sint
421 4387 507 4454 fabae,
532 4387 595 4442 siva
612 4388 701 4456 olera,
719 4405 785 4459 quae
801 4390 944 4444 adminis-
1002 4385 1112 4438 tionem
1136 4382 1328 4452 Dominicam,
1354 4387 1383 4437 ct
1404 4398 1536 4452 versum,
1552 4383 1594 4437 lit
1620 4385 1720 4439 veniat
1735 4401 1835 4456 super.

112 4471 239 4542 trantur3
255 4472 347 4528 altera
363 4490 456 4545 super
472 4480 596 4547 quamet
611 4477 703 4530 altera
715 4479 944 4549 cuppaponitur‚
1001 4470 1100 4526 Oratio
1112 4489 1118 4526 ι
1130 4471 1275 4526 Actiones
1287 4477 1413 4540 nostraS,
1434 4487 1607 4544 quaesamus
1625 4472 1759 4529 Domine.
1781 4473 1837 4530 To·

113 4557 144 4614 de
158 4576 218 4632 qua
233 4562 368 4618 scutellae
393 4564 528 4619 lavantur
543 4565 621 4619 intcr
640 4565 843 4621 reficiendum.
860 4567 945 4622 Unus
961 4562 1062 4638 ntum
1077 4560 1223 4615 clauditur
1238 4563 1381 4615 consucta
1396 4560 1596 4620 inclinatione.
1612 4561 1744 4634 Loquela
1759 4578 1837 4634 quo-

113 4645 188 4704 lollis
202 4649 240 4704 ad
256 4650 436 4705 sufflandum
451 4652 572 4724 ignem3
589 4669 679 4708 unum
691 4654 840 4709 flabellum
857 4656 945 4709 vimi·
1001 4665 1058 4721 que
1074 4651 1174 4704 nostra
1183 4648 1230 4703 hic
1243 4652 1288 4704 cst
1301 4649 1473 4705 claudenda.
1485 4650 1673 4706 Etiamdabis
1688 4651 1836 4708 licentiam

114 4751 197 4792 neum
212 4738 250 4793 ad
265 4740 476 4795 ventilandum.
498 4740 582 4796 Unus
598 4745 703 4797 contus
726 4743 764 4797 ad
787 4746 942 4814 supporta·
1002 4739 1140 4808 abeundi,
1164 4740 1304 4810 quicum
1328 4754 1474 4811 peregero
1498 4740 1577 4811 quod
1599 4740 1766 4811 injunctum
1791 4744 1837 4796 est

113 4825 216 4882 tionem
238 4828 456 4898 caldariorum,
484 4830 559 4885 aller
579 4830 615 4884 ad
637 4831 717 4904 ignis
741 4831 942 4888 dimotionem.
1003 4828 1085 4899 mihi,
1097 4830 1210 4897 potero,
1228 4828 1254 4882 si
1268 4828 1420 4898 placuerit,
1437 4829 1565 4895 reverti,
1582 4832 1611 4883 et
1634 4831 1660 4883 si
1676 4846 1733 4900 qua
1748 4829 1835 4885 modo

114 4911 316 4973 Unuscanalis
326 4917 356 4972 in
366 4933 425 4989 quo
440 4917 547 4973 lexivia
559 4918 674 4992 jugiter
687 4921 812 4976 habetur
826 4926 946 4993 propter
1005 4919 1222 4980 remanserunt.
1239 4921 1402 4987 tuucspew
1418 4933 1567 4988 perorare·
1578 4917 1641 4972 Hoc
1657 4922 1712 4988 est,
1729 4919 1836 4990 inquil,

114 5017 215 5059 manns
232 5004 417 5077 frequentius
432 5006 593 5074 lavandas;
611 5008 667 5063 duo
687 5024 806 5081 quoque
822 5010 941 5083 trigoni,
1004 5005 1083 5076 quod
1098 5005 1314 5076 desideramus
1331 5005 1410 5076 quod
1426 5021 1577 5078 rogamus,
1594 5010 1625 5061 ut
1639 5007 1707 5078 qnia
1720 5023 1775 5063 nec
1789 5023 1838 5063 au-

115 5093 236 5166 ctorque
252 5093 289 5148 de
310 5094 407 5150 tribus
428 5094 531 5167 lignis,
548 5095 616 5150 licet
640 5097 803 5167 imparibus
827 5100 945 5171 angulis
1003 5094 1108 5149 demus
1124 5096 1224 5148 contra
1244 5095 1423 5149 voluntatem
1446 5096 1526 5148 tuam
1548 5095 1634 5150 modo
1651 5100 1677 5150 te
1693 5096 1835 5167 detinere,

115 5179 170 5237 sint
185 5183 268 5252 iacti,
285 5185 335 5255 qui
351 5184 381 5238 in
395 5184 514 5239 modum
530 5185 674 5251 ostiorum
684 5185 741 5240 hoc
757 5186 863 5241 etilluc
879 5203 945 5242 ver·
1001 5197 1068 5238 cum
1082 5198 1224 5237 reversus
1247 5181 1352 5252 inania,
1378 5196 1564 5254 nequaquam
1583 5200 1636 5254 per
1656 5183 1743 5239 aliam
1757 5185 1837 5240 viam

116 5271 170 5326 sari
185 5276 323 5343 possunt.
341 5271 372 5326 ln
386 5271 434 5327 his
449 5272 579 5342 pendent
594 5275 704 5329 catenae
720 5275 830 5346 quibus
842 5274 943 5330 calda·
1001 5287 1088 5342 quarn
1102 5286 1155 5342 per
1169 5287 1224 5325 nos
1241 5271 1411 5340 revertaris,
1427 5273 1458 5326 ut
1469 5272 1547 5342 quod
1562 5288 1615 5344 pro
1632 5273 1756 5330 utilitate
1766 5273 1832 5329 ani-

116 5357 153 5412 ria
168 5361 404 5432 suspenduntur,
421 5375 571 5432 suspense
592 5362 750 5433 implentur
763 5378 838 5435 aqua
855 5380 946 5436 prope
1000 5376 1114 5415 marum
1130 5364 1309 5428 nostrarum,
1330 5358 1439 5430 talique
1463 5358 1571 5416 affectu
1595 5362 1753 5434 inchoasti,
1769 5378 1839 5432 per·

116 5448 722 5524 aqueductumiladeducunturabsque
737 5453 946 5525 laboransque
1000 5450 1110 5505 ducere
1124 5449 1229 5520 possis
1245 5448 1281 5503 ad
1297 5450 1592 5506 consummationem.

140 5623 177 5694 (8)
196 5622 380 5684 Mandatum.
397 5626 463 5684 Vox
480 5629 694 5702 ecclesiastica,
713 5647 767 5705 pro
782 5630 893 5690 lotione
908 5630 1016 5705 pedum
1032 5631 1172 5700 sumitur,
1189 5631 1259 5706 qnia
1273 5636 1342 5691 tunc
1353 5632 1468 5691 canitur
1482 5633 1642 5711 antiphona
1656 5633 1830 5696 Mandatum

114 5697 273 5773 novando,
284 5702 352 5773 etc,
368 5714 406 5758 ex
420 5699 563 5778 Evangel.
