3900 6112
124 329 180 393 ⁴5³

385 325 557 391 CONTRA
573 320 828 388 GUIBERTUM
850 322 1105 385 ΑΝΤΙΡΑΡΑΜ
1128 322 1242 386 LIBRI
1265 324 1365 388 DUO.
1388 361 1424 370 -
1451 324 1529 388 LIB.
1554 326 1579 388 1.

1782 332 1842 391 454

123 523 227 578 Vitalio
244 525 380 595 loquere,
397 525 426 577 et
443 535 628 594 quaecunque
643 518 730 574 vobis
746 518 808 573 Deo
823 518 958 589 adjutore
975 509 989 564 l
1013 519 1105 583 (Hom.
1116 522 1188 587 xm).
1204 544 1215 567 ι
1230 520 1394 575 tlelendcre
1409 522 1550 591 pupillum
1566 526 1594 578 et
1606 525 1723 581 viduam
1738 531 1840 599 armis,

122 629 170 683 pro
186 613 315 668 utilitate
331 611 504 683 reipublicae
529 610 666 664 steterint
686 607 788 673 tacite,
810 612 837 661 et
862 607 888 660 si
911 607 958 660 hic

122 701 164 756 vel
183 701 221 755 ad
245 702 436 757 Ravennates
455 701 555 771 partes
569 712 623 751 nec
638 696 794 752 dicendum
810 694 955 749 hriullnm

124 790 327 861 cognoveritis
349 804 521 856 excurrere,
545 801 599 842 ros
621 802 638 840 a
661 787 752 840 dorso
777 783 854 855 ejus,
881 785 958 837 sicut

124 880 200 934 ciros
218 879 316 934 sortes
330 877 484 945 concedet,
506 876 647 931 laborate.
666 899 677 922 ι
695 874 765 928 ltcm
781 873 913 927 bleinino
929 873 958 925 et

126 966 265 1022 t'italianc
283 968 361 1021 inter
374 970 497 1021 caetera:
513 964 666 1019 aGloriosi
683 963 743 1023 tilii,
762 966 855 1016 cstotc
872 961 956 1015 solli-

125 1056 176 1121 citi,
188 1056 272 1127 quia,
283 1058 425 1126 quantum
436 1053 566 1124 conipcri
578 1053 692 1107 hostem
703 1051 856 1106 collectnm
868 1050 956 1102 hebet

126 1148 182 1199 cttn
195 1144 325 1199 marinis
337 1143 446 1197 dicitur
456 1142 600 1209 residere,
611 1146 641 1196 ut
653 1141 680 1194 si
691 1141 747 1192 hnc
765 1155 885 1192 cursum
895 1137 955 1190 llcc

125 1232 172 1287 sibi
189 1233 269 1287 irato
285 1232 403 1287 mittere
412 1231 547 1295 voluerit,
560 1244 614 1284 ros
631 1229 728 1283 locum
745 1227 851 1297 ipsius,
864 1242 954 1296 qnan-

125 1325 176 1377 tum
192 1321 343 1375 Dominus
359 1319 515 1390 adjuverit,
531 1317 708 1388 depraedate.
728 1340 739 1363 ι
756 1314 870 1381 Quibus
888 1315 955 1367 dili-

126 1411 222 1481 gcnter
237 1409 419 1479 perspectis,
431 1408 511 1462 scies
527 1422 583 1460 nos
598 1406 751 1460 veritatem
767 1404 884 1469 docere,
897 1419 955 1456 ιιιιιι

127 1497 501 1567 pseudopraedicaticnibus
510 1493 666 1563 dedocere,
675 1496 703 1548 et
715 1497 742 1548 te
751 1508 805 1563 pro
817 1492 956 1560 superbia

130 1586 328 1655 hreprobum
343 1584 481 1640 traditum
496 1598 630 1651 sensum,
642 1586 746 1636 sancto
762 1580 840 1634 l’atri
853 1585 956 1634 nostro

131 1674 230 1728 crimen
255 1674 450 1743 imposuisse,
467 1676 495 1726 ct
519 1671 596 1726 dicta
622 1674 793 1724 sanctorum
817 1670 954 1735 t‘atrnm,

133 1777 185 1832 qus
199 1762 231 1817 iu
247 1761 440 1832 epistolatus
456 1760 597 1831 posuisti,
614 1775 671 1814 non
689 1758 882 1812 intellexisse.

158 1851 226 1906 llaec
248 1854 280 1906 et
301 1849 350 1904 bis
370 1849 478 1903 similia
503 1847 713 1919 praedicamus,
734 1849 761 1900 ct
783 1861 849 1899 cum
865 1845 955 1898 multo
971 1882 991 1935 μ

133 1939 220 1994 dolore
241 1939 348 1995 cordis
373 1939 409 1994 ab
435 1937 482 1991 his
506 1936 737 1991 necessitatibus
753 1934 865 1988 nostris
881 1933 954 2003 eripi
979 1925 991 1935 ‘

135 2027 301 2095 meminus,
320 2030 350 2081 et
364 2026 401 2080 ad
416 2026 573 2079 Dominum
589 2025 682 2079 Deum
697 2026 832 2077 nostrum
848 2021 884 2075 dc
899 2022 955 2074 ista

136 2117 312 2172 tribulatione
327 2116 500 2183 clamamus,
516 2120 546 2168 ut
560 2128 616 2168 ros
632 2113 781 2166 humiliter
796 2112 853 2165 suh
869 2126 955 2163 uranu

135 2218 173 2259 sua
196 2206 324 2276 diesque
344 2208 464 2258 nostros
487 2204 516 2257 in
542 2218 595 2257 sua
618 2217 691 2271 pace
714 2202 861 2270 disponat.
882 2202 954 2251 ttnrn

134 2294 209 2349 nitito
219 2293 371 2365 siquidem
381 2292 482 2347 dolere
494 2297 576 2347 secat
590 2291 656 2361 pius
673 2290 818 2356 modicus,
828 2289 856 2341 ni
872 2303 954 2340 seeo-

130 2387 173 2447 ac,
189 2384 386 2449 moriturum
408 2397 474 2436 cum
497 2381 598 2435 multis
622 2378 760 2449 lacrymis
780 2378 852 2448 ligat
873 2380 956 2446 pater

127 2468 210 2525 ilium
226 2472 444 2541 phreneticum,
467 2470 546 2523 Dans
561 2469 688 2538 deniqne
705 2467 828 2538 gloriam
845 2464 955 2519 nemini

121 2554 235 2614 Domini
250 2560 369 2613 lactatur
383 2558 487 2630 justus
507 2574 574 2612 eum
589 2556 667 2610 videt
683 2555 841 2609 vindictam
858 2553 953 2621 (l’sal.

117 2654 196 2719 ivn),
212 2649 267 2702 sed
283 2650 382 2702 tamen
397 2647 526 2701 animum
543 2646 610 2716 ejus
626 2658 745 2712 semper
760 2643 871 2696 cruciat
886 2657 954 2710 per-

110 2738 250 2792 euntium
268 2736 368 2790 multa.

153 2826 267 2880 t'erum
282 2825 400 2895 quidem
416 2827 462 2877 est
484 2824 551 2895 quia
576 2838 630 2877 nec
650 2838 703 2892 pro
725 2821 839 2892 justitia
858 2820 953 2872 terrea

103 2922 197 2967 nima
214 2914 327 2983 corripi
344 2928 521 2967 concessum
532 2917 588 2980 est,
601 2911 655 2965 scd
671 2912 791 2980 propter
806 2924 849 2975 sc,
863 2923 954 2979 quan-

104 2997 178 3056 tum
194 3004 232 3056 ad
244 3002 372 3073 iustitiae
387 3001 610 3071 perfectionem,
629 3003 770 3070 quantum
790 2999 903 3065 spectat
918 2995 953 3047 ud

103 3085 227 3145 domus
243 3091 297 3144 Dei
313 3091 463 3163 decorem.
480 3090 542 3143 Nec
558 3089 613 3143 hoc
629 3087 748 3158 quidem
765 3085 861 3139 laudat
877 3085 953 3152 Apo·

103 3181 216 3234 scotus
241 3180 320 3250 quod
351 3179 554 3233 contentiones
577 3177 636 3231 sint
656 3177 732 3229 inter
756 3178 876 3228 sanctos
901 3172 954 3226 scd
978 3237 989 3252 Ἃ

103 3265 217 3322 tamen
233 3268 306 3322 dixit
326 3283 332 3321 :
352 3292 362 3313 ι
381 3265 624 3336 contemptibiles
642 3266 692 3335 qui
712 3269 777 3318 sunl
797 3264 872 3316 inter
888 3275 953 3330 xes,
981 3276 989 3291 ³

103 3357 291 3411 constituite
314 3356 350 3410 ad
370 3355 563 3427 judicandum
583 3353 610 3422 (I
634 3352 701 3407 Cor.
723 3353 773 3422 vr).
796 3375 806 3397 ι
829 3350 864 3405 Et
887 3365 953 3403 cum

106 3455 225 3500 omncs
241 3446 330 3500 vellet
345 3459 414 3499 esse
430 3445 507 3499 sicut
526 3443 670 3514 scipsum,
689 3440 823 3495 concedit
837 3439 953 3492 tandem

109 3529 953 3604 utpropterincontinentiamunusquisqnehalreatsuam

108 3630 255 3691 uxerem,
266 3626 295 3677 ct
307 3626 337 3677 ut
348 3622 393 3675 vir
408 3623 492 3677 uxori
503 3626 530 3676 ct
542 3636 616 3676 uxor
632 3621 696 3674 ciro
710 3619 840 3673 debitum
852 3617 955 3671 reddet

110 3710 150 3775 (Ι
161 3712 229 3766 Cor.
246 3714 310 3781 ιιιι).

156 3798 227 3854 [lum
249 3800 366 3854 Veritas
392 3800 457 3869 ipsa
481 3800 509 3852 in
531 3797 693 3869 Evangelio
713 3794 951 3866 praemississet:

120 3910 136 3933 ι
149 3887 245 3942 Nolite
255 3888 357 3959 jurare
368 3888 630 3955 omnincldlatcch.
644 3888 684 3957 v),
696 3909 707 3935 ι
720 3891 748 3940 ct
759 3902 764 3938 :
776 3907 787 3931 ι
800 3885 843 3938 Sit
854 3898 954 3936 sermo

122 3983 233 4045 uester,
252 3976 519 4045 est,uon(1bid.),
538 4000 549 4022 ι
568 3975 699 4030 subdidit
714 3979 810 4028 tamen
825 3973 926 4026 dicens
946 3987 952 4025 :

124 4084 137 4113 ι
152 4067 233 4131 Quod
250 4066 377 4135 amplius
393 4071 449 4135 est,
466 4065 573 4118 aninlo
589 4066 635 4118 est
649 4063 761 4133 (thid),
775 4086 786 4109 ιι
802 4061 953 4115 nonenim

125 4153 201 4223 dixit,
220 4156 330 4208 malum
345 4159 401 4224 est,
419 4155 482 4220 sed,
498 4178 508 4201 ι
525 4170 541 4207 a
561 4153 646 4221 malo,
663 4175 673 4200 ιι
687 4168 721 4206 ιο
737 4152 762 4204 si
778 4150 904 4203 dixerit:
922 4148 953 4202 Si

127 4241 221 4311 jurare
233 4258 361 4298 necesse
372 4242 469 4311 luerit,
480 4246 508 4297 et
519 4243 594 4296 insto
607 4239 817 4294 incredulitatis
830 4238 953 4292 alierum

132 4333 281 4402 compulsi,
297 4330 405 4402 jurate,
423 4346 480 4385 non
497 4333 562 4384 sinc
578 4345 679 4398 cause,
696 4345 755 4383 uon
769 4327 888 4397 propriu
903 4342 952 4380 vo·

133 4417 240 4476 lentate.
257 4448 267 4468 ι
283 4421 358 4475 illuc
373 4425 419 4474 est
436 4420 513 4490 quod
530 4420 648 4490 Moyses
661 4419 953 4487 protcmpcrmnento

134 4508 269 4577 vindicte,
289 4531 301 4556 ι
318 4510 447 4577 oculum,
464 4509 567 4579 inquit,
586 4522 638 4577 pro
654 4508 750 4574 oculo,
768 4505 884 4559 dentem
900 4520 954 4572 pro

1012 609 1097 662 etium
1124 609 1309 677 carnalibus,
1332 610 1408 664 tueri
1428 615 1559 665 sanctam
1579 612 1757 687 Ecclesiam,
1783 635 1840 673 non

1015 713 1078 763 eos,
1095 699 1188 769 quiin
1204 715 1294 752 causa
1310 703 1393 769 sunt,
1411 699 1464 753 sed
1487 699 1544 754 nisi
1560 716 1612 769 pro
1628 707 1774 759 communi
1790 722 1840 761 re·

1012 786 1145 856 publica,
1171 788 1227 842 sub
1247 803 1373 857 quornm
1402 787 1545 859 regimine
1569 795 1638 844 snm
1663 793 1841 850 universalis

1012 873 1156 929 Ecclesiae
1172 877 1317 946 cupimus.
1328 876 1484 929 Pecuniam
1499 894 1599 931 eornm
1617 883 1644 932 et
1660 883 1767 934 terrem
1784 898 1842 937 non

1013 965 1263 1033 concupiscimus,
1277 964 1372 1018 sedni
1385 964 1749 1037 thesmnizentimpiorum
1767 971 1842 1024 divi-

1012 1053 1059 1106 tiae
1072 1052 1175 1121 justis,
1184 1058 1211 1106 ct
1222 1053 1315 1121 spolia
1328 1053 1481 1121 impiorum
1493 1054 1593 1107 tollant
1605 1055 1690 1125 justi,
1701 1074 1734 1111 ca
1746 1064 1842 1115 lamen

1012 1140 1172 1194 intentione
1193 1145 1223 1194 ut
1247 1157 1299 1195 cus
1325 1142 1430 1194 lucrari
1454 1144 1584 1210 possint,
1611 1149 1638 1198 ct
1663 1162 1721 1200 non
1746 1149 1842 1203 solum

1011 1244 1078 1299 quae
1093 1228 1208 1282 illorum
1225 1231 1307 1296 sunt,
1329 1230 1382 1283 sed
1402 1230 1499 1282 omnic
1522 1231 1608 1284 ctiam
1628 1248 1682 1286 sua
1698 1235 1727 1287 in
1743 1236 1842 1290 chari-

1010 1320 1068 1370 tate
1085 1317 1264 1371 distrilmant
1284 1333 1472 1391 summopere
1496 1320 1661 1391 satagimus
1677 1327 1705 1376 et
1721 1323 1841 1378 deside·

1012 1422 1121 1459 ramus.

1048 1494 1114 1548 Non
1128 1495 1225 1565 itaque
1242 1495 1399 1550 adversum
1415 1512 1470 1550 nos
1486 1497 1590 1551 clamat
1606 1500 1730 1570 salignis
1746 1501 1840 1556 Saxo·

1012 1600 1095 1648 num,
1117 1584 1169 1637 scd
1195 1589 1296 1637 contra
1318 1600 1372 1637 ros
1396 1599 1462 1638 cum
1487 1587 1627 1641 universo
1647 1590 1769 1655 munde,
1791 1592 1841 1661 qui

1011 1672 1135 1726 sceleris
1152 1673 1243 1725 vestri
1266 1671 1332 1726 tube
1354 1672 1508 1727 inhorruit.
1524 1675 1635 1730 Clamat
1650 1678 1765 1746 coelum,
1783 1679 1841 1731 cla-

1010 1765 1069 1813 mat
1085 1765 1174 1826 terra,
1185 1760 1290 1814 clamat
1301 1762 1397 1814 omnis
1414 1760 1548 1816 Ecclesia
1562 1763 1720 1833 justorum,
1732 1770 1760 1820 et
1775 1783 1840 1836 quae

1010 1849 1106 1902 adhuc
1122 1850 1337 1920 peregrinatur,
1359 1853 1387 1903 et
1409 1867 1475 1920 quie
1493 1850 1554 1920 jum
1575 1868 1641 1906 cnm
1656 1854 1773 1909 Christo
1795 1872 1840 1910 rc·

1011 1942 1095 2007 gnnt;
1108 1938 1212 1991 clamat
1221 1939 1367 2007 maistas,
1377 1938 1481 1992 clamat
1490 1940 1637 2009 l’atcrpro
1649 1941 1765 2011 Sponsa
1775 1944 1840 1998 l'ith

1011 2028 1068 2092 sui,
1088 2026 1193 2079 clamat
1208 2027 1336 2097 Spiritus
1354 2032 1475 2081 sanctus
1496 2029 1544 2098 qui
1568 2030 1698 2098 qnotidie
1712 2034 1841 2100 postulat

1011 2131 1063 2184 pro
1079 2132 1111 2168 ca
1128 2116 1287 2186 gentitibus
1305 2116 1552 2170 inenarrabilibus
1568 2118 1577 2185 l
1587 2119 1668 2172 Ilom.
1686 2130 1761 2189 xm).
1780 2122 1840 2176 Vos

1011 2203 1156 2273 siqnidem
1168 2203 1332 2257 Ecclesiam
1349 2204 1463 2257 laniatis
1473 2208 1501 2257 et
1512 2205 1657 2273 scinditis,
1666 2209 1714 2276 qni
1727 2214 1839 2277 partem

1012 2296 1138 2344 vestram
1154 2292 1191 2344 ab
1206 2291 1273 2360 ejus
1285 2292 1393 2345 unitate
1406 2292 1585 2360 praecidistis
1600 2309 1723 2364 eumque
1739 2298 1840 2352 crude·

1011 2381 1068 2432 lius
1085 2380 1181 2450 gladio
1198 2380 1369 2433 schismatis
1386 2395 1473 2449 qnam
1492 2381 1663 2436 idololatriac
1680 2385 1793 2438 scelere
1809 2386 1838 2439 in

1010 2468 1104 2522 frusta
1121 2468 1303 2534 concidistis,
1312 2468 1410 2537 uljam
1423 2485 1480 2522 nou
1490 2485 1556 2522 cum
1568 2471 1671 2540 granis
1682 2474 1773 2542 palca,
1785 2476 1837 2529 scd

1010 2573 1135 2627 praeciso
1147 2574 1161 2608 a
1172 2559 1229 2610 vite
1245 2558 1274 2610 in
1289 2557 1387 2628 ignem
1404 2557 1599 2628 projiciantur
1609 2567 1766 2616 sarmenta.
1776 2563 1838 2617 Vos

1010 2647 1086 2699 enim
1100 2646 1242 2700 Ecclesiae
1253 2646 1416 2714 catholicae,
1425 2662 1512 2716 quum
1521 2647 1674 2701 invasistis
1684 2665 1737 2718 per
1747 2654 1839 2706 totum

1010 2736 1234 2806 reginumquod
1246 2735 1313 2805 quia
1326 2735 1404 2788 intus
1421 2735 1536 2805 cecidit,
1545 2736 1617 2790 loris
1629 2738 1678 2790 diu
1690 2743 1768 2793 sture
1779 2755 1838 2795 ιιοιι

1010 2825 1126 2892 poterit,
1135 2824 1264 2877 membra
1275 2824 1449 2891 distrahitis,
1458 2829 1484 2877 et
1496 2825 1526 2878 in
1537 2826 1708 2879 servitutem
1721 2829 1838 2883 reducta

1010 2912 1095 2982 quasi
1111 2913 1168 2966 vile
1184 2912 1360 2980 criencipimn
1372 2914 1401 2965 in
1413 2916 1544 2966 vestrum
1555 2913 1715 2967 dominium
1732 2917 1840 2987 redigi·

1009 3001 1058 3067 tis,
1069 3005 1096 3054 et
1113 3000 1202 3054 divini
1217 3001 1295 3071 jirris
1311 3001 1473 3053 libertatem
1485 3006 1584 3055 vestro
1600 3003 1744 3073 obsequie
1759 3021 1838 3058 ιιιιιιι-

1010 3089 1125 3158 cipatis,
1143 3089 1275 3142 dicentes
1291 3089 1387 3142 omniu
1405 3089 1591 3156 imperatoris
1602 3090 1664 3159 juri
1680 3107 1748 3145 esse
1764 3095 1838 3148 sub-

1008 3176 1097 3247 jecta,
1122 3177 1321 3246 episcopatus,
1347 3176 1491 3243 chhutias,
1519 3192 1622 3231 omncs
1642 3180 1759 3234 omnino
1785 3182 1838 3236 Dei

1010 3266 1166 3333 ecclcsiae,
1183 3281 1249 3320 eum
1266 3266 1408 3319 Dominus
1422 3265 1514 3318 dicut:
1536 3289 1546 3312 ι
1558 3265 1728 3347 ,Ειιιίιειιιιιι
1744 3285 1838 3325 meam

1009 3354 1131 3423 (allaim.
1157 3357 1233 3424 xvi),
1259 3355 1424 3408 colundium
1453 3370 1547 3409 meam
1571 3355 1669 3423 (Cant.
1695 3359 1740 3426 n),
1764 3374 1837 3414 arcs

1009 3460 1090 3497 meas
1106 3445 1205 3511 (dean.
1222 3448 1297 3512 xxi).
1318 3465 1328 3493 ι
1348 3444 1457 3498 Paulus
1472 3444 1561 3498 dicit:
1577 3467 1588 3491 ι
1606 3445 1698 3499 Nemo
1714 3449 1840 3502 assumit

1009 3533 1067 3586 sibi
1083 3533 1234 3603 honorem,
1253 3534 1310 3587 nisi
1326 3534 1376 3604 qni
1397 3536 1519 3588 vocatus
1534 3539 1579 3588 est
1595 3551 1610 3587 a
1628 3535 1686 3589 Deo
1702 3538 1839 3608 tunquam

1009 3623 1106 3675 Aaron
1119 3622 1224 3690 (Hebr.
1237 3624 1275 3691 r).
1290 3646 1300 3669 ιι
1317 3622 1347 3676 ln
1363 3626 1445 3693 partc
1461 3628 1508 3676 tua
1520 3625 1588 3694 quis
1603 3625 1839 3695 praelicitur,nisi

1009 3724 1097 3780 quem
1116 3713 1166 3765 aut
1190 3713 1281 3782 gratia
1306 3712 1451 3766 exhausto
1475 3712 1591 3781 lcnore,
1615 3713 1662 3766 vcl
1686 3730 1794 3769 munus
1823 3732 1839 3769 a

1008 3814 1107 3866 manu,
1123 3800 1169 3852 rel
1186 3816 1293 3854 munus
1309 3817 1324 3853 u
1340 3801 1451 3873 lingua,
1462 3801 1508 3854 vcl
1520 3817 1627 3856 munus
1643 3802 1678 3855 ab
1695 3804 1838 3874 obsequio

1009 3888 1180 3941 attraxerit?
1191 3888 1263 3952 Quis
1279 3890 1421 3957 moribus,
1432 3890 1500 3958 quis
1516 3889 1680 3958 honestate,
1691 3893 1758 3960 quis
1771 3893 1839 3948 vitae

1009 3976 1176 4046 integritate
1193 3977 1332 4047 cligitur?
1347 3978 1550 4049 Persequendi
1564 3983 1633 4033 sunt
1651 3981 1747 4050 itaque
1764 3981 1838 4051 lupi,

1009 4065 1120 4118 vitandi
1136 4069 1206 4119 sunt
1220 4065 1352 4119 universi
1368 4066 1417 4135 qui
1433 4067 1470 4120 ed
1486 4067 1551 4133 hoc,
1567 4071 1597 4120 ut
1612 4067 1742 4122 haeretici
1759 4072 1837 4137 liant,

1009 4156 1230 4223 promoventur,
1248 4154 1297 4223 qui
1317 4154 1426 4222 lcpram
1451 4154 1531 4208 Giezi
1554 4170 1620 4207 cum
1644 4155 1754 4209 divitiis
1775 4159 1839 4212 suis

1009 4241 1173 4310 possident,
1189 4245 1227 4309 el,
1245 4242 1318 4295 mala
1335 4242 1461 4312 quaesita
1478 4242 1622 4311 mercede,
1639 4259 1697 4297 non
1713 4248 1769 4297 tam
1785 4261 1838 4315 pa-

1009 4330 1178 4384 trimonium
1195 4330 1363 4384 facultatum
1385 4346 1472 4400 quam
1496 4331 1669 4385 thesaurum
1685 4332 1839 4387 criminum

1010 4423 1240 4490 congregarunt.

1044 4511 1117 4573 Quia
1129 4510 1225 4580 itaque
1235 4525 1289 4564 nec
1301 4510 1395 4581 gratis
1409 4510 1496 4578 dutiS,
1509 4527 1562 4565 nec
1578 4511 1671 4583 gratis
1681 4511 1838 4581 accepistis

82 4560 86 4653 i
136 4594 206 4651 deute
222 4597 332 4667 (Exod.
350 4600 424 4665 xxi),
445 4620 456 4644 ι
474 4600 504 4650 ut
519 4597 707 4651 clementiore
724 4595 778 4648 hac
794 4594 840 4646 ria
855 4591 988 4664 cripe-[l
1010 4598 1221 4667 (.·tlactl1.xt,et
1237 4615 1251 4651 a
1268 4599 1413 4653 mandatis
1426 4600 1540 4654 lloniini
1551 4599 1838 4667 declinantesmulc-

137 4688 170 4738 rct
179 4686 334 4741 occidendi
348 4685 525 4740 facultatem.

164 4773 274 4829 L'tinum
290 4791 348 4829 non
363 4779 445 4830 essct
456 4774 622 4828 colluctatio
633 4771 793 4827 Catholicis
808 4772 953 4824 aduersus

139 4874 241 4918 carnem
251 4870 279 4918 ct
291 4865 468 4935 sauguinem
477 4863 598 4934 (Ephes.
609 4867 697 4931 vigui
709 4861 798 4932 quieti
810 4859 952 4927 viverent,

139 4954 159 5001 ct
174 4955 259 5008 tantas
284 4952 476 5023 perfectionis
500 4957 616 5020 essent,
641 4955 671 5004 ut
701 4946 804 5005 cinnes
830 4950 954 5019 palmam

140 5043 252 5112 martyrii
269 5042 483 5111 desiderarent,
494 5045 522 5094 et
536 5056 594 5095 non
605 5045 706 5095 essent
717 5054 793 5110 qnos
804 5037 953 5090 vindicare

139 5128 257 5186 minister
284 5131 334 5183 llei
354 5131 463 5185 vindex
487 5130 516 5183 in
541 5131 613 5183 iram
628 5129 669 5197 ei,
687 5129 735 5199 qui
757 5127 832 5179 mnlc
852 5129 952 5197 ageret

139 5211 257 5290 heberet,
276 5220 328 5291 qni
344 5234 400 5274 non
418 5220 482 5273 sine
499 5234 587 5273 causo
603 5218 733 5290 gladium
748 5220 842 5286 portat
858 5215 952 5277 (llam.

138 5309 197 5378 ιιι).
208 5309 272 5365 Nos
284 5324 357 5363 vcro
371 5309 398 5361 in
410 5308 519 5361 nullius
532 5309 677 5379 sunguine
693 5306 878 5373 mischinum,
889 5318 953 5371 ncc,

137 5402 296 5471 protegente
314 5398 385 5466 Dec,
396 5396 661 5465 miscebimus,nec
671 5396 707 5449 de
718 5395 883 5465 perditione
895 5407 954 5445 mo-

136 5483 257 5543 rientium
274 5484 637 5543 exsultemus.Vindica1·e
654 5484 801 5555 propriam
818 5482 955 5553 injuriam

135 5585 226 5632 onnes
240 5576 450 5649 prohibemus,
460 5576 492 5630 ut
502 5574 584 5629 illum
599 5576 734 5645 spectent
748 5571 893 5639 iudicem,
905 5570 956 5641 qui

131 5664 276 5735 pollicetur
290 5664 412 5723 dicens:
427 5687 439 5712 ι
453 5663 524 5720 ΜίΙιί
541 5662 708 5734 vindictam,
721 5677 778 5739 ego
793 5660 955 5718 retribuam

1010 4686 1080 4739 dicti
1095 4688 1168 4740 estis
1184 4687 1281 4756 (Psal.
1299 4688 1415 4757 cxvm),
1430 4693 1458 4742 et
1473 4689 1541 4759 quia
1557 4705 1614 4743 non
1630 4688 1755 4742 obeditis
1772 4704 1839 4756 apo-

1010 4776 1125 4829 stolicis
1141 4777 1310 4847 praeceptis,
1327 4777 1521 4831 lormidamus
1539 4776 1726 4831 commisceri
1742 4776 1836 4830 vobis.

1010 4863 1085 4918 Dicit
1097 4880 1221 4935 nmnquc
1232 4865 1522 4942 beatushmhrosius
1533 4881 1539 4919 ε
1552 4888 1562 4911 ι
1577 4865 1606 4918 Si
1618 4880 1675 4935 qua
1684 4864 1838 4919 estEecle·

1009 4953 1063 5019 sia,
1075 4969 1141 5023 queo
1157 4955 1328 5023 apostolicae
1344 4956 1477 5008 recitatis
1496 4953 1681 5006 hindomenta
1698 4969 1755 5007 non
1767 4969 1839 5022 pcs·

1011 5041 1096 5107 sidet,
1108 5057 1143 5096 nc
1152 5058 1238 5112 qnam
1250 5043 1301 5096 tibi
1312 5042 1509 5111 lubempnssil
1519 5044 1666 5112 ingerere,
1675 5042 1840 5096 deserenda

1011 5132 1065 5183 est.
1076 5130 1129 5182 His
1142 5131 1219 5183 enim
1230 5131 1347 5202 legibus
1359 5130 1466 5197 adulta,
1479 5130 1587 5184 talibus
1598 5135 1643 5184 est
1655 5130 1840 5186 documentis

1010 5218 1140 5285 exculta,
1158 5219 1330 5289 hujusmodi
1349 5219 1582 5273 institutionibus
1604 5225 1649 5273 eal
1668 5223 1837 5292 propagata.

1009 5305 1062 5370 Qui
1080 5307 1126 5359 his
1146 5308 1331 5375 solverentur,
1348 5307 1397 5377 qm
1418 5307 1473 5360 istu
1496 5307 1678 5378 dissimulat,
1694 5309 1744 5379 qui
1764 5309 1840 5363 hanc

1010 5397 1143 5450 veritat-is
1155 5396 1305 5449 lucernum
1321 5395 1378 5449 sub
1393 5395 1491 5450 modio
1502 5395 1658 5451 abscondit
1669 5397 1788 5467 dilectu.
1799 5400 1838 5465 v),

1008 5501 1066 5540 non
1078 5488 1179 5556 pastor
1189 5484 1343 5554 Ecclesiae,
1355 5484 1408 5538 sed
1418 5485 1555 5539 inimicus
1566 5486 1675 5553 existit,
1685 5490 1712 5540 et
1727 5485 1763 5539 de
1773 5484 1841 5557 ejus

1008 5575 1145 5629 menibus
1162 5573 1347 5645 pereuntium
1368 5575 1544 5645 sanguinem
1559 5575 1702 5632 Dominus
1718 5574 1841 5644 requirit

1009 5664 1136 5738 (Enoch.
1154 5665 1210 5737 ιιι).
1229 5662 1260 5718 Si
1277 5678 1349 5741 ergo
1364 5661 1516 5721 Christum
1531 5678 1652 5723 causum
1665 5661 1840 5737 perditionis
