3908 6112
111 108 171 173 693

431 108 772 214 consunrttmrtrs
795 110 1118 194 CLUNIACENSES.
1136 128 1174 158 '—
1188 110 1316 175 LIBER
1338 113 1512 179 PRIMUS.

1772 116 1834 180 69⁴

107 294 981 379 tulumputsatum,adecclesiamconvenimus.Saaerdosl
1003 310 1832 385 turanobis.Superpsalmoevespertinalesantiphonae,

111 397 270 468 ceterique
284 397 412 453 ministri
436 401 592 470 postquam
616 398 726 455 luerint
748 400 846 455 vestiti
868 400 947 470 tquia

108 489 173 541 tnnc
196 487 291 541 oratio
315 503 374 542 non
397 487 429 542 tlt
449 488 478 542 in
502 489 621 558 choro),
642 490 798 559 pulsantur
814 489 900 559 signa
916 495 945 543 ut

110 575 201 629 missa
211 579 358 645 cantetur,
369 577 512 632 Dominus
523 577 600 633 dixit
611 577 649 632 ad
658 595 704 633 mc
717 594 723 633 τ
734 578 769 632 ad
780 594 867 650 quam
885 580 946 632 tras

111 668 247 720 cantores
264 665 366 735 cappis
381 666 473 720 induti
490 667 568 720 sicut
583 667 671 721 etiam
687 667 723 721 ad
745 668 875 734 alteram,
902 670 947 721 te-

114 755 179 808 nent
195 752 332 820 chorum,
349 753 486 824 utrinque
502 755 620 809 illorum
632 756 809 810 candelabra
819 759 884 810 sunt
897 772 948 826 po-

114 843 176 911 sita,
188 846 217 897 et
229 842 948 915 supereacereisplendentes;hiantemqnican·

114 930 198 985 taturi
209 934 280 985 sunt
290 933 517 1002 responsorium
528 933 572 987 vel
586 933 712 1000 alleluiu,
722 936 949 1003 postquamean·

114 1019 948 1093 laverintquodsibiestdestiuatum,adjunguutnrtribus

116 1108 295 1178 supradictis
305 1108 479 1163 cantoribus
490 1125 548 1165 nna
559 1109 668 1164 recturi
678 1109 801 1164 chorum
812 1128 819 1175 ;
832 1110 910 1181 quod
921 1111 949 1164 et

116 1196 142 1250 in
157 1197 298 1267 sequenti
308 1197 401 1252 missa
413 1198 549 1252 similiter
561 1198 623 1252 lieri
641 1198 726 1253 solet.
747 1199 818 1253 Post
833 1198 949 1253 ullcluia

116 1283 433 1356 sequentiajubilatur,
462 1285 558 1341 Credo
582 1290 724 1354 cantatur,
745 1303 801 1340 una
829 1284 951 1341 offertur

118 1373 221 1441 hostia,
231 1377 260 1429 at
271 1389 329 1443 pax
339 1375 375 1428 ab
392 1389 449 1428 uno
460 1375 608 1445 recipitur.
625 1374 785 1429 Cantautur
800 1376 950 1429 matutinae

116 1462 217 1515 laudes
238 1480 245 1527 ;
270 1461 403 1530 collecta,
430 1462 566 1518 Concede
589 1480 752 1536 quesumus
768 1465 951 1535 omnipotens

117 1549 826 1623 Deus;desnliregiissanctorumnihilomittitur,
837 1569 891 1607 nec
909 1553 950 1607 illi

1003 397 1103 453 Sinite
1112 399 1263 471 parrulos,
1276 400 1387 472 Arpeli
1397 416 1507 470 eornm,
1516 400 1578 456 Sub
1591 402 1836 473 tlrrouoDei,Can

1007 487 1109 541 tabant
1120 489 1226 543 saneti.
1243 490 1307 544 Duo
1318 494 1478 560 sequentes
1489 490 1563 558 dies,
1581 491 1607 544 si
1622 495 1718 546 tamon
1734 496 1839 546 neuter

1004 579 1051 630 est
1066 577 1237 631 Dominicus
1253 578 1336 645 dics,
1355 579 1557 633 assimilantur
1572 578 1613 632 illi
1631 580 1740 649 quintae
1756 581 1839 636 leriae

1004 662 1050 716 vel
1066 668 1160 718 sextae
1176 680 1242 734 quae
1257 668 1303 718 est
1318 665 1347 718 iu
1364 663 1478 734 majore
1488 665 1612 719 Paschae
1624 666 1797 736 septimana.
1808 667 1839 722 ln

1005 751 1102 821 priore
1118 756 1202 806 nocte
1220 753 1426 822 pronuntiatur
1441 752 1635 825 Evangelium
1655 754 1742 808 Exiit
1756 754 1839 809 edic·

1007 841 1842 912 trunsedaliaseqniturlromiliaqnamilla,scilicetsane·

1004 928 1288 1000 tiGrcgorii3missae
1300 929 1422 1000 majoris
1436 930 1629 999 estollrcium,
1643 931 1786 986 Dominus
1796 931 1841 986 di·

1005 1018 1060 1071 xit.
1073 1017 1198 1072 lunocto
1212 1019 1343 1073 secunda
1359 1017 1563 1090 Evangelium,
1580 1019 1727 1075 Pastores
1743 1019 1841 1092 loque·

1005 1106 1124 1175 bantur3
1133 1104 1324 1175 offertorium,
1335 1105 1542 1178 Lnxlulpebit.
1554 1107 1840 1180 Exceptoquodipse

1005 1195 1142 1249 introitus
1152 1197 1280 1248 mutatur
1298 1210 1364 1248 cum
1380 1195 1510 1265 introitu,
1527 1195 1610 1251 Puer
1626 1201 1712 1251 natus
1732 1202 1788 1251 est.
1810 1196 1842 1251 ln

1006 1283 1053 1338 die
1064 1284 1148 1338 tertia
1158 1287 1203 1337 est
1215 1283 1364 1353 Depositio
1380 1283 1410 1338 S.
1428 1284 1573 1355 Sylrestri
1589 1301 1673 1357 papae
1687 1284 1843 1340 duodecim

1005 1372 1185 1427 lectionibus
1200 1372 1325 1443 agenda.

1042 1460 1193 1532 Interroq.
1214 1460 1289 1525 Quid
1309 1465 1364 1526 est,
1386 1461 1573 1530 charissime,
1594 1463 1684 1533 quod,
1701 1465 1843 1533 quantum

1006 1550 1104 1619 video,
1115 1549 1315 1604 nihilomnino
1327 1550 1373 1603 vis
1384 1550 1420 1604 de
1434 1551 1602 1621 antiphonis
1611 1550 1723 1606 referre
1732 1553 1746 1605 ‘l
1755 1551 1845 1616 Quin·

119 1639 171 1693 duo
187 1639 477 1710 familiarespsalmi,
488 1641 538 1712 qui
551 1641 580 1696 in
592 1642 898 1697 omnibusduodecim
914 1642 952 1697 le·
967 1668 988 1726 Β
1008 1639 1077 1708 imo,
1088 1640 1113 1693 si
1121 1639 1257 1693 tantinon
1274 1639 1482 1709 aestimaveris,
1492 1645 1523 1693 ut
1539 1641 1653 1708 lateris,
1667 1644 1846 1712 rogamusut

120 1726 633 1798 etiouibushorasscquuntur.lmus
650 1731 679 1784 in
693 1730 952 1785 dormitoriumali·

120 1815 290 1886 quantulum
298 1818 460 1886 pausaturi.
477 1816 549 1872 Cum
566 1819 663 1872 visum
673 1818 760 1873 tuerit
773 1819 890 1874 custodi
900 1834 951 1874 cc-

122 1903 229 1972 clesiae,
246 1905 352 1959 iterum
363 1905 461 1976 majus
473 1906 591 1978 signum
601 1909 746 1977 pulsatur,
758 1911 788 1962 ut
798 1908 951 1962 veniamus

122 1992 154 2046 ad
170 1993 339 2048 ecclesiam.
361 1994 455 2049 Missa
475 2010 541 2066 quae
560 1998 606 2050 est
625 1996 802 2051 celebranda
824 2012 858 2052 ea
875 1996 950 2065 vico,

122 2081 952 2155 puerieintrantihuS,praeveniturorationa.Quaecunque

122 2186 171 2240 pro
186 2170 314 2225 solemni
323 2171 422 2227 oisscio
434 2176 548 2228 cantata
558 2175 628 2229 sunt
636 2173 671 2226 ad
682 2174 821 2243 priorem,
830 2177 951 2227 cantan-

122 2260 166 2312 tur
180 2259 252 2314 etad
263 2259 362 2328 istam,
374 2262 436 2316 tres
447 2261 553 2317 hostiae
565 2260 729 2317 offeruntur
737 2266 765 2316 et
775 2278 952 2317 consecran-

118 2349 175 2417 tur,
184 2351 215 2402 nt
226 2348 253 2402 si
261 2348 329 2418 quis
338 2348 608 2421 fratrumvoluerit,
618 2352 951 2421 possitcommunicare.

123 2435 213 2493 Paxa
228 2439 401 2492 eunctisest
415 2439 596 2510 accipienda.
614 2439 656 2494 Eo
673 2439 721 2494 die
738 2456 796 2494 uon
820 2441 953 2494 cantatur

119 2525 176 2578 alia
199 2526 294 2580 missa
315 2527 506 2583 matutinalis.
534 2529 633 2584 Primo
659 2529 746 2600 signo
776 2529 812 2582 ad
837 2529 953 2583 tertium

120 2617 237 2684 sonato,
260 2617 290 2670 et
313 2616 444 2670 oratione
467 2616 554 2688 iacta,
577 2617 652 2672 albis
668 2618 846 2690 generaliter
860 2617 953 2672 vesti-

121 2718 188 2757 mur
203 2706 261 2774 ;et,
274 2704 352 2759 sicut
359 2705 448 2777 longe
458 2707 598 2777 superius
609 2707 728 2761 memini
738 2706 863 2776 dixisse,
873 2706 899 2760 si
909 2708 955 2760 est

120 2791 187 2846 dics
210 2792 374 2863 Dominicn,
387 2794 484 2848 statim
500 2794 617 2865 agimus
628 2795 863 2865 processionem,
884 2798 913 2849 et
928 2795 953 2849 si

120 2884 167 2935 est
183 2880 251 2949 alin,
261 2884 329 2951 post
344 2883 469 2950 tertiam,
481 2883 576 2953 primo
586 2884 790 2938 adecclesiam
806 2884 836 2938 S.
854 2883 954 2937 itariae

119 2985 190 3025 cum
204 2970 374 3041 antiphona,
401 2971 424 3026 0
441 2971 538 3048 Denta
559 2971 686 3027 infautia
704 2988 711 3043 3
727 2988 779 3043 per
793 2973 955 3027 claustrum
970 3029 991 3060 n

116 3059 290 3130 antiphona,
300 3058 429 3114 Ollaria
439 3060 614 3127 lessemlia,
627 3061 954 3134 Oquamcuslaltlater3

112 3147 155 3202 ard
169 3147 321 3203 introitum
336 3149 473 3203 ecclesiae
488 3150 722 3220 responsorium,
735 3150 897 3206 Descendit
918 3150 955 3205 de

118 3235 206 3290 cortis
226 3251 234 3305 3
257 3235 295 3290 ad
318 3235 435 3291 tertiam
451 3240 586 3292 cantatur
604 3237 713 3307 antiph.
731 3237 827 3293 Hodie
845 3239 956 3293 intaeta

131 3322 227 3396 Virpo.
244 3323 318 3378 Cum
330 3327 449 3379 ventum
474 3325 563 3381 luerit
578 3325 615 3379 ad
630 3341 696 3380 eum
717 3326 824 3394 locum,
849 3326 957 3381 Omnes

128 3411 277 3468 Cbristum
292 3413 459 3484 adoremus,
477 3413 553 3469 solet
567 3414 603 3470 ab
624 3415 763 3471 omnibus
778 3416 959 3488 generaliter

128 3502 205 3556 senia
220 3501 279 3572 peti
296 3502 430 3573 ,hymnis
458 3503 599 3558 horarum
616 3504 796 3577 adjungitur,
808 3505 959 3561 Memento

135 3588 238 3662 salutis,
254 3593 283 3647 et
309 3589 411 3647 Gloria
428 3592 494 3662 tibi,
513 3591 647 3648 Domine.

407 3679 533 3735 CAPUT
554 3681 669 3735 XLVll.

196 3767 237 3823 Dc
261 3770 375 3824 oetavis
389 3768 509 3824 Natalis
534 3770 652 3824 Domini
669 3775 699 3825 el
712 3771 888 3842 Epiphania.

172 3853 275 3912 [loturae
285 3856 400 3912 Natalis
412 3857 528 3911 Domini
536 3874 595 3913 non
612 3863 738 3930 possunt
749 3860 785 3913 ita
798 3861 953 3914 continua·

151 3939 531 4001 tincelebrarisicutoetavee
539 3947 959 4018 Dominicaeitesurreetionis,

151 4037 246 4102 propter
255 4037 475 4105 consequentes
486 4036 699 4105 solemnitates,
722 4038 751 4091 id
771 4040 826 4108 est,
845 4037 874 4091 S.
892 4038 958 4092 Ste-

154 4115 228 4193 phani,
239 4123 269 4179 S.
281 4123 418 4193 loannis,
429 4127 599 4180 sauctorum
614 4125 815 4181 Innocentium
833 4142 840 4196 3
852 4126 887 4182 de
896 4129 959 4199 qni·

155 4201 202 4278 bus,
211 4213 417 4286 sicntdignum
426 4217 482 4285 est,
493 4230 559 4269 cum
570 4215 705 4269 nocturni
717 4215 786 4269 liant
795 4216 882 4270 simul
894 4233 961 4271 cnm

155 4291 297 4371 tliiehoris,
307 4300 618 4371 ctol'ssciamissarum,
629 4303 664 4357 de
672 4303 766 4358 Natali
777 4304 962 4360 Dominisola

154 4381 192 4438 uir
210 4389 301 4445 missa
324 4390 506 4445 matutinalis
529 4391 673 4445 cantanda
695 4391 731 4445 ad
756 4393 915 4448 ecclesiam
930 4384 996 4449 S.D

153 4465 239 4547 Maria,
252 4478 281 4534 id
298 4479 355 4547 est,
376 4477 461 4535 l‘uer
476 4487 562 4534 natus
581 4490 627 4534 est
642 4496 648 4533 :
665 4480 702 4534 ad
720 4496 807 4551 quam
832 4485 960 4552 perires

154 4555 200 4618 dics
215 4566 280 4623 duae
295 4568 408 4622 tantum
424 4568 555 4624 collectae
575 4570 643 4624 sunt
654 4568 796 4636 dicendae,
808 4571 843 4624 de
855 4571 962 4625 nativi-

151 4646 314 4711 benammi
329 4658 358 4710 et
372 4655 409 4711 de
428 4656 550 4712 instanti
571 4657 755 4712 solemnitate
775 4674 782 4727 ;
795 4664 962 4715 nontamen

150 4737 175 4792 ul
184 4757 266 4798 unum
274 4743 501 4801 PerDominnm
511 4751 654 4810 nostrum,
666 4749 734 4815 ete,
746 4746 824 4802 sieut
836 4749 921 4803 etiarn
934 4746 963 4804 iii

149 4822 289 4888 testivitate
309 4836 480 4889 sanctorum
499 4834 665 4890 Sebastiani
684 4838 712 4890 et
727 4836 858 4905 Fabiani,
871 4854 961 4908 quan·

146 4927 217 4986 quam
230 4920 352 4977 adalias
367 4922 460 4994 vices,
479 4927 588 4994 praeter
605 4925 640 4978 ad
657 4927 811 4995 utramque
827 4926 960 4998 missam,

145 5009 247 5064 nonnisi
259 5010 448 5067 unacollecta
459 5012 584 5084 dicatur,
593 5013 647 5069 sed
657 5014 811 5084 pluraliter
819 5015 854 5069 de
863 5016 962 5072 ambo·

143 5091 198 5168 hus,
210 5099 336 5170 scilicet,
347 5099 556 5156 lulirmitatem
567 5108 708 5170 nostram,
718 5106 773 5158 etc.
785 5103 926 5174 Epistolae
937 5108 965 5160 et

142 5182 291 5263 Evangelia
303 5189 486 5245 alternantur
494 5191 598 5246 eodem
609 5192 712 5246 ordino
724 5208 781 5262 quc
792 5191 965 5264 legebantur

140 5275 169 5330 ad
178 5281 238 5332 tres
254 5276 367 5332 missas
380 5278 410 5333 in
420 5278 514 5348 prima
523 5282 608 5335 nocta
626 5297 681 5336 seu
691 5279 738 5335 die
749 5280 923 5336 celebratas.
935 5283 965 5336 ln

137 5361 225 5420 Natali
241 5364 446 5422 Innocentium
458 5367 537 5439 quod
552 5369 618 5424 aliae
627 5367 771 5424 Ecclesiae
783 5384 841 5424 non
850 5374 967 5426 cantant

133 5449 229 5515 Gloria
240 5454 273 5513 in
281 5453 415 5514 excelsis
425 5470 482 5514 nec
490 5455 631 5530 Alleluia,
641 5457 677 5515 de
688 5457 744 5517 hoc
755 5458 966 5517 minimecura·

1007 1727 1319 1782 easordinaverisnon
1338 1728 1435 1782 solum
1459 1729 1495 1782 ad
1511 1729 1585 1783 istos
1602 1728 1677 1783 duos
1700 1728 1775 1796 dies,
1792 1728 1846 1782 sed

1007 1816 1139 1871 etiamad
1151 1831 1344 1887 quoscunque
1373 1816 1485 1872 videris
1511 1832 1586 1886 opus
1603 1833 1683 1886 esse,
1702 1815 1846 1888 usquead

1007 1909 1172 1959 extremum
1189 1905 1266 1959 diem
1280 1905 1490 1975 Theophaniae.

1043 1993 1132 2064 liesp.
1146 1993 1305 2047 lstudsane
1316 1993 1433 2046 dilectio
1442 1995 1610 2047 vestranon
1623 1991 1742 2048 difficile
1751 2007 1846 2047 more·

1007 2083 1066 2150 tur,
1087 2082 1155 2152 quia
1168 2096 1222 2136 nec
1236 2081 1355 2134 maximi
1371 2084 1416 2134 est
1428 2080 1549 2134 laboris.
1567 2080 1602 2134 Et
1619 2081 1847 2152 primoquidem

1008 2169 1036 2224 si
1054 2184 1204 2239 nunquam
1221 2184 1236 2222 a
1251 2185 1296 2222 me
1313 2168 1436 2237 dicetur,
1457 2171 1554 2222 tamen
1576 2168 1605 2223 id
1625 2169 1704 2224 scire
1720 2168 1846 2238 potestis

1008 2258 1086 2329 quia,
1097 2259 1188 2328 siqua
1198 2257 1388 2326 reperiturde
1406 2271 1440 2311 eo
1454 2259 1534 2310 textu
1551 2259 1667 2311 noctur.
1677 2296 1685 2324 ,
1696 2255 1762 2312 haec
1773 2272 1847 2328 quo·

1009 2361 1066 2417 que
1084 2346 1180 2418 magis
1201 2349 1401 2416 competenter
1419 2361 1506 2416 quam
1524 2345 1580 2399 alia
1601 2347 1734 2401 cantatur
1755 2364 1847 2420 super

1008 2438 1182 2503 nocturnos3
1192 2437 1220 2488 at
1238 2434 1264 2488 si
1283 2434 1352 2488 talis
1370 2433 1506 2498 deluerit,
1530 2435 1640 2488 cantari
1656 2440 1754 2503 potest
1771 2439 1847 2493 anti-

1008 2524 1116 2595 phona,
1132 2522 1257 2577 Verbum
1267 2521 1462 2591 comiaclum,
1475 2523 1543 2590 alia,
1561 2523 1794 2581 Beatusventer.
1803 2527 1848 2582 Ad

1008 2615 1109 2667 matut.
1119 2611 1199 2665 laud.
1211 2654 1218 2680 ,
1234 2611 1341 2666 Gennit
1350 2627 1509 2682 puerpera3
1521 2611 1589 2681 alia,
1602 2613 1738 2684 Anpelus
1748 2616 1786 2670 ad
1794 2633 1848 2689 pa·
1894 2634 1896 2640 ·

1010 2708 1120 2770 stores3
1132 2701 1168 2754 ad
1179 2700 1312 2770 primam,
1325 2699 1427 2753 Illurit
1444 2698 1540 2767 nobie,
1557 2700 1623 2770 alia,
1640 2701 1673 2755 ln
1688 2704 1848 2774 principi03

1010 2790 1182 2855 adtertiam,
1200 2788 1325 2844 Verbum
1337 2804 1416 2858 cero,
1433 2789 1499 2856 alia,
1519 2789 1653 2861 Propter
1670 2791 1800 2863 nimiam,
1813 2794 1850 2848 da

1010 2886 1136 2934 sertam.
1159 2877 1279 2931 Cristus
1302 2878 1382 2930 lleus
1406 2883 1519 2945 noster,
1544 2878 1611 2943 alia,
1629 2879 1707 2933 Ecce
1724 2879 1761 2934 de
1780 2897 1845 2952 quo;

1011 2968 1047 3023 ad
1070 2982 1187 3037 nonam,
1215 2966 1294 3021 Eece
1323 2965 1454 3032 advenit,
1486 2966 1551 3035 aliu,
1581 2967 1784 3040 Exsultemns3
1812 2968 1852 3026 ad

1012 3072 1156 3127 vesperas
1174 3055 1261 3109 iidem
1278 3071 1344 3109 cnm
1360 3054 1424 3109 suis
1441 3055 1609 3124 antiphonis
1624 3055 1742 3124 psalmi,
1760 3058 1852 3128 quiin

1012 3147 1077 3216 ipso
1086 3145 1142 3207 die,
1155 3159 1281 3215 quorum
1292 3144 1336 3197 est
1344 3142 1537 3211 norissimus,
1551 3158 1629 3198 nuuc
1638 3143 1682 3200 De
1689 3143 1850 3215 profundis

1013 3250 1090 3288 nunc
1107 3233 1266 3302 Memento,
1293 3231 1426 3300 Domine,
1452 3234 1490 3299 et,
1516 3235 1547 3284 ut
1567 3232 1659 3287 semel
1684 3232 1789 3303 dicum,
1815 3235 1853 3290 ad

1013 3326 1138 3393 quantas
1165 3324 1320 3375 cantantur
1340 3320 1436 3374 adhue
1456 3321 1539 3374 vices
1560 3321 1589 3374 in
1616 3321 1852 3379 Circumcisione

1014 3412 1141 3479 Domini,
1159 3411 1186 3463 in
1204 3409 1377 3478 Epiphania,
1395 3412 1422 3463 et
1446 3408 1477 3462 in
1494 3408 1561 3480 ejus
1579 3412 1681 3464 octavo
1703 3410 1760 3480 die,
1778 3414 1806 3466 el
1821 3427 1852 3466 in

1014 3500 1186 3571 Hypapante
1204 3497 1328 3567 Domini,
1346 3500 1456 3551 tantum
1480 3497 1515 3550 ad
1532 3499 1681 3553 secundas
1696 3515 1852 3570 resperas,

1016 3592 1044 3643 et
1059 3593 1203 3658 praeterea
1220 3587 1248 3641 in
1265 3587 1325 3640 illis
1343 3586 1514 3654 Dominicis,
1525 3603 1591 3657 quae
1603 3587 1742 3642 eveniunt
1757 3589 1793 3643 ab
1804 3604 1853 3643 oc·

1015 3680 1082 3731 toro
1095 3677 1141 3731 dic
1151 3676 1264 3729 Natalis
1274 3675 1366 3729 saneti
1378 3674 1500 3729 loannis
1514 3675 1707 3746 evangelistae
1716 3693 1812 3748 usquc
1821 3694 1854 3732 ac

1017 3769 1152 3820 octavum
1169 3765 1245 3818 diem
1263 3763 1446 3833 Epiphaniae,
1463 3763 1570 3817 iterum
1589 3765 1626 3818 ad
1641 3765 1789 3821 secundas
1804 3782 1855 3821 ve·

1016 3869 1132 3923 speras,
1144 3853 1179 3905 ad
1189 3869 1264 3922 quas
1274 3856 1301 3906 ot
1310 3868 1369 3906 non
1378 3851 1454 3906 alius
1463 3851 1598 3921 psalmus
1615 3856 1660 3908 est
1671 3855 1856 3910 novissimus

1015 3958 1103 4013 quam
1119 3942 1162 3995 Dc
1178 3939 1352 3995 Profundis.

1052 4030 1083 4084 ln
1099 4029 1333 4084 Circumcisioue
1357 4029 1474 4083 Domini
1502 4031 1612 4084 eaedem
1636 4031 1805 4102 antiphonae
1820 4032 1856 4087 ad

1016 4123 1117 4173 matut.
1135 4118 1212 4172 laud.
1223 4118 1295 4172 etad
1306 4117 1537 4187 horasdiurnas,
1556 4134 1682 4188 quarum
1697 4120 1856 4190 primaest,

1018 4208 1041 4263 0
1057 4205 1235 4262 admirabile
1248 4222 1314 4259 cnm
1326 4205 1458 4273 collecta,
1468 4205 1557 4275 Deus,
1571 4206 1620 4277 qui
1627 4204 1744 4276 salutis,
1756 4207 1793 4261 ad
1804 4223 1857 4261 ve-

1022 4312 1138 4367 speras,
1156 4296 1191 4349 ad
1208 4294 1413 4366 Evangelium,
1430 4294 1465 4347 ad
1475 4299 1575 4349 matut.
1592 4294 1858 4366 laudee,admajo-

1017 4382 1857 4455 remmissam,Concodc,quoesnmus,omnipotensDeus.
1937 4427 1942 4432 .

1019 4474 1110 4528 Missa
1125 4472 1314 4539 matutinalis
1338 4471 1450 4526 Vultum
1463 4478 1551 4538 tuum;
1565 4472 1669 4544 major,
1680 4471 1763 4528 Puer
1772 4477 1859 4526 natus

1020 4569 1075 4632 est,
1084 4563 1120 4615 ad
1128 4560 1584 4633 utramqueEpistola,rlpparuit
1599 4561 1709 4632 pratia,
1720 4560 1859 4633 Evange-

1018 4650 1099 4720 lium,
1117 4651 1262 4705 l’astores
1271 4649 1478 4722 loquebantur:
1497 4649 1544 4704 cni
1555 4654 1583 4704 et
1597 4650 1669 4704 illud
1680 4648 1857 4719 annectitur,

1020 4741 1097 4795 sicut
1112 4744 1159 4794 est
1174 4741 1204 4793 in
1220 4739 1285 4809 ipso
1296 4741 1378 4793 textu
1389 4737 1553 4811 Evangelii,
1569 4738 1610 4792 Et
1617 4741 1771 4810 postquam
1788 4751 1858 4793 con·

1022 4828 1160 4883 summati
1174 4833 1242 4883 sunt
1254 4827 1320 4883 dies
1335 4832 1408 4882 octo.

1057 4916 1208 4987 Depositio
1217 4916 1247 4972 S.
1255 4915 1388 4971 Odilonis
1397 4918 1455 4969 tam
1467 4915 1550 4969 chari
1558 4914 1653 4970 sancti
1663 4916 1694 4969 et
1705 4912 1860 4970 tamfami-

1021 5005 1105 5060 liaris
1130 5006 1200 5060 tecit
1222 5005 1300 5076 quod
1327 5007 1430 5058 sancto
1458 5003 1607 5073 Stephano
1631 5004 1661 5059 in
1686 5004 1791 5059 octavo
1813 5003 1861 5059 die

1022 5094 1135 5149 Natalis
1157 5092 1224 5164 ejus
1248 5093 1306 5147 alia
1321 5093 1559 5148 commemoratio
1580 5108 1650 5148 esse
1670 5108 1729 5150 nou
1751 5094 1859 5164 potest,

1021 5199 1109 5256 quam
1124 5199 1191 5237 cum
1206 5199 1263 5236 nna
1279 5183 1390 5236 tantum
1401 5181 1559 5252 antiphona
1570 5185 1599 5236 ct
1613 5183 1746 5238 collecta.
1763 5183 1795 5240 ln
1806 5197 1859 5239 oc-

1021 5277 1088 5327 tavo
1104 5273 1149 5326 dic
1160 5272 1190 5326 S.
1202 5271 1325 5325 loannis
1335 5273 1363 5324 et
1372 5270 1574 5326 Innocentium
1586 5272 1690 5327 codem
1702 5271 1788 5326 modo
1798 5270 1861 5344 agi·

1021 5364 1070 5416 tur
1084 5377 1141 5432 quo
1154 5361 1184 5415 in
1200 5359 1331 5431 quolibet
1344 5359 1460 5430 privato
1476 5359 1533 5429 die,
1544 5361 1594 5432 qui
1606 5365 1704 5418 tamen
1718 5358 1864 5418 sitinali·

1023 5449 1133 5525 quibus
1145 5449 1269 5507 octavis.
1278 5449 1530 5508 Postnoctumum
1538 5449 1670 5509 osticium
1681 5465 1749 5509 cum
1756 5449 1860 5507 matut.
