3900 6112
94 276 135 346 aa
542 376 569 386 „
802 278 932 344 uena
951 228 1116 344 paruus
1586 280 1592 295 ·
1780 282 1821 348 ao

97 481 188 535 simul
205 485 233 534 et
248 478 404 533 formidine
420 478 569 550 dissoluti,
585 478 654 533 vitae
674 480 773 550 potius
792 480 934 551 despera·
951 462 979 523 Α
995 483 1117 536 sanetus
1132 496 1203 536 vero
1216 481 1364 537 vedastus
1378 498 1443 539 eum
1454 485 1541 541 beato
1556 487 1692 560 Remigio
1702 504 1756 559 per
1771 489 1825 545 ali-

97 571 180 625 tione
195 584 283 641 quam
299 569 432 623 victoriae
447 568 603 639 dispendio
624 568 739 640 agitari.
756 569 868 624 Videas
883 585 936 625 rex

97 659 247 730 palantem
262 659 436 726 exercitum,
463 673 553 728 supra
576 658 637 710 vim
656 658 783 712 terroris
797 658 936 713 virtutem

97 749 189 801 animi
205 762 328 818 gerens,
345 746 481 815 prohibet
491 746 639 816 trepidare
650 746 768 814 milites,
779 747 936 818 magisque

97 838 127 890 in
144 835 271 905 prelium
285 835 429 903 accendit,
446 851 482 890 ne
499 836 568 890 tanti
584 836 757 890 estimarent
767 836 871 889 mortis
886 851 937 906 pe·

97 924 227 979 ria-ulum
238 941 325 995 quam
338 925 441 995 gloriae
450 924 641 994 triumphum.
656 924 723 993 lpse
734 925 832 994 itaque
843 924 936 994 signi·

97 1015 145 1069 fer
161 1030 308 1068 revocans
324 1015 415 1079 acies,
432 1015 547 1084 primus
561 1028 671 1084 equum
687 1013 715 1066 in
732 1013 848 1068 hostem
864 1012 934 1085 egit,

96 1106 125 1158 et
137 1104 269 1157 clamore
281 1119 389 1174 magno
400 1102 519 1173 sequuti
531 1102 621 1157 ceteri
633 1101 934 1156 aeriterdimieabant.

96 1192 255 1246 Alemanni
265 1208 281 1246 c
292 1196 394 1246 contra
404 1191 520 1245 viribus
532 1195 560 1246 et
571 1207 694 1246 numero
709 1191 934 1261 prestantiores,

96 1281 209 1352 quibus
224 1296 277 1350 pro
293 1283 353 1334 vita
369 1283 396 1333 ot
410 1280 514 1350 patriae
530 1279 665 1334 libertate
683 1295 733 1334 res
748 1283 821 1346 erat,
839 1295 936 1350 cmpe-

97 1376 168 1424 rnnt
183 1369 300 1424 fortiter
314 1368 448 1425 Francos
459 1385 567 1441 urgere
575 1388 582 1434 ;
598 1368 645 1423 alii
656 1369 783 1439 sagittis,
797 1368 845 1422 alii
857 1367 933 1438 telis,

97 1459 148 1513 alii
158 1459 279 1514 halistis
288 1459 428 1514 cedentes
438 1459 606 1513 confodere.
620 1459 686 1514 Rex
695 1462 791 1513 autem
802 1458 852 1512 ubi
862 1459 936 1513 mul·

97 1551 195 1603 torum
212 1548 374 1603 amissione
390 1547 723 1602 videtdilabentemnon
733 1562 825 1617 posse
836 1547 935 1602 subsi-

98 1642 178 1692 stere
192 1638 367 1707 exercitum,
380 1652 434 1691 nec
446 1642 567 1692 vocatos
581 1636 661 1691 Deos
672 1636 791 1691 instanti
803 1634 934 1706 periculo

993 572 1071 642 quod
1087 571 1230 641 temporis
1246 572 1410 637 detinetur;
1428 572 1568 644 adquam
1583 576 1725 631 nobilium
1741 582 1769 633 et
1783 594 1827 634 re·

992 660 1168 732 ligiosorum
1188 659 1299 714 multus
1319 659 1345 701 ¹⁰
1366 661 1404 714 ob
1425 662 1573 716 celebrem
1589 667 1825 722 conversationis

993 748 1099 803 famam
1115 749 1146 803 fit
1162 764 1337 804 concursus,
1351 749 1430 803 Inter
1440 766 1517 821 quos
1529 767 1594 805 cum
1607 768 1674 806 eum
1685 753 1826 811 doctrinm
1873 760 1880 773 ‘

993 838 1113 892 celestis
1128 853 1228 892 amore
1244 838 1427 892 familiariter
1438 855 1516 894 unus
1525 855 1577 910 pre
1587 841 1694 895 ceteris
1705 843 1825 899 visitare

992 930 1214 993 consuesceret,
1225 929 1253 981 et
1264 928 1826 999 quadamdievespereineumbentesol

992 1015 1026 1068 ad
1043 1031 1183 1069 occasum
1198 1021 1314 1084 rueret,
1341 1017 1435 1071 noluit
1454 1018 1549 1072 virum
1565 1019 1680 1089 absque
1696 1019 1826 1075 caritatis

991 1104 1097 1158 viatico
1110 1104 1264 1158 dimittere.
1276 1105 1409 1177 Rogatus
1418 1106 1509 1178 igitur
1517 1108 1698 1177 puervinum
1707 1107 1824 1163 deferre

992 1208 1059 1246 cum
1074 1193 1250 1247 exhaustum
1265 1209 1349 1248 omne
1366 1197 1565 1250 renuntiasset
1585 1200 1706 1266 propter
1721 1197 1824 1268 hospi-

992 1285 1052 1336 tum
1067 1281 1272 1352 frequentiam,
1290 1284 1325 1336 de
1338 1283 1404 1337 frdei
1421 1284 1531 1338 divitiis
1547 1285 1625 1338 haud
1642 1285 1761 1354 dubius,
1778 1286 1825 1339 vi·

991 1388 1060 1425 num
1077 1371 1112 1425 de
1129 1371 1209 1425 sicco
1226 1387 1297 1425 vase
1313 1387 1584 1441 superexcrescere
1608 1374 1688 1428 dedit
1710 1375 1825 1445 precio·

992 1476 1068 1514 sum.
1086 1460 1251 1514 halvertens
1267 1460 1372 1514 beatus
1385 1460 1540 1532 Remigius
1550 1463 1580 1515 in
1591 1462 1687 1517 virum
1703 1478 1826 1518 conver·

993 1548 1823 1622 sationisetspiritualiumdonoruminsignia,indignum

993 1638 1074 1691 ilrrxit
1086 1637 1210 1691 sidereae
1223 1637 1365 1706 lampadis
1382 1638 1480 1692 tumen
1496 1639 1590 1693 clausi
1605 1641 1661 1694 sub
1678 1640 1822 1707 tenebris,

98 1724 835 1796 sibisubvenisse,rebusdesperatisfortissimum
843 1725 935 1778 Deum
950 1716 977 1778 B
992 1742 1058 1798 quae
1082 1725 1118 1779 ad
1142 1727 1266 1780 salutem
1288 1729 1316 1780 et
1336 1727 1577 1782 illuminationem
1591 1728 1697 1783 melius
1712 1729 1824 1783 luceret

98 1815 344 1884 christianorum,
361 1830 448 1884 quern
463 1815 568 1886 regina
583 1813 739 1869 colendum
750 1814 776 1868 ei
788 1817 934 1881 suaserat,

96 1904 258 1972 invocavit,
276 1908 344 1958 voto
360 1919 393 1958 se
410 1903 558 1975 obligans,
584 1919 617 1957 se
640 1919 706 1957 cum
729 1917 784 1957 suo
805 1901 936 1956 exercitu

97 2009 188 2048 sacro
205 1993 286 2048 fonte
297 1992 478 2061 diluendum,
489 1994 516 2047 si
527 1992 683 2047 conversis
692 1993 784 2046 rebus
792 1992 888 2046 victor
899 1990 935 2045 ab

99 2082 240 2137 hostibus
256 2085 429 2136 remeasset.
448 2082 510 2136 Neo
525 2097 609 2135 mora
624 2081 768 2136 recreatis
783 2080 898 2134 viribus
908 2083 948 2140 et¹

99 2171 246 2241 reparatis
261 2170 441 2243 agminibus,
459 2186 526 2225 eum
541 2170 650 2224 auxilio
666 2169 817 2223 Trinitatis
833 2168 936 2223 hostes

98 2261 252 2329 invadunt,
271 2264 298 2314 et
314 2276 400 2330 poene
416 2260 452 2313 ad
467 2261 700 2315 internecionem
716 2273 818 2312 omnes
834 2257 936 2312 devin-

99 2353 180 2415 cunt,
207 2349 268 2402 nisi
290 2349 400 2419 quibus
424 2349 494 2420 fuga
518 2353 567 2403 aut
591 2348 700 2402 deditio
715 2346 770 2402 fuit
785 2347 821 2401 ad
836 2347 934 2402 vitam.

99 2439 275 2509 Intelligens
294 2453 347 2492 rex
362 2454 421 2492 non
436 2440 494 2491 tam
509 2453 564 2492 sua
578 2437 686 2491 virtute
702 2451 790 2508 quam
805 2436 859 2490 Dei
874 2451 936 2492 mu·

98 2542 169 2582 nere
186 2527 291 2581 hostes
306 2530 473 2597 superatos,
492 2527 538 2581 cui
550 2542 584 2582 se
592 2526 661 2581 fldei
672 2530 740 2580 voto
751 2525 937 2580 constrinxe-

98 2619 153 2683 rat,
166 2616 189 2686 l(
197 2615 229 2668 V.
238 2615 322 2683 νεά.)
330 2615 447 2670 Tullum
458 2631 527 2670 mox
538 2616 676 2686 oppidum
687 2614 766 2682 adiit,
777 2614 886 2683 audito,
897 2613 937 2668 ibi

992 1816 1160 1870 multorum.
1181 1813 1309 1870 l‘avente
1328 1815 1419 1887 igitur
1437 1831 1509 1887 rege
1529 1816 1686 1885 clodoveo,
1704 1831 1757 1887 per
1770 1816 1823 1871 Dei

991 1904 1203 1975 providentiam
1224 1904 1390 1958 ordinatum
1413 1906 1585 1975 episcopum
1609 1905 1645 1958 ad
1670 1905 1823 1976 evangeli-

990 1993 1114 2048 zandum
1125 1993 1283 2047 (tamer-aco
1296 1996 1324 2047 et
1335 1993 1474 2048 Atrebate
1496 1994 1598 2066 dirigit
1614 1993 1761 2066 urbibus]
1774 1994 1825 2047 Li-

991 2085 1061 2154 quet
1074 2081 1099 2123 ¹¹
1116 2099 1199 2154 ergo,
1218 2082 1295 2152 quod
1312 2098 1367 2136 rex
1382 2082 1447 2148 iste,
1465 2086 1574 2154 quanto
1590 2083 1755 2153 impensius
1772 2098 1827 2153 pa-

990 2174 1091 2226 ternas
1107 2173 1197 2226 sedes
1213 2176 1371 2240 amaverat,
1390 2175 1470 2228 tanto
1486 2172 1666 2242 probatioris
1681 2173 1750 2227 vitm
1761 2186 1826 2242 pas·

990 2262 1083 2315 torem
1102 2276 1136 2315 eo
1157 2262 1214 2315 loci
1233 2260 1431 2332 delegaverat.
1451 2262 1493 2315 lhi
1509 2263 1824 2331 enimpreterceteras

991 2349 1091 2418 sedes,
1103 2352 1134 2403 ut
1145 2349 1231 2420 paulo
1243 2350 1383 2419 superius
1393 2350 1501 2403 dictum
1513 2352 1560 2404 est
1569 2351 1605 2417 (c.
1616 2351 1653 2419 t),
1664 2349 1825 2419 specialius

992 2438 1186 2507 versabatur;
1201 2437 1326 2508 ideoque
1343 2438 1449 2509 majori
1465 2439 1560 2509 gratia
1574 2439 1630 2507 (61)
1646 2438 1763 2508 ductus,
1775 2453 1827 2508 pa·

990 2527 1092 2581 storali
1107 2527 1252 2597 regimine
1263 2527 1432 2597 parochiam
1444 2527 1537 2582 ditare
1548 2527 1726 2596 conabatur,
1742 2527 1826 2598 quip-

990 2613 1827 2686 penullummelioremquambeatumVedastumetadfo-
1882 2606 1885 2611 ’

97 2705 221 2759 beatum
234 2704 393 2759 vedastum
408 2703 547 2759 laudabili
562 2704 707 2777 religione
723 2705 785 2758 Deo
800 2701 935 2775 servirel.
989 2721 1089 2759 rocem
1114 2704 1252 2773 populum
1273 2704 1468 2758 edomandum
1493 2707 1521 2758 et
1546 2704 1582 2757 ad
1611 2704 1736 2775 gratiam
1759 2703 1827 2757 fidei

98 2792 152 2848 Cui
170 2809 239 2847 eum
254 2793 398 2848 adrentus
408 2793 455 2848 sui
467 2807 586 2848 causam
599 2794 768 2863 exponeret,
785 2795 814 2846 et
827 2806 937 2864 pugnae
991 2793 1173 2848 excitandam
1189 2793 1360 2862 arbitratus
1373 2809 1426 2864 per
1437 2809 1525 2864 quom
1540 2793 1605 2864 ipse
1622 2792 1710 2847 fidem
1724 2792 1825 2848 eatbo·
1930 2796 1933 2801 “

99 2886 249 2951 eventum,
266 2883 317 2953 qui
333 2896 370 2936 ex
384 2882 506 2937 deorum
522 2881 706 2936 invocatione
729 2882 758 2934 in
778 2880 937 2934 adversum
991 2882 1077 2936 licam
1092 2882 1187 2937 fuerat
1201 2883 1336 2953 adeptus.
1355 2882 1521 2938 Notandum
1535 2898 1616 2950 vero,
1635 2882 1714 2953 quod
1729 2885 1760 2936 ut
1774 2898 1826 2937 su·

98 2975 247 3037 cesserat,
258 2969 526 3025 adChristinomen
536 2970 825 3025 seeundosuccessu
835 2983 937 3039 prove·
952 2987 978 3050 0
991 2986 1043 3042 pra
1058 2971 1209 3043 tetigimus
1233 2972 1270 3038 (c.
1296 2972 1334 3038 5),
1362 2971 1408 3026 hae
1423 2972 1489 3026 duae
1504 2971 1654 3042 parochiae
1669 2973 1754 3025 antea
1770 2986 1825 3042 go-

98 3063 183 3116 nisse
193 3060 375 3115 notificaret:
387 3060 434 3113 vir
442 3060 566 3130 Domini,
580 3060 694 3132 gratias
704 3074 799 3131 agens
811 3057 937 3127 Deo,qui
991 3060 1069 3114 mina
1091 3059 1253 3130 episcopali
1272 3060 1526 3114 administratione
1543 3059 1729 3131 gaudebant3
1745 3073 1824 3113 nunc

96 3151 243 3222 gentihus
258 3165 384 3220 regnum
400 3165 487 3203 suum
501 3149 638 3219 apperire
653 3150 793 3221 dignatus
808 3146 946 3231 ⁰⁸¹3&
990 3147 1222 3231 autem,qaiiajab
1234 3148 1553 3218 hoo-eabotepontifrce
1564 3150 1687 3202 vastatae
1699 3150 1825 3218 repertae

96 3241 138 3311 pit
155 3238 313 3293 catholicae
328 3238 398 3293 ildai
414 3238 609 3293 ministerium
623 3239 690 3309 regi
709 3237 892 3305 adnuntiate,
905 3238 938 3291 et
963 3222 1488 3308 1erruqunoragtmin'ecolligamur
1502 3233 1537 3290 ¹2.
1555 3234 1575 3308 [(
1583 3235 1613 3290 V.
1631 3235 1713 3305 Ved.)
1724 3234 1778 3299 Qui
1794 3236 1825 3289 in

96 3328 296 3399 ewangelicis
311 3328 529 3382 assertionibus
543 3329 719 3382 instructum
735 3328 816 3383 duxit
831 3327 868 3380 ad
883 3339 937 3380 ve·
992 3327 1138 3381 Atrebate
1161 3326 1246 3380 urhis
1267 3325 1387 3379 introitu
1407 3325 1544 3380 claudum
1563 3339 1674 3394 unum,
1699 3325 1824 3378 alterum

95 3416 265 3472 nerabilem
280 3417 377 3471 virum
392 3416 446 3471 Dei
463 3416 640 3488 Remigium,
661 3417 713 3487 qui
730 3408 811 3470 tun'e⁰
822 3411 936 3497 templs
955 3459 958 3462 .
990 3415 1332 3485 effiodmsselaatant'esatl
1343 3420 1386 3485 eea
1397 3414 1563 3475 luraelucis
1574 3415 1729 3484 ademptae,
1740 3413 1823 3467 illum

96 3508 139 3560 ris
158 3505 321 3560 Remensis
337 3504 474 3559 ecclesiae
496 3520 594 3560 arcem
618 3504 754 3573 tenebat3
775 3502 900 3576 [tlbbn'q'
915 3504 936 3572 ιζ
990 3494 1157 3560 ambulandi
1173 3490 1326 3564 restrae
1341 3492 1478 3564 deiterata¹
1489 3503 1709 3575 lntrogressus,
1727 3503 1826 3572 stupet

98 3596 155 3662 15.)
168 3594 223 3648 Vir
233 3609 270 3647 ex
281 3594 425 3665 sapientia
437 3594 655 3666 virtutibusque
664 3594 772 3662 factus,
781 3591 869 3662 cujus
881 3591 938 3661 spi·
990 3594 1086 3649 flenda
1103 3592 1186 3647 urbis
1198 3592 1374 3664 depectione.
1388 3592 1461 3646 Nam
1474 3592 1602 3663 antiquis
1611 3591 1705 3646 ferme
1715 3595 1825 3660 tempo·

96 3683 251 3738 ritualium
258 3683 399 3737 virtutum
410 3683 540 3755 insignia
549 3681 875 3754 testaturgensGallica
885 3693 938 3750 per
990 3684 1074 3738 ribus
1090 3698 1184 3737 saerae
1195 3697 1230 3736 eo
1241 3683 1296 3736 leci
1314 3682 1382 3736 tldei
1394 3682 1532 3735 floruisse
1544 3679 1720 3752 religionem
1729 3694 1824 3751 agno-

96 3789 165 3827 eum
183 3773 220 3826 ad
236 3769 387 3825 Christum
403 3787 569 3841 eonversa3
594 3771 642 3841 (V.
668 3770 752 3839 Ved.)
777 3771 824 3824 eui
849 3769 936 3823 etiam
989 3773 1050 3838 vit;
1067 3772 1121 3827 sed
1136 3774 1257 3842 propter
1273 3770 1414 3825 offensam
1430 3769 1630 3837 incolentium,
1644 3769 1759 3823 occulto
1771 3767 1825 3823 sed

96 3861 412 3930 tlrmisdapapavices
423 3858 936 3932 suasquondaminGalliisagendas
987 3861 1071 3930 ,iusto
1088 3860 1140 3915 Dei
1152 3860 1266 3932 judicio
1280 3860 1386 3914 tradita
1401 3863 1447 3914 est
1459 3875 1526 3913 cum
1537 3858 1646 3913 ceteris
1661 3856 1762 3912 Galliae
1776 3854 1825 3911 vel

96 3946 936 4021 commiseratvedastusigiturfestinantemadvitrefon·
990 3950 1156 4005 Germaniae
1173 3949 1341 4003 civitatibus
1360 3964 1475 4020 pagano
1496 3951 1524 4002 et
1543 3947 1655 4018 perfido
1672 3946 1826 4001 Hunorum

95 4048 156 4094 tem
167 4039 336 4094 deducebat
346 4037 523 4111 regomQuo
533 4039 563 4092 in
572 4039 676 4094 itinere
685 4037 801 4093 cuidam
810 4051 891 4091 caeco
900 4035 936 4091 ad
992 4041 1056 4112 regi
1066 4039 1163 4093 Attilae
1173 4040 1245 4093 urbs
1256 4052 1374 4109 quoque
1383 4037 1432 4091 illa
1443 4035 1826 4107 depredandaQuipropter

96 4146 130 4184 se
147 4128 291 4184 clamanti
305 4127 352 4180 vir
371 4127 424 4182 Dei
439 4128 537 4182 lumen
553 4127 680 4181 reddidit
694 4127 858 4194 oculorum,
875 4139 934 4180 non
992 4128 1080 4182 animi
1093 4127 1236 4182 saevitiam
1247 4143 1302 4181 nee
1311 4124 1518 4181 sacerdotibus
1529 4126 1591 4193 Dei,
1601 4129 1730 4194 utsupra
1740 4123 1826 4178 defle-

96 4221 164 4274 sine
195 4218 388 4271 admiratione
417 4217 611 4287 palatinorum
639 4231 814 4287 procerum,
845 4215 933 4268 immo
950 4212 1826 4302 Dvimus,nerecclesiislleireverentiamnoveratimpeu·
1860 4260 1867 4265 .

95 4309 187 4362 etiam
212 4306 316 4378 regie,
341 4321 430 4377 quem
458 4305 605 4377 presentis
635 4303 776 4360 exhibitio
800 4302 935 4357 miraculi
993 4299 1824 4374 dere,sedomniaquasitempestasimmanissimaferro

96 4396 274 4449 christianae
298 4395 365 4449 fidei
388 4394 505 4450 fervore
527 4394 669 4449 accendit.
686 4392 824 4448 Cernitur
840 4406 935 4462 usque
992 4395 1119 4449 vastavit
1134 4399 1163 4447 et
1176 4393 1249 4463 igni.
1265 4391 1479 4458 Persarutanti,
1501 4390 1528 4445 si
1547 4389 1627 4461 quod
1642 4389 1762 4461 signum
1777 4402 1825 4442 ee-

97 4487 126 4540 in
142 4484 323 4539 hodiernum
338 4483 466 4538 ecclesia
482 4484 511 4538 in
527 4484 727 4538 testimonium
741 4482 859 4537 virtutis
879 4481 935 4535 hu·
991 4482 1093 4538 etesiae
1107 4482 1271 4553 patuisset,
1288 4479 1401 4534 nullum
1426 4480 1535 4535 veteris
1559 4479 1661 4549 templi
1684 4477 1825 4532 indicium

92 4575 147 4644 ,ius
174 4575 355 4637 constructa,
382 4573 412 4627 in
437 4589 495 4644 qua
519 4573 671 4627 orantibus
696 4575 724 4627 et
745 4570 936 4626 credentibus
989 4574 1121 4643 parebat,
1137 4571 1205 4643 quia
1221 4570 1279 4624 toci
1295 4570 1371 4625 situs
1386 4569 1529 4640 vepribus
1544 4572 1572 4623 et
1593 4568 1688 4638 spinis
1699 4566 1763 4637 jam
1777 4580 1824 4620 rn-

93 4663 243 4717 h-enetlcia
261 4664 431 4731 prestantur
446 4661 557 4716 divina.
992 4663 1165 4732 horruerat,
1189 4665 1216 4714 et
1230 4659 1281 4715 ubi
1297 4658 1444 4730 quondam
1459 4658 1648 4729 psallentium
1664 4654 1765 4723 chori,
1783 4653 1825 4709 ibi

130 4752 160 4804 Ἰ.
177 4751 293 4805 Beatus
314 4749 458 4805 Veclastus
473 4751 570 4805 virium
580 4749 617 4806 de
627 4751 707 4805 sicco
720 4767 790 4806 raso
799 4749 934 4822 protulit,
991 4752 1082 4805 lustra
1094 4749 1223 4805 ferarum
1237 4749 1423 4804 videbantur.
1434 4748 1564 4803 Tandem
1575 4747 1653 4800 inter
1663 4745 1825 4799 fracmenta

96 4848 127 4894 ct
142 4845 278 4894 asaneto
289 4839 423 4910 Remigio
433 4839 589 4895 ordinatus
599 4841 761 4912 episeopus,
773 4839 878 4894 claude
889 4854 936 4893 ve·
990 4855 1142 4894 murorum
1157 4839 1329 4911 diligentius
1345 4838 1575 4907 contemplatus,
1591 4832 1720 4906 invenit]
1742 4848 1824 4888 aram

95 4929 223 4999 stipium
233 4934 261 4982 et
273 4943 349 4983 caeco
360 4928 461 4983 reddit
476 4930 578 4984 risum.
594 4928 762 5000 Baptizatus
773 4929 871 4999 itaque
884 4944 937 4983 rex
991 4929 1102 4982 sanctae
1119 4928 1171 4982 Dei
1188 4927 1341 5000 genitricis
1354 4925 1463 4992 Mariae,
1474 4938 1571 4995 quam,
1586 4922 1654 4977 licet
1664 4924 1742 4977 inter
1752 4925 1839 4996 stra--

96 5035 166 5072 rum
181 5017 374 5087 optimatibus
391 5017 455 5072 suis
471 5018 506 5072 ad
522 5021 640 5088 sceptra
651 5018 738 5090 regni
748 5017 918 5090 regreditur
926 5036 934 5085 3
990 5033 1058 5090 gem
1075 5033 1237 5085 murorum,
1248 5020 1347 5072 tamen
1362 5015 1488 5068 inlesam
1502 5012 1600 5068 adhue
1615 5012 1731 5068 serrari
1746 5011 1824 5066 divi-

758 5208 906 5271 VARIAE
933 5208 1167 5272 LECTIONES

132 5392 159 5435 ¹⁰
174 5390 378 5462 Regiosorum
393 5388 501 5446 multoe
513 5389 538 5445 f.
552 5389 700 5462 ¹¹biquet.
718 5389 745 5432 ¹¹
759 5390 945 5465 Colliguntur
960 5391 991 5445 in
1007 5391 1126 5448 scedula
1142 5395 1242 5446 assuta
1256 5387 1406 5460 supplerit
1421 5393 1525 5442 auctor
1541 5388 1615 5460 ipse.
1631 5385 1713 5441 Idem
1731 5384 1823 5440 verbe

96 5464 249 5519 Clodoveo
263 5477 293 5531 p.
312 5461 344 5515 l).
362 5461 575 5531 providentiam
597 5477 686 5534 supra
712 5461 819 5517 lineam
843 5462 1000 5534 supplevit,
1027 5469 1056 5517 et
1079 5463 1217 5534 Favente,
1242 5475 1325 5531 rege,
1348 5460 1505 5515 (temerare
1521 5462 1549 5514 et
1565 5457 1702 5513 dtrehato
1719 5456 1775 5511 diri
1791 5456 1823 5511 in

97 5550 207 5590 rasura
223 5532 358 5605 scripsit.

901 5604 1028 5667 NOTAE

132 5684 191 5757 (el)
205 5684 229 5744 l.
244 5701 272 5743 e.
288 5683 400 5758 studio,
415 5700 516 5745 amore
528 5690 562 5744 ut
575 5685 612 5758 11,
628 5683 655 5741 5.
