3900 6112
117 340 194 403 1151
470 335 687 401 GAUFREDI
708 334 986 400 MALATERRAE
1016 336 1211 402 Monncnl
1240 339 1458 406 RENEDIGT.
1769 345 1843 413 ¹1⁵2

117 542 174 597 cita
195 540 226 594 in
239 537 381 593 famulatu
396 535 480 590 ducis
500 535 577 605 apud
593 535 720 590 insulam
735 534 860 591 Crotone
877 535 948 591 deti·
963 516 992 577 Α
1007 551 1088 607 nare,
1104 536 1242 594 hostibus
1258 539 1450 610 interminari,
1467 541 1532 596 suis
1547 541 1634 612 plura
1654 541 1771 614 largiri,
1784 558 1839 599 am-

116 629 249 684 nebatur.
278 625 330 681 Cui
347 621 674 694 cumquodacciderat
690 623 813 678 relatum
830 623 947 693 fuisset,
1003 625 1097 695 pliorn
1112 628 1292 698 promittere,
1312 629 1427 698 primus
1446 631 1475 684 et
1503 628 1692 702 frequentior
1721 631 1833 705 adesse,

115 717 257 789 injuriam
271 715 345 769 aviae
360 717 500 782 reputans
517 727 612 780 suam,
622 711 790 766 infirmitate
800 713 948 782 simulata,
1004 714 1075 768 nihil
1089 714 1261 770 intentatum
1276 717 1452 786 relinquere.
1477 717 1728 774 Machinamentis
1744 720 1834 792 itaqua

116 805 265 860 licentiam
279 801 358 856 domi
374 815 463 855 causa
477 798 638 854 curationis
653 801 755 854 aduce
770 815 949 871 exposcens,
1003 807 1031 856 et
1048 802 1139 856 scalis
1151 803 1186 856 ad
1201 819 1303 858 muros
1319 805 1573 861 transcendendos
1589 807 1832 865 artificiosissima

116 892 216 965 vigilia
232 890 344 945 Natalis
360 889 475 943 Domini
490 887 619 959 Scyllum
630 887 872 959 (180)ingressus
884 892 948 943 est:
1004 892 1231 962 compaginatis,
1247 893 1308 947 dux
1322 890 1426 948 homos
1444 909 1510 947 cum
1533 896 1680 950 trecentis
1700 896 1830 953 militibus

118 997 206 1053 quem
233 979 412 1050 Stratigotus
440 976 560 1031 venisse
589 975 722 1044 audiens,
751 977 878 1045 piscium
893 976 954 1031 aibr
1003 979 1130 1034 latenter
1155 980 1314 1052 ingressus
1338 997 1376 1036 ex
1401 981 1601 1052 alteraparte,
1631 999 1691 1054 qna
1706 983 1832 1041 videlicet

118 1069 242 1126 enxenia
271 1083 324 1138 per
352 1065 493 1120 famulum
512 1065 607 1133 mittit,
625 1065 753 1135 qualiter
768 1081 801 1119 se
816 1081 865 1120 rea
881 1080 953 1137 erga
1005 1068 1119 1121 navalis
1135 1069 1284 1124 exereitus
1300 1068 1463 1142 adJ'aeebat,
1480 1070 1584 1125 urbem
1599 1071 1754 1142 infestare,
1775 1073 1826 1128 tra-

119 1157 223 1213 ducem
238 1155 375 1224 habebat,
393 1154 527 1225 requirit.
545 1153 597 1208 llle
608 1169 642 1208 ac
655 1152 760 1207 sinihil
770 1153 835 1207 mali
847 1153 954 1208 machi·
1004 1158 1139 1226 tremque
1154 1172 1170 1210 a
1185 1159 1276 1227 parte,
1293 1173 1350 1229 qua
1366 1157 1524 1227 erat,haud
1540 1160 1825 1232 secusagerepardn

117 1262 202 1314 nans,
219 1246 262 1300 ira
277 1243 471 1311 dissimulata,
489 1243 601 1314 gratias
617 1241 785 1296 remandat:
806 1241 859 1294 sed
874 1241 952 1311 quod
1005 1247 1122 1305 onerat„
1145 1245 1200 1314 Illi,
1221 1246 1308 1317 signo
1336 1246 1413 1317 dato,
1430 1263 1497 1318 quae
1518 1247 1614 1304 edocti
1641 1252 1734 1318 erant,
1760 1247 1823 1305 hant

116 1337 213 1392 animo
228 1334 403 1402 conceperat
417 1331 535 1385 minime
551 1329 670 1398 oblitus,
688 1333 844 1401 postquam
855 1344 951 1384 come·
1003 1332 1147 1402 perficere
1163 1349 1274 1406 segnes
1288 1351 1395 1406 magno
1411 1338 1509 1393 sonitu
1528 1341 1657 1395 irruunt,
1676 1338 1754 1393 Urbs
1776 1339 1822 1393 ιω.

117 1428 194 1480 stum
210 1425 265 1491 est,
282 1418 588 1492 potentioribusurbis
598 1420 716 1473 secreto
728 1417 949 1486 circumventis,
1003 1420 1032 1474 in
1047 1437 1128 1475 arma
1142 1437 1243 1491 ruens,
1260 1439 1326 1493 quea
1343 1425 1466 1495 strepitu
1480 1427 1720 1483 tumultuantium
1729 1442 1820 1481 accur·

117 1512 152 1568 de
164 1511 222 1567 sibi
233 1511 312 1565 illata
328 1506 947 1579 aviaequeinjuriaquerimoniamostentat:
1004 1510 1088 1563 rebat
1111 1509 1287 1579 defensioni,
1303 1512 1504 1569 acceleranter
1516 1519 1690 1588 grassatur.
1706 1517 1730 1570 Α
1744 1516 1820 1584 perta,

117 1601 226 1673 quibus
243 1597 493 1668 respondentibus
509 1596 612 1650 merito
629 1595 688 1649 sihi
707 1594 775 1649 talia
790 1595 948 1662 accidisse,
1002 1613 1061 1668 qua
1073 1598 1171 1652 minus
1183 1600 1336 1668 cavebant,
1352 1601 1514 1658 vacillatur,
1528 1604 1554 1658 Α
1565 1602 1821 1659 Guisoardensibm

116 1687 360 1745 excusationibus
370 1684 488 1739 minime
497 1700 582 1751 usus,
592 1684 661 1738 iacti
677 1683 949 1752 sepoenitereasse·
1004 1687 1094 1740 scalis
1109 1687 1253 1756 appositis
1264 1703 1367 1743 murus
1378 1692 1609 1748 transcenditur,
1620 1693 1701 1747 Urbs
1712 1691 1821 1746 extarios

115 1794 195 1848 rens,
215 1777 258 1832 uti
273 1774 446 1842 contulerat,
461 1772 578 1860 auterre
600 1772 779 1825 tentaturum
795 1771 945 1841 promittit,
1004 1775 1125 1843 capitur,
1142 1777 1235 1844 portae
1251 1774 1330 1831 icrro
1348 1777 1440 1832 sociis
1467 1779 1502 1833 ad
1523 1780 1751 1851 ingrediendum
1764 1793 1819 1850 ape·

116 1868 143 1920 si
169 1864 369 1921 tantummodo
385 1862 459 1932 ipsis
478 1861 604 1929 potiatur
618 1859 790 1913 auxiliariis.
807 1851 1127 1929 SicquenB1·iuntur,
1159 1863 1224 1917 Dux
1254 1866 1283 1918 et
1310 1880 1411 1919 comes
1427 1881 1494 1921 cum
1518 1868 1599 1922 omni
1614 1867 1745 1922 exercitu
1759 1865 1816 1921 inp,

114 1954 249 2026 pluribus
265 1953 322 2006 lide
334 1952 463 2020 accepta,
481 1953 570 2003 totam
589 1946 947 2003 nocteminsomnemdu·
1002 1968 1105 2008 muros
1120 1953 1317 2023 hospitantur,
1347 1953 1547 2009 Panormitani
1575 1954 1675 2010 delusi
1703 1955 1813 2010 hoste„

115 2060 198 2112 cene,
228 2055 421 2113 quoscunque
445 2040 542 2107 potest
557 2036 614 2091 sibi
628 2036 755 2108 allegat,
771 2051 947 2107 summoque
1002 2046 1085 2113 tergo
1097 2039 1280 2095 inframuroa
1293 2045 1521 2112 cognoscentes,
1533 2041 1810 2097 interiorinrberelr·

115 2130 253 2199 diluculo,
271 2145 337 2183 cum
353 2142 455 2182 omncs
476 2127 526 2196 qui
541 2124 631 2196 hujus
642 2125 686 2178 rei
700 2125 797 2197 ignari
807 2127 899 2194 erant,
917 2130 948 2181 ut
1000 2130 1082 2202 glum
1098 2129 1298 2199 petendoscsc
1306 2129 1459 2198 recipiunt.
1472 2129 1537 2184 Nox
1544 2130 1702 2185 tumultum
1710 2130 1809 2185 diremit

113 2220 178 2275 dies
193 2218 258 2290 ipsa
273 2218 418 2283 monebat,
440 2216 468 2268 in
485 2213 612 2268 ecclesia
627 2213 681 2267 Dei
700 2214 837 2268 laudibus
853 2214 948 2269 inser·
999 2219 1138 2274 Proximo
1154 2233 1238 2272 mane
1257 2219 1414 2287 primores,
1431 2216 1733 2289 t'oedereinterposito,
1746 2219 1806 2272 utris.

112 2310 215 2378 virent,
232 2308 297 2378 ipse
312 2321 378 2360 oum
391 2303 530 2358 tredecim
546 2302 630 2371 virts,
648 2301 756 2373 gladiis
781 2318 847 2356 oum
863 2304 946 2373 capis
1000 2323 1057 2377 quc
1073 2295 1216 2360 fratribus
1232 2306 1361 2360 locutum
1378 2307 1533 2370 accedunt,
1555 2307 1656 2379 legem
1670 2323 1750 2363 suam
1766 2306 1805 2360 nol·

112 2397 262 2465 accinctis,
279 2394 402 2466 reliquis
426 2393 514 2464 signo
540 2391 616 2460 dato,
634 2390 825 2446 nlaioribus
841 2406 947 2462 exspe·
1000 2396 1116 2449 latenus
1143 2409 1176 2448 sa
1206 2393 1308 2447 violari
1337 2393 1385 2447 vel
1404 2393 1574 2465 relinquere
1593 2394 1673 2449 velle
1691 2394 1804 2456 dieemm

114 2487 271 2552 stantibus,
289 2484 324 2537 ad
339 2486 453 2555 portam
469 2480 581 2535 castelli
606 2481 763 2546 accedens,
777 2479 891 2550 janitor
906 2479 946 2534 nil
1001 2483 1114 2538 scilicet
1130 2482 1156 2536 si
1171 2482 1244 2536 certi
1260 2481 1318 2535 sint
1333 2480 1411 2553 quod
1423 2497 1483 2536 non
1499 2483 1699 2554 coganturvel
1714 2482 1804 2553 injusta

113 2575 283 2643 suspicatus
294 2572 379 2642 quasi
394 2570 571 2639 notoaperit.
587 2568 814 2623 Illecumsociis
825 2568 946 2639 ingres·
999 2575 1028 2628 et
1056 2571 1141 2627 novis
1157 2571 1275 2641 legibus
1290 2584 1349 2624 non
1380 2571 1555 2624 atterantur.
1585 2569 1802 2640 Quandoquidar

113 2677 176 2732 Sus,
194 2661 352 2731 hospitium
366 2658 516 2728 Stratigoti
533 2657 629 2724 intrat,
647 2671 727 2708 erma
748 2672 815 2727 quae
834 2656 946 2710 invenit
999 2661 1116 2716 fortuna
1127 2658 1267 2729 praesenti
1283 2658 1327 2712 sic
1342 2657 1535 2713 hortabantur
1550 2659 1636 2714 urbis
1656 2659 1803 2714 deditionem

112 2750 255 2821 corripit:
272 2764 379 2802 versus
403 2746 571 2813 eeclesiam,
588 2744 779 2816 Stratigotum
794 2759 946 2813 praeoccu-
999 2749 1111 2813 lacere,
1129 2764 1162 2802 se
1174 2748 1203 2801 in
1219 2746 1385 2801 famulando
1415 2746 1518 2801 fideles
1533 2747 1709 2816 persistere,
1724 2747 1803 2801 tributa

110 2855 181 2911 pare
196 2838 308 2902 volens,
326 2836 489 2891 citissimus
506 2833 606 2888 currit.
620 2832 945 2903 Undiqueergoinsur-
999 2839 1127 2905 solvere,
1144 2835 1492 2906 athocjuramentolegis
1503 2835 1802 2907 suaeflrmarespopon·

110 2932 199 3000 gente
214 2928 351 2994 clamore,
368 2923 557 2994 Stratigotus,
575 2921 692 2975 insidiis
706 2921 874 2991 compertis,
890 2935 945 2990 per
998 2929 1079 2981 (lunt.
1096 2926 1161 2979 Dux
1178 2938 1336 2994 comesque
1360 2923 1534 2994 gaudentes,
1557 2925 1638 2994 quod
1654 2922 1802 2978 offerebatur

110 3008 944 3086 [wewamPlOSiiiffllSaPl'ffiffiltiiffldelsslJSUSidumsussa
997 3017 1123 3070 libenter
1144 3013 1311 3082 suscipiunt
1340 3012 1593 3066 annoDominicea
1620 3008 1802 3066 incarnationis
1832 3028 1837 3035 ·

109 3106 257 3178 refugium
272 3106 342 3176 petit
364 3120 380 3157 a
403 3102 529 3170 civibus,
553 3100 662 3171 quibus
678 3099 815 3154 omnibus
831 3113 942 3152 exosus
997 3103 1153 3158 millesimo
1171 3099 1397 3171 septuagesimo
1419 3100 1525 3168 primo.
1542 3099 1649 3168 Adepti
1665 3099 1757 3169 primo
1772 3111 1800 3150 on
1840 3154 1843 3175 Ε

110 3201 182 3265 eret,
199 3194 436 3265 ⁰⁰¹¹¹l³¹¹⁰hss¹¹st¹⁸
448 3190 608 3245 redimitur·
625 3187 714 3243 COSifl
729 3185 940 3253 C⁰¹¹d0fflissii⁸2
958 3193 983 3256 C
998 3193 1088 3254 nium,
1105 3189 1265 3259 Scripturae
1281 3188 1383 3242 lidelcs
1400 3187 1561 3241 imitatores
1583 3186 1732 3242 dicentis:
1759 3184 1801 3240 Pri·

110 3285 177 3355 quia
193 3281 436 3353 consanguineus
451 3278 518 3349 ejus
530 3281 601 3345 erat,
611 3276 728 3330 volente
741 3276 765 3330 ei
775 3290 908 3345 parcere,
926 3293 941 3330 a
997 3279 1337 3351 iramqumrilorognnm
1345 3274 1736 3346 Deiotomniaadjicientur
1747 3272 1801 3328 rotis

109 3371 216 3442 populo
232 3369 454 3435 condemnatur,
471 3366 573 3435 sicque
586 3379 651 3417 cum
668 3362 822 3432 suppliciis
838 3378 941 3431 poenas
998 3369 1105 3437 (Malli.
1121 3363 1603 3437 v1,83)3eoclesiamsanctissimae
1616 3364 1668 3418 Dei
1680 3360 1799 3435 genitricis

108 3460 239 3529 issensi&
262 3457 371 3528 quibus
402 3454 476 3508 maia
492 3452 639 3518 intulerat,
659 3451 835 3520 Psssiffliillt'ss
865 3466 940 3521 sluos
997 3457 1108 3525 Mariae,
1125 3472 1191 3526 quae
1208 3453 1368 3523 antiquitus
1379 3446 1797 3522 archiepiscopatusiueratsed

108 3548 285 3618 religaverat
312 3544 485 3609 libelflssiffl'a
514 3556 531 3593 fl
560 3538 702 3593 fideliiflifl'
727 3538 811 3592 ducis
845 3537 941 3607 palam
995 3550 1064 3600 tune
1078 3545 1115 3599 ab
1132 3540 1395 3614 impiisSaracenis
1411 3540 1517 3594 violata
1532 3540 1674 3610 templum
1686 3538 1798 3609 supersti-

109 3638 290 3690 avertuntur.
307 3632 415 3702 Sicque
429 3644 482 3699 per
497 3644 552 3682 sex
564 3625 940 3682 tei-eannosdueiraballes
996 3635 1086 3690 tionis
1115 3648 1217 3688 eorum
1242 3632 1317 3685 laeta
1340 3634 1412 3697 erat,
1443 3645 1509 3683 oum
1539 3645 1646 3700 magna
1675 3628 1797 3683 devotione

107 3725 285 3797 perdiversa
301 3723 366 3775 loca
380 3718 524 3774 Calabriae
540 3717 576 3770 ab
591 3716 665 3785 ipsis
674 3715 801 3770 turbatio
815 3715 941 3783 plurima
996 3722 1139 3777 catholice
1160 3719 1379 3775 reconciliatam
1403 3717 1469 3771 dote
1493 3720 1521 3771 et
1536 3718 1716 3771 ornamentis
1730 3712 1796 3769 eccle-

107 3815 255 3869 iactaest.
283 3810 365 3867 Istud
394 3808 442 3862 hic
458 3805 649 3861 inscribimus
672 3807 703 3858 ut
725 3806 847 3858 caveant
860 3821 939 3874 pree·
996 3810 1127 3866 siastiojs
1155 3811 1273 3881 augent,
1305 3805 1578 3875 archiepiscopum,
1601 3807 1650 3875 qui
1679 3798 1795 3871 abjfflpjis

106 3905 157 3959 lati
171 3903 230 3958 sibi
243 3901 379 3957 subditos
391 3898 492 3969 pravis
512 3893 657 3950 ministris
678 3911 693 3948 a
723 3910 778 3948 sua
801 3894 940 3949 fidelitate
995 3900 1129 3972 dejectus
1156 3900 1186 3951 in
1214 3910 1342 3966 paupere
1360 3895 1487 3950 eeclesia
1501 3893 1532 3948 S.
1550 3892 1676 3963 Cyriaci,
1692 3887 1794 3964 quanvis

107 3994 215 4048 divelli.
993 3989 1115 4044 timidus
1126 3984 1372 4041 nationeGraecus
1379 3984 1488 4038 cultum
1494 3980 1671 4037 Christianae
1677 3973 1799 4051 religionis

407 4093 532 4149 CAPUT
548 4091 637 4146 XLV.
994 4094 1047 4149 pro
1075 4091 1167 4146 posse
1194 4073 1423 4143 exsequebatur,
1454 4072 1631 4125 revocantes
1659 4066 1796 4123 restituunt.

997 4165 1107 4220 Deinde
1123 4178 1193 4218 vero
1208 4161 1329 4216 castello
1345 4161 1470 4228 firmato,
1485 4156 1798 4229 eturbeprovelles11⁰

369 4205 535 4259 Panormus
546 4199 672 4271 capitur.
1152 4253 1157 4263 ,
1388 4249 1393 4259 .
1565 4247 1571 4258 ι

914 4301 920 4312 .
996 4256 1056 4309 dux
1071 4269 1135 4308 eam
1150 4268 1180 4306 in
1195 4267 1279 4305 suam
1295 4250 1503 4320 proprietatem
1518 4250 1660 4315 retinens,
1678 4247 1705 4300 et
1720 4241 1799 4297 vallem

40 4400 43 4407 ·
141 4303 714 4407 Duxigiturwmmeafibus.etcaeieris
734 4300 939 4400 quaeexpedi‘
996 4342 1137 4410 Deminae,
1154 4343 1351 4409 ceteramque
1367 4352 1483 4393 omnem
1496 4335 1627 4390 Siciliam
1643 4333 1796 4405 acquisitio,

106 4410 178 4464 tioni
192 4403 394 4476 congruebaut
409 4399 567 4469 apparatis,
584 4396 940 4462 fratrem,quempraemi-
994 4435 1023 4486 et
1051 4447 1105 4485 suo
1121 4428 1278 4501 adjumrio,
1296 4430 1326 4480 u,
1345 4424 1542 4496 promittebat,
1560 4440 1616 4478 nec
1631 4424 1705 4478 salso
1724 4413 1796 4487 aequ,-

107 4500 196 4566 serat,
213 4494 403 4553 subsecutus,
422 4487 499 4557 apud
512 4484 661 4551 (tatanem,
685 4481 734 4535 ubi
750 4494 850 4534 comes
866 4479 937 4546 erat,
996 4520 1117 4577 rendam
1144 4517 1229 4572 fratri
1243 4517 1278 4570 de
1293 4531 1326 4570 se
1343 4513 1507 4569 habendam
1524 4514 1685 4568 concessi,-

108 4587 186 4642 venit
205 4584 323 4655 fingens
353 4594 386 4633 se
404 4576 520 4629 ltlaltom
543 4572 720 4627 debellatum
732 4570 786 4637 ire,
803 4567 888 4638 quasi
903 4549 984 4621 deD
1121 4561 1127 4587 ’

106 4680 252 4733 Panormo
268 4668 422 4730 diffidens;
438 4664 517 4719 seda
532 4663 622 4716 fratre
638 4659 818 4724 cohortatus
831 4669 939 4727 magno
1278 4621 1404 4677 CAPUT
1440 4620 1543 4674 XLVl·

106 4767 245 4841 equitatu,
263 4776 330 4815 cum
339 4755 493 4811 navalibus
509 4751 696 4823 peditumque
713 4747 806 4815 copiis
819 4745 855 4799 ab
870 4745 938 4799 inde
1275 4746 1363 4802 sm„
1388 4744 1543 4800 ,ceph-„m

105 4854 303 4931 progrediens
317 4849 496 4901 Panormum
511 4840 605 4908 venit,
631 4838 667 4892 ab
696 4837 812 4892 Oceano
834 4833 939 4888 urbem
1028 4859 1101 4914 Cum
1124 4857 1180 4912 ism
1203 4856 1356 4926 geruntur,
1374 4851 1458 4906 serlo
1479 4850 1558 4906 finus
1573 4848 1714 4916 serlonis,
1728 4851 1793 4912 new,

105 4934 579 5004 navibuscbsidcns,fratremque
589 4924 768 4982 comitemab
779 4924 938 4978 unolatere
992 4948 1128 5002 videlice,
1139 4947 1331 5012 morumque
1345 4940 1511 5010 p,‚inoipum
1526 4940 1664 5006 morum,
1692 4927 1793 5006 omum

106 5039 250 5103 statuens,
280 5029 344 5099 ipse
373 5025 409 5078 ab
438 5021 529 5076 altero
554 5013 894 5072 cornuCalabrensibus
911 5013 940 5067 et
992 5026 1794 5110 praecedentibusmentionemiecimus,apudCeranou

108 5124 211 5194 Apulis
226 5134 328 5175 mum
343 5113 443 5170 “mbit’
460 5109 567 5178 Si⁰q¹¹⁰
580 5105 709 5176 quinque
724 5102 871 5157 mensmm
886 5101 940 5156 ω’
993 5126 1161 5183 morabatur
1179 5122 1214 5176 ad
1229 5120 1368 5175 tuendam
1397 5117 1581 5188 provinciam
1600 5117 1638 5171 ab
1653 5108 1792 5170 incursibus

37 5230 42 5235 ·
109 5190 938 5267 eulobostesurbisdefensionisattentissimepervigiles
991 5217 1196 5278 Amicorum,
1213 5211 1263 5282 qui
1279 5209 1355 5278 ,pud
1379 5208 1510 5261 castrum
1529 5205 1654 5260 ,loannis
1668 5203 1791 5264 &temps

108 5301 173 5369 ipse
188 5295 377 5349 nihilominus
392 5284 606 5360 impugnationi
622 5297 689 5337 cum
703 5280 794 5334 fratre
808 5277 937 5332 intentus
992 5306 1066 5360 sm&
1081 5300 1190 5357 morari
1197 5298 1380 5364 dicebamur,
1393 5296 1485 5350 ,duco
1494 5296 1524 5349 e,
1534 5294 1642 5349 comm
1652 5289 1788 5362 sicjffisu,

108 5383 271 5455 inquietare
297 5379 472 5450 perstuduit.
490 5374 612 5445 Utrique
626 5369 690 5442 pari
700 5368 806 5423 ardore
821 5367 938 5421 iollam-
990 5396 1066 5450 Nam
1081 5397 1109 5448 e,
1123 5389 1264 5445 medietas
1281 5386 1371 5441 ,onus
1385 5383 1493 5440 Siciliae
1501 5398 1539 5438 οι
1546 5366 1789 5439 consensudueis„

108 5471 179 5533 mati
194 5466 291 5527 omnia
303 5465 468 5535 circumire,
489 5461 728 5529 suosinstruera,
741 5454 839 5512 omnia
853 5454 936 5512 ordi·
993 5483 1110 5542 comme
1121 5496 1185 5537 Μ
1201 5476 1284 5546 sorti,
1296 5474 1488 5547 Misgofique
1503 5471 1687 5529 dopomlis·
1701 5465 1788 5523 inm„

145 5623 365 5712 (lao)su11·am.
384 5609 389 5617 '
