3900 6112
109 306 186 376 use

477 314 694 378 GAUFREDI
717 316 994 380 MALATERRAE
1017 319 1212 386 MONACHI
1236 324 1457 392 BENRDICT.

1746 328 1834 396 1211)ὶ

104 516 464 592 quicumlrntremtama
483 516 629 571 referente
651 517 712 587 jam
736 518 849 573 obiisse
881 504 976 574 aa-d'
991 522 1192 578 ulciscendam
1222 525 1459 595 submoveretur,
1480 531 1612 585 exercitu
1640 531 1770 603 admoto,
1794 534 1830 589 ab

103 609 207 675 disset,
238 605 375 660 credulus
403 605 499 657 castra
522 604 678 674 queejuris
694 605 795 658 fratris
821 607 935 662 tuerent

102 692 471 765 irrumpenssacramentis
483 693 540 745 sibi
551 692 754 746 contraderare
765 696 933 765 persuadet,

101 784 140 838 ita
168 790 263 839 tamen
292 782 468 835 discernens
497 783 537 847 ut,
556 781 582 832 si
597 779 698 848 irater,
716 782 793 851 (quod
806 798 839 836 se
855 784 933 838 nolle

26 857 33 867 ¹
100 869 778 942 protestabatur,ja1nobiisset,salratidelitate
794 870 932 941 legalium

99 960 253 1014 haeredum
284 973 415 1023 suerum,
456 956 592 1010 videlicet
613 956 723 1026 fratris,
753 958 809 1011 sibi
847 960 932 1030 quasi

105 1048 183 1103 fideli
193 1044 521 1113 eorumdcmhmredum
532 1049 646 1114 patruo,
663 1046 808 1114 usquead
824 1046 932 1101 intelli·

104 1137 223 1209 gibilem
249 1138 373 1200 aetatem,
399 1148 455 1202 qua
476 1131 532 1200 ipsi
552 1132 802 1202 legitimcterram
827 1151 931 1207 regere

102 1224 326 1297 cognoscerent,
358 1220 461 1274 lideles
485 1221 689 1289 persisterent.
713 1221 819 1276 Comes
835 1227 930 1279 autem

69 1340 78 1357 ·
102 1312 262 1385 ltogerius,
284 1324 350 1364 eum
376 1309 442 1361 talia
457 1309 554 1362 lacere
579 1309 713 1377 audiens,
731 1311 930 1382 indignatione

100 1404 263 1457 commotus
279 1398 356 1469 quod
371 1399 438 1451 talia
465 1413 498 1451 se
511 1397 678 1451 inconsulto
692 1402 928 1470 praesumpserit,

97 1490 209 1545 veritus
230 1488 325 1556 etiarn,
357 1487 492 1557 quamvis
516 1486 590 1540 lianc
616 1485 782 1541 fidelitatem
807 1488 930 1544 honeste

97 1579 273 1633 discernens
288 1576 465 1645 susciperet,
482 1575 570 1645 pictis
585 1574 687 1628 verbis
703 1575 835 1630 fraudem
855 1574 930 1645 (358)

96 1666 249 1722 occultans
277 1666 307 1719 in
329 1668 491 1734 posterum,
509 1665 610 1716 contra
632 1664 755 1731 nepotes
771 1663 928 1718 ambitione

95 1759 198 1826 captus
212 1752 322 1824 aliquid
340 1753 454 1805 fraudis
466 1751 697 1821 machinaretur,
711 1752 800 1806 asnis
812 1752 929 1824 insequi

92 1844 271 1914 praecipiens
286 1857 302 1894 a
318 1843 376 1894 tota
392 1840 525 1893 Calabria
542 1842 633 1893 arcet.

393 1944 519 1997 CAPUT
544 1945 620 1998 xxl.

147 2034 322 2091 Gallielmus
340 2033 377 2088 de
399 2032 567 2087 Grantevul
584 2033 747 2086 Rossanem
767 2034 870 2087 intret.

127 2125 232 2179 Plures
249 2120 441 2178 etiamaudita
467 2121 543 2173 sama
566 2121 669 2175 mortis
697 2120 783 2175 ducis
797 2122 826 2174 in
841 2122 924 2176 inso-

990 611 1125 680 utrisque
1142 612 1230 665 castri
1242 613 1341 667 villam
1358 615 1668 672 obsessumitnranno
1682 619 1827 675 incarnati

990 697 1826 776 Salvatorismillesimononagesimo‘quarto.Hocautem

991 788 1823 866 operimentumfraudissumGuilictmussibiadaptabet,

990 877 1183 945 quodeumab
1195 879 1339 933 urbicolis
1351 881 1445 948 primo
1462 880 1537 935 infra
1549 882 1654 937 urbem
1663 890 1824 955 susceptus

989 969 1044 1033 est,
1076 965 1134 1019 illis
1161 967 1321 1036 improvisa
1358 968 1599 1025 determinatione
1624 971 1823 1042 jurejurando

992 1052 1159 1107 firmaverat
1186 1070 1219 1108 se
1246 1071 1395 1125 nunquam
1408 1056 1495 1112 alicui
1510 1058 1612 1113 urbem
1629 1060 1823 1134 redditurum,

988 1144 1109 1212 excepto
1126 1143 1276 1198 Lndoviso
1288 1145 1347 1198 filio
1362 1145 1458 1215 ducis,
1474 1149 1501 1200 et
1518 1146 1574 1201 hoc
1587 1149 1657 1220 quia
1681 1151 1824 1220 parvulae

986 1232 1059 1298 erat,
1075 1235 1143 1299 post
1154 1232 1255 1285 elecem
1270 1248 1364 1288 annos
1384 1233 1510 1303 tataros,
1529 1236 1711 1305 fidelitatem,
1737 1254 1819 1310 qnam

985 1319 1052 1372 duci
1066 1317 1229 1388 jur-areret,
1242 1322 1370 1391 solvere,
1388 1323 1509 1377 minoris
1523 1323 1647 1380 ollensae
1662 1327 1708 1380 vel
1721 1343 1822 1397 oppro-

984 1407 1040 1460 brii
1065 1407 1177 1461 ducens
1203 1426 1290 1478 quam
1318 1409 1395 1479 qnod
1410 1409 1541 1481 perjuris
1557 1417 1585 1466 et
1597 1413 1814 1471 fraudatoribus

979 1495 1143 1565 jruuverat.
1174 1495 1223 1551 Sic
1239 1513 1327 1551 avara
1342 1498 1473 1567 ambitio,
1490 1500 1542 1553 sed
1564 1505 1592 1554 et
1608 1504 1715 1557 uxoris
1729 1520 1812 1574 piare

982 1585 1139 1652 persuasio
1151 1584 1406 1654 mentemjuvenis
1426 1601 1442 1639 a
1459 1587 1535 1641 bono
1551 1588 1742 1661 honestoque
1755 1592 1812 1648 dis-

983 1671 1129 1726 cernendo
1140 1673 1271 1743 proclive
1286 1677 1427 1729 caecatum
1444 1676 1510 1744 (sic)
1525 1677 1584 1730 sibi
1594 1677 1740 1734 illexerat.
1755 1681 1810 1736 ltux

980 1762 1016 1814 nh
1033 1760 1111 1815 omni
1127 1762 1232 1830 Apulia
1248 1762 1377 1832 equitum
1392 1763 1581 1835 peditumque
1600 1768 1709 1837 copiis,
1727 1768 1807 1824 tratre

944 1849 1150 1937 13lloemundo
1181 1850 1237 1904 sibi
1256 1850 1286 1904 in
1315 1851 1454 1906 auxilinm
1484 1868 1552 1907 eum
1581 1854 1806 1925 Hp’druntiniset

979 1938 1156 2007 Tarentinis
1168 1937 1438 2009 etreliquisqnisui
1448 1939 1529 2011 juris
1539 1946 1635 2011 erant,
1649 1949 1801 2016 assumpto,

978 2026 1084 2080 vallem
1099 2026 1284 2095 Gratensem,
1303 2043 1413 2082 versus
1437 2028 1532 2083 Castri
1562 2031 1664 2084 villam
1679 2038 1800 2104 occupat.

977 2114 1084 2169 Comes
1109 2130 1181 2168 rere
1211 2113 1300 2169 multa
1316 2115 1405 2169 millia
1420 2116 1685 2175 sarracenorum
1714 2120 1800 2176 Sicilia

88 2214 207 2268 lentiam
217 2212 453 2282 prorumpentes
468 2209 503 2262 de
520 2209 631 2279 iisquae
642 2209 709 2262 duci
719 2210 924 2279 competebant
976 2207 1003 2257 et
1019 2203 1124 2272 Apulitt
1139 2203 1319 2272 conducens
1330 2205 1459 2274 equitum
1471 2222 1589 2277 quoque
1602 2209 1668 2263 sive
1684 2210 1797 2280 peditum

87 2299 287 2368 distrahendo,
305 2299 362 2352 sibi
379 2313 522 2366 usurpare
551 2297 755 2351 moliebantur,
780 2298 864 2352 Unde
894 2302 923 2353 nt
974 2290 1207 2347 Christianorum
1236 2291 1336 2362 copies
1367 2293 1502 2349 illorsum
1531 2297 1631 2365 nepoti
1654 2314 1797 2353 occurrere

86 2389 258 2444 Guilielmns
275 2390 310 2442 de
321 2386 537 2441 Grantemaniul
547 2386 632 2454 (359),
658 2402 771 2441 summa
783 2388 920 2458 cupidine
973 2380 1173 2434 acceleranter
1187 2396 1244 2434 non
1260 2380 1381 2435 relaxat.
1395 2381 1487 2436 Porro
1499 2382 1675 2440 Guilielmus
1686 2387 1722 2442 de
1732 2386 1791 2442 Ga-

86 2482 251 2548 correptus,
268 2477 296 2530 in
314 2476 499 2530 insolentiam
515 2475 657 2543 proclivis
667 2475 830 2542 declinans,
845 2477 920 2531 llos·

85 2582 187 2620 sanam
216 2565 361 2618 Calabriae
389 2564 493 2617 urbem
518 2563 684 2631 pervadens
701 2564 799 2632 intrat,
814 2565 917 2620 dicens

84 2654 222 2724 staiphe
248 2657 413 2722 competere
439 2655 480 2721 ut,
501 2652 550 2720 qui
565 2666 699 2705 sororem
715 2652 810 2718 ducis,
828 2653 915 2708 filiam

83 2743 248 2810 Guiscardi,
287 2741 432 2795 htabiliam
467 2740 594 2808 nomine,
629 2754 752 2793 uxorem
777 2741 913 2812 habebat,

83 2831 322 2900 haereditatisque
339 2830 487 2898 particeps
499 2829 590 2882 heret.
607 2827 654 2882 Sic
671 2844 736 2898 quae
750 2829 835 2882 ducis
851 2830 912 2884 tue·

81 2925 156 2989 rant,
188 2921 306 2990 propter
336 2916 565 2971 imbecillitatem
602 2916 753 2970 haeredum
787 2919 913 2989 quisque

973 2468 1306 2535 temaniol,anctoritatis
1316 2469 1561 2525 virosadrcrsnm
1572 2488 1606 2526 se
1614 2476 1793 2545 conspirasse

973 2559 1001 2611 et
1016 2556 1198 2610 ohsidionem
1214 2557 1271 2610 sibi
1289 2558 1440 2612 imminere
1457 2575 1658 2631 cognoscens,
1686 2580 1753 2619 sese
1764 2564 1792 2618 ad

972 2644 1189 2699 defendendam
1204 2661 1257 2714 pro
1272 2660 1363 2715 pesse
1377 2649 1466 2716 aptat.
1478 2646 1615 2720 Dumque
1631 2651 1689 2705 sibi
1700 2653 1793 2707 auxilie

972 2734 1165 2803 undecunque
1180 2733 1290 2787 ducere
1305 2733 1551 2805 nititurquarnris
1567 2741 1790 2810 mossitjureni·

970 2822 1027 2876 bus
1043 2823 1151 2876 talibus
1169 2823 1319 2876 exercitiis
1336 2838 1426 2876 causa
1443 2825 1578 2879 militaris
1594 2827 1790 2897 laudiS,sedct

968 2915 1101 2981 quaestus
1116 2910 1242 2965 libenter
1256 2911 1413 2980 interesse,
1431 2916 1489 2966 tam
1500 2914 1572 2968 iram
1583 2919 1701 2972 comitis
1716 2935 1790 2991 quau

80 3012 197 3079 quantae
213 3008 280 3062 lidei
296 3022 366 3078 erga
384 3007 467 3075 ipsos
485 3005 619 3059 heoredes
636 3005 728 3075 fieret,
746 3010 909 3077 estentona,
967 3006 1051 3059 ducis
1081 3005 1176 3075 veriti,
1189 3004 1306 3060 minime
1323 3006 1390 3073 sibi,
1414 3024 1481 3061 cum
1501 3011 1592 3064 multa
1606 3015 1788 3082 promitteret,

79 3099 137 3151 sihi
151 3096 341 3151 distrahendo
367 3095 537 3164 usurpabat.
555 3094 612 3147 Sed
635 3096 748 3161 natura,
763 3110 829 3164 qum
847 3095 909 3166 jam
965 3095 1109 3150 associari
1124 3095 1354 3164 praesumebant,
1365 3097 1489 3151 maxime
1501 3099 1570 3168 quia
1583 3099 1785 3156 fortunamsibi

78 3187 127 3240 diu
139 3185 294 3256 peregrina
305 3185 505 3250 oberraverat,
522 3181 693 3251 insuiJ'uris
700 3186 908 3252 proprietatem
965 3185 1132 3253 adversam,
1162 3186 1282 3252 propter
1305 3184 1382 3254 quod
1398 3184 1495 3254 ipsum
1511 3203 1578 3241 eum
1593 3189 1691 3260 aliqua
1706 3192 1781 3244 inho·

76 3290 208 3343 reversa,
227 3277 327 3327 contra
337 3288 419 3342 spem
432 3271 613 3324 medicorum
629 3272 784 3325 convalere
795 3271 905 3342 incipit.
963 3276 1076 3327 nestate
1091 3272 1307 3342 retorquebant,
1338 3276 1536 3341 praenotantes
1558 3279 1736 3334 metuebant.

4 3373 7 3377 ’
76 3361 183 3434 Sicqne
207 3363 330 3416 sanitate
360 3361 457 3413 tliatim
475 3361 676 3426 excrescente,
702 3359 738 3412 nd
759 3359 906 3431 integrum
998 3359 1784 3435 lluxautcminvalleGratensicomitem,dumveniat,

75 3453 209 3519 pristiam
226 3451 379 3503 restitutus
395 3451 441 3500 est
471 3447 597 3499 sanitati.
613 3446 695 3509 Quod
716 3448 905 3503 boamundus
963 3451 1099 3517 sustinet,
1117 3451 1245 3503 cestrum
1261 3448 1338 3519 quod
1347 3447 1444 3503 Sancti
1460 3450 1552 3505 llauri
1564 3452 1685 3525 dicitur,
1697 3471 1782 3527 usqae

73 3539 198 3593 audieus
218 3554 324 3607 magna
339 3535 446 3589 mentis
462 3534 709 3600 alacritatellalfi,
720 3536 768 3587 ubi
784 3536 903 3591 fratrem
961 3553 1124 3609 properans
1139 3536 1285 3591 deditione
1315 3537 1424 3590 eirinm
1451 3538 1499 3591 tali
1516 3542 1654 3609 pactione
1670 3545 1782 3613 suscipit

72 3641 142 3681 esse
158 3624 327 3692 sciebat,de
338 3623 404 3693 ejus
417 3622 551 3676 sanitatis
561 3624 782 3692 recuperatione
793 3640 902 3697 conga-
962 3633 991 3681 ut
1008 3628 1036 3680 in
1050 3628 1234 3697 perpetuum,
1252 3624 1319 3679 dum
1351 3626 1518 3681 ritacomes
1533 3626 1631 3698 tuerit,
1648 3631 1783 3687 illudGui·

71 3714 192 3768 visurus
215 3715 355 3782 occurrit,
383 3711 901 3781 castraquacsibicontoederaverat
960 3715 1057 3770 lielmo
1085 3729 1143 3768 non
1168 3713 1300 3767 reddant.
1319 3713 1388 3767 lnde
1409 3714 1578 3770 Rossanam
1607 3733 1704 3790 usqne
1725 3735 1783 3790 pcr-

69 3803 216 3873 reddens3
247 3819 313 3872 qna
337 3802 456 3868 lecerat,
484 3816 541 3854 non
567 3799 630 3869 jam
652 3799 753 3855 dolose
790 3800 899 3858 fecisse
958 3803 1118 3872 transiens,
1135 3800 1782 3872 quiaGuilielmusfiliospoleutiorumcirinn

68 3891 209 3948 ostendit.
230 3891 322 3945 l’orro
349 3889 523 3944 Gnilielmus
547 3888 583 3942 de
610 3888 806 3943 Grantamanil
823 3892 899 3961 turpi
957 3892 1014 3946 sibi
1045 3890 1166 3946 obsides
1195 3889 1368 3960 adduxerat,
1400 3892 1496 3945 minus
1517 3893 1576 3946 sibi
1595 3897 1781 3951 assentientes

64 3978 180 4034 illectus
201 3980 331 4047 avaritia,
350 3995 404 4033 nec
432 3979 467 4032 de
483 3977 591 4031 domini
609 3977 654 4029 sui
672 3979 897 4046 recuperatione
956 3979 1151 4035 offenditSed
1166 3977 1309 4049 qniaipse
1323 3977 1448 4049 dnxjam
1468 3983 1535 4034 ante
1551 3998 1673 4048 annum,
1694 3987 1781 4039 eontra

65 4068 200 4123 sanitatis
216 4069 516 4140 congavisurusnee,
531 4069 560 4118 ut
572 4065 673 4119 arbem
684 4080 772 4134 quam
789 4081 897 4134 perva—
955 4069 1136 4123 voluntatem
1153 4066 1334 4134 Graecorum,
1352 4067 1402 4136 qui
1415 4067 1510 4122 eidem
1521 4071 1695 4126 maximaox
1708 4077 1780 4143 parte

63 4161 143 4210 serat
171 4157 309 4225 reddens,
336 4155 477 4210 accedere
503 4154 625 4220 curavit,
657 4153 709 4207 sed
734 4155 895 4222 impudenti
952 4153 1776 4227 principabantur,Greecoarchiepiscopoejusdemsedis

61 4244 158 4299 fronte
171 4246 305 4299 fraudem
315 4243 617 4312 ostentans,eamrlem
628 4243 731 4296 urbem
739 4258 791 4312 pro
804 4259 893 4311 posse
951 4244 1099 4311 defuncto,
1116 4256 1326 4297 successorem
1336 4242 1468 4295 latinum
1485 4243 1622 4316 eligendo
1639 4247 1774 4319 subroga-

60 4333 208 4402 muniens,
227 4336 327 4387 contra
343 4335 439 4402 ipsum
456 4332 570 4398 ducem,
588 4332 614 4384 si
630 4331 704 4384 sorte
715 4331 892 4402 impugnare
950 4335 1042 4399 verat,
1061 4328 1115 4384 sed
1140 4328 1265 4383 necdum
1281 4332 1464 4382 sacramento
1479 4334 1528 4383 aut
1546 4346 1633 4386 sacra
1646 4334 1772 4388 unctione

58 4423 222 4490 attentaret,
235 4423 368 4475 armarit.
384 4422 491 4475 Comes
506 4423 604 4473 autem
622 4418 781 4490 RogoriuS,
799 4435 891 4490 super
948 4420 1080 4473 firmatus
1095 4421 1166 4487 erat,
1183 4417 1326 4471 electione
1341 4415 1769 4489 Latinitrnstrata,dumaduce

54 4508 638 4580 hacreplurimumindignatus,lamen,
657 4508 884 4579 utsapiensvir,
946 4508 1118 4563 conceditur
1142 4508 1173 4560 ut
1201 4505 1237 4558 de
1266 4509 1421 4573 suagente
1447 4506 1769 4580 archiepiscopumsibi

55 4598 124 4668 quia
139 4599 236 4668 neptis
252 4599 374 4651 maritus
389 4601 460 4664 erat,
473 4597 569 4668 legate
580 4596 615 4650 ad
629 4596 725 4666 ipsum
733 4597 836 4662 misso,
850 4597 884 4651 ad
943 4597 1039 4652 Graeci
1050 4593 1352 4666 prolibitueligereat,
1366 4593 1497 4648 lavarem
1509 4594 1628 4651 illorum
1642 4599 1764 4668 adeptus¹

52 4688 322 4741 reconciliationem
345 4690 446 4740 eontra
476 4685 625 4739 dominum
654 4701 740 4738 suum
781 4685 884 4740 urbem
943 4686 1045 4739 urbem
1085 4698 1202 4755 quoque
1240 4682 1355 4736 illorum
1384 4680 1531 4737 deditione
1556 4684 1695 4751 obtinuit;
1717 4684 1760 4740 sed

49 4775 198 4830 reddendo
227 4777 370 4831 hortatur.
397 4777 434 4828 at
463 4774 531 4827 dnm
555 4773 763 4827 blandimentis
785 4773 882 4828 minus
942 4775 1070 4826 castrum
1082 4785 1266 4841 oppugnans,
1280 4769 1760 4827 lldelibuanilielmirenitentibus

47 4863 197 4934 praevalet,
228 4866 258 4918 in
287 4865 359 4918 iram
384 4866 464 4917 totus
495 4861 778 4932 prorurnpens,jnre
804 4869 881 4917 seet
940 4860 1059 4914 minime
1084 4858 1249 4930 praevaluit.
1266 4859 1359 4912 Porro
1375 4873 1565 4927 comessum
1582 4861 1759 4916 exercitare

35 4951 159 5021 -nrbem,
190 4969 277 5024 quam
307 4952 441 5023 nequiter
456 4955 636 5019 peruaserat,
654 4950 829 5019 ablaturum,
852 4954 880 5006 et
939 4945 1751 5020 niens,dodnccquijamtantumproieceratgarisas,

49 5040 155 5105 emnia,
168 5056 234 5108 quae
249 5039 495 5095 exlicentiaducis
511 5043 577 5091 ante
593 5037 876 5107 tenuereparcae·
934 5035 1018 5108 juata
1034 5041 1164 5091 castrum
1180 5035 1281 5088 Tarsoe
1298 5049 1388 5103 super
1403 5034 1524 5088 fluvium
1536 5037 1586 5106 qni
1600 5053 1617 5090 a
1630 5038 1660 5090 S.
1671 5036 1751 5088 Marco

48 5121 113 5175 dato
129 5125 325 5183 sublaturum.
936 5125 1046 5194 defluit,
1063 5141 1121 5196 quo
1132 5124 1195 5194 jam
1211 5123 1270 5177 dun¹
1283 5122 1406 5176 tentoria
1420 5123 1535 5193 fixerat,
1545 5125 1747 5179 castrametatas
1793 5124 1800 5135 ·

340 5215 466 5268 Chl'liT
483 5213 574 5267 xxti.
935 5218 990 5268 est.
1008 5213 1062 5268 llic
1088 5212 1273 5275 Guilielmus;
1290 5227 1306 5264 a
1322 5211 1427 5265 comite
1442 5211 1585 5268 invitatus
1600 5218 1631 5268 ut
1643 5220 1746 5267 securus

152 5296 219 5350 ltux
233 5306 366 5356 eteornes
383 5303 484 5357 Castri
502 5302 600 5355 rillaru
616 5301 765 5355 obsident.
932 5302 968 5355 ad
980 5299 1742 5374 colloquendumveniat,aceessit.Multisquecircam·

78 5378 186 5451 Sicque
202 5387 369 5456 potiusipse
384 5392 488 5444 <lucem
505 5392 539 5444 ad
551 5391 766 5460 expeditionem
782 5405 873 5460 super
931 5391 1123 5444 ventionibus
1143 5404 1227 5456 usus,
1245 5389 1313 5442 dnm
1329 5392 1357 5442 et
1371 5387 1506 5443 fraudem
1522 5405 1609 5445 suam
1626 5385 1740 5461 operiret,

42 5462 230 5523 Guilielmum
245 5487 355 5542 urgens
370 5494 457 5547 qnam
481 5479 573 5549 ipsea
589 5479 663 5534 duce
679 5478 716 5532 ad
730 5477 868 5548 injuriam
930 5493 996 5548 qam
1013 5481 1187 5548 pervaserat
1215 5476 1283 5530 alnei
1298 5476 1435 5532 restituit.
1454 5476 1521 5533 Dux
1537 5482 1634 5535 entem
1646 5478 1741 5551 jussam

72 5647 148 5724 (858)
165 5647 287 5707 Pacem.
963 5653 1037 5725 (359)
1054 5652 1267 5711 Grantemenil.
