3900 6112
119 279 178 346 187

579 273 1001 342 caesarodunum
1025 275 1400 341 CAMERACENSIUM

1783 274 1843 344 m

119 487 185 542 dem
207 484 254 539 die
278 497 406 539 ascenso
420 497 507 553 equo,
523 497 578 553 par
604 484 736 536 nostram
763 480 901 536 viciniam
921 485 950 538 in
963 458 999 523 ff
1011 481 1155 538 ritualiter
1163 487 1309 551 senserat,
1319 484 1421 554 procul
1429 483 1518 540 dnbio
1527 486 1839 543 sanctnconsecratic·

118 574 218 629 multis
229 574 305 629 locis
317 573 413 627 abdita
424 576 514 626 terroe
523 575 672 627 scrutatur
688 590 695 637 ;
707 572 951 643 tandemquaDeo

122 664 292 733 opitulante,
311 662 361 732 qui
381 677 540 732 numquam
555 662 639 716 deest
653 662 844 731 sperantibus
859 663 889 718 in
905 676 948 732 se,

119 754 149 806 in
164 753 230 813 vico
239 766 326 822 quem
338 751 574 820 dixitantiquitas
586 750 704 805 Lcsden
715 749 798 819 (311),
807 751 950 822 quiquar·

118 845 148 895 lo
164 841 288 895 miliario
303 840 338 894 ab
355 841 429 895 urbe
444 839 567 905 secedit,
585 843 684 908 aperta
695 839 877 910 terra,juxta
897 854 948 893 vo·

117 933 180 984 tum
195 930 307 999 lapides
324 930 510 984 columnares
522 929 641 982 invenit.
659 928 721 982 Nec
738 928 833 982 solum
843 928 883 980 ibi
895 928 949 982 sed

119 1020 206 1074 etiam
221 1019 354 1089 propius,
379 1018 491 1072 invilla
515 1018 652 1072 videlicet
667 1017 783 1088 Nigella
804 1017 877 1087 (818)
904 1018 949 1072 1ο-

117 1108 214 1176 diana,
231 1108 309 1161 aliud
325 1123 421 1178 genus
438 1108 584 1161 honorum
600 1107 729 1176 lapidum
746 1121 780 1160 se
796 1107 948 1176 reperisse

117 1197 244 1251 loetatnr.
258 1196 341 1251 Unde
357 1195 418 1250 Deo
431 1196 542 1266 gratias
552 1195 691 1264 reddens,
705 1199 796 1249 totum
805 1211 838 1250 se
850 1196 947 1250 studio

116 1286 157 1355 pii
173 1286 283 1340 laboris
299 1284 445 1349 accinxit;
462 1300 496 1339 aa
512 1300 548 1339 ne
569 1285 695 1354 amplius
711 1285 857 1355 demoror,
875 1300 948 1356 ope-

116 1378 200 1429 rante
210 1373 530 1446 divina2misericordia,
548 1388 623 1443 opus
635 1374 811 1429 immensum
827 1377 947 1444 septen-

116 1461 947 1533 uio,annovidelicetDominicaeincarnationistb3dttiltlt

115 1552 947 1623 reddiditconsummatum.Exinvero,quodconsequens

116 1646 187 1711 erat,
199 1645 286 1712 prout
301 1642 408 1711 decuit,
420 1641 463 1696 15.
475 1642 624 1697 Kalendas
641 1643 820 1697 Novembris
836 1643 947 1697 solem-

113 1732 190 1786 niter
205 1735 233 1787 at
247 1734 277 1786 ut
288 1733 327 1786 ita
342 1731 437 1785 dicam
453 1731 619 1803 plusquam
634 1732 806 1786 solemniter
821 1732 941 1787 dedica-

115 1821 165 1873 vit.
183 1820 255 1884 Quis
270 1820 348 1874 enim
360 1823 446 1874 tantae
458 1821 562 1891 gloriae
578 1836 712 1890 pompam
731 1823 820 1893 digne
835 1821 947 1876 suflicit

114 1924 271 1978 enarrare,
289 1912 338 1963 aut
354 1910 421 1980 quis
437 1909 646 1965 dicacissimus
657 1912 820 1966 verborum
836 1910 945 1965 ambitu

1009 572 1056 625 nis
1066 572 1163 626 studio
1173 572 1300 626 credidit
1308 573 1524 630 incumbentes.
1536 574 1594 630 Sed
1604 575 1673 645 quid
1684 575 1721 631 de
1733 575 1839 630 nundi-

1008 661 1055 714 nis
1066 660 1238 716 solemniter
1252 662 1420 716 institutis?
1434 663 1504 732 quid
1517 664 1603 717 etiam
1615 665 1651 719 de
1662 666 1772 719 ceteris
1787 681 1838 721 so·

1008 749 1155 805 lemnibus
1172 752 1367 806 ornamentis?
1377 751 1460 816 Quod
1470 753 1607 807 nimirum
1619 753 1739 808 facilius
1750 754 1837 808 admi·

1008 839 1067 891 rari
1079 855 1241 908 possumus
1257 856 1344 911 quam
1360 840 1485 895 reterre.
1497 841 1678 896 Consecrato
1689 858 1764 913 ergo
1775 857 1838 897 mo·

1007 928 1146 996 nestorio,
1162 930 1252 983 multa
1267 933 1437 984 ornamenta
1448 930 1581 984 adhibuit
1589 928 1639 999 2³³⁹,
1656 946 1777 985 auream
1794 937 1837 986 ta·

1006 1015 1269 1087 bulamampliavit,
1281 1019 1414 1089 utrisque
1423 1012 1839 1090 lateribusargentcassubro·

1007 1121 1094 1175 gans,
1115 1122 1222 1161 cruces
1248 1123 1356 1162 aureas
1378 1123 1445 1162 cum
1472 1109 1648 1164 ventilabris
1663 1109 1739 1179 (881)
1754 1125 1837 1181 aeque

1007 1195 1105 1250 aureis
1116 1196 1286 1266 renovavit3
1303 1197 1424 1252 calicem
1440 1213 1571 1266 aureum,
1580 1198 1666 1268 pallia
1677 1214 1797 1269 quoque
1811 1202 1839 1254 et

1007 1284 1838 1357 casulnsaddidit,atinatiisquibusqueutensilibuscu-

1007 1390 1069 1428 ram
1078 1375 1224 1444 apposuit.
1233 1374 1276 1429 ad
1284 1375 1652 1446 luminareprocurandum
1664 1391 1700 1430 eo
1711 1376 1779 1446 loni,
1790 1376 1837 1431 ubi

1007 1464 1556 1532 sanctiiohannisconstatoratorium,
1569 1465 1645 1520 duos
1656 1480 1793 1535 mansus,
1810 1465 1838 1521 in

1006 1551 1153 1608 Andrelec
1169 1551 1242 1622 (888)
1258 1553 1408 1624 deputavit
1418 1569 1425 1622 3
1437 1556 1540 1608 etcum
1548 1569 1676 1610 necasse
1687 1554 1784 1625 tuerit¹
1795 1555 1836 1610 in·

1006 1642 1138 1696 servient
1146 1642 1335 1696 resarciendo
1347 1643 1429 1712 operi
1440 1641 1577 1713 ejusdem
1587 1643 1717 1698 oratorii.
1729 1644 1837 1699 Praete·

1006 1747 1055 1784 rea
1064 1728 1261 1784 in²6⁰Wileve
1271 1728 1345 1800 (888)
1356 1731 1499 1800 praedium
1507 1731 1780 1802 Fulberticpiscopi
1790 1731 1836 1787 his

1005 1819 1216 1874 adnumeravit.
1227 1820 1704 1890 Restaurationinovioperisocto
1713 1836 1836 1876 mansus

1005 1909 1033 1962 in
1042 1908 1213 1979 Lettriugen
1226 1908 1300 1978 (881)
1308 1924 1375 1962 curn
1385 1908 1522 1964 aecclesia
1533 1925 1587 1964 sua
1598 1910 1759 1982 delegavit.
1775 1910 1837 1966 Ma·

113 2001 222 2052 tantam
236 1997 408 2068 dignitatem
432 1999 537 2066 poterit
552 1998 691 2054 cohihere
711 2001 789 2054 ‘luhi
810 1999 946 2053 videlicet
961 2000 987 2062 Β
1005 1997 1140 2052 dietatem
1160 1998 1196 2052 de
1216 1998 1285 2051 villa
1310 1998 1441 2052 lreneias
1465 1997 1540 2067 (885)
1555 2014 1621 2053 cum
1638 1999 1779 2054 aeeclesia
1801 1999 1836 2054 ad

114 2089 282 2140 sanctorum
298 2102 422 2156 corpora
436 2091 547 2141 nostrae
567 2087 725 2143 dioceseos
742 2105 807 2143 cum
820 2088 905 2157 plebe
917 2092 946 2143 et

114 2175 193 2229 clero
208 2175 237 2228 in
250 2179 537 2247 unumcongrcgata,
547 2177 598 2231 nbi
607 2177 715 2231 choros
725 2181 783 2231 tam
791 2177 946 2232 monacho-

112 2280 178 2320 rum
192 2279 280 2334 quam
296 2268 324 2318 at
346 2266 555 2320 canonicorum
571 2268 741 2320 catervatim
757 2269 943 2335 commixtae,

70 2407 73 2410 .
113 2354 162 2408 ubi
183 2354 270 2407 etiam
290 2369 348 2408 non
372 2356 483 2408 tantum
507 2355 611 2409 urbem
631 2356 766 2425 interius,
786 2372 889 2410 verum
915 2360 943 2411 et

112 2458 233 2512 campos
242 2443 945 2515 exteriuspasaimutriusquesexusmultitudine

114 2535 269 2601 pernatare
282 2532 411 2585 videres.
423 2531 575 2596 Quomodo
584 2536 680 2589 autem
696 2536 867 2589 sanctorum
878 2551 937 2589 cor·

116 2634 187 2688 pora
209 2620 287 2673 circa
311 2620 403 2674 altare
425 2621 552 2676 domnus
576 2623 735 2694 episcopus
766 2625 944 2692 ordinasset,

116 2723 240 2762 summae
256 2708 373 2779 piatatis
388 2713 434 2764 est
457 2726 623 2766 memorare
638 2729 673 2766 ac
687 2714 745 2783 piis
759 2714 945 2768 auditoribus

114 2797 251 2851 salutare.
262 2797 329 2867 lpse
339 2814 465 2869 namque
482 2801 648 2870 pariterque
660 2802 753 2856 obbas
764 2803 943 2871 Richardus,

114 2885 200 2939 ambo
214 2886 350 2941 videlicet
366 2889 539 2942 secmentati
549 2887 633 2958 (380),
649 2891 853 2945 beatissimum
870 2892 944 2947 Gau·

114 2975 258 3046 gericum,
276 2979 375 3045 utpote
391 2977 558 3046 pontitlcem
568 2993 716 3033 summum
727 2983 755 3034 et
766 2984 876 3036 sanctae
891 2981 945 3036 de·

114 3064 270 3119 dicationis
280 3066 453 3137 magistrum
461 3067 644 3136 precipuum,
656 3084 722 3122 cum
733 3085 848 3124 summa
856 3070 944 3125 devo-

114 3153 193 3208 tione
214 3154 361 3224 tollcntes,
385 3154 522 3209 laudibus
539 3157 712 3226 decantetis,
730 3159 810 3213 clero
826 3160 943 3229 quidem

1002 2101 1077 2141 usus
1093 2102 1253 2156 pauperum
1273 2086 1362 2141 dedit.
1380 2087 1424 2141 hd
1445 2087 1624 2156 prebendam
1640 2088 1767 2142 fratrum
1777 2104 1836 2144 ωο-

1004 2175 1125 2228 clesiam
1134 2175 1237 2228 invilla
1245 2175 1382 2244 ltlaionis,
1392 2192 1459 2247 quae
1470 2175 1620 2231 Fontanas
1635 2177 1835 2249 (liciturum),

1003 2267 1031 2317 et
1041 2264 1168 2318 alodium
1180 2264 1335 2319 Gertrudis
1346 2265 1465 2319 addidit.
1482 2264 1588 2320 Villam
1602 2267 1732 2321 Poscant
1749 2267 1837 2338 depa-

1003 2356 1119 2407 rentum
1127 2353 1288 2408 hereditate
1309 2368 1375 2409 cum
1386 2353 1496 2408 familia
1513 2355 1669 2426 utriusque
1687 2356 1839 2411 sexussti·

1002 2443 1118 2512 pendiis
1143 2444 1316 2497 eorumdem
1332 2443 1516 2497 contradidit.
1544 2442 1638 2514 Cujus
1655 2445 1835 2501 consumit·

1002 2532 1161 2602 bipertivit,
1178 2531 1253 2586 utin
1269 2532 1453 2587 dedicatione
1471 2533 1618 2587 aecclesioe
1647 2532 1836 2590 medietatam

1002 2620 1070 2691 ejus
1085 2620 1277 2688 insumerent,
1308 2621 1510 2692 reliquamque
1529 2622 1559 2675 in
1577 2621 1626 2676 die
1640 2622 1838 2678 ordinationis

1003 2725 1076 2779 suaa,
1094 2710 1190 2781 quoad
1200 2710 1322 2780 viveret,
1339 2711 1534 2780 perciperent,
1547 2725 1642 2781 eoque
1653 2712 1757 2766 seculo
1768 2711 1837 2767 aab

1002 2803 1106 2867 tracto,
1130 2798 1291 2869 predictam
1301 2786 1500 2853 'ordinationis
1515 2800 1593 2854 diam
1612 2800 1642 2854 in
1658 2801 1837 2856 anniversa·

1003 2889 1076 2942 riam
1091 2889 1235 2942 transitus
1251 2888 1297 2943 sui
1310 2889 1532 2943 commutarant.
1550 2888 1698 2943 Praedium
1715 2889 1837 2945 110111111-

1002 2982 1066 3032 curt
1075 2976 1159 3047 (881),
1172 2977 1248 3047 quod
1261 2994 1277 3031 a
1289 2977 1455 3048 Ragnetino
1469 2978 1593 3046 accepit,
1608 2978 1766 3047 episcopio
1781 2978 1834 3033 ad-

997 3067 1111 3137 junxit3
1125 3063 1315 3136 ,itemqaotffl
1330 3065 1408 3120 aliud
1424 3066 1454 3120 in
1476 3066 1626 3137 Bragbant
1640 3066 1677 3121 ad
1690 3064 1835 3139 [bladonis

1001 3171 1131 3210 crucem.
1143 3156 1280 3220 Quartam
1292 3169 1408 3226 quoque
1419 3158 1530 3225 partem
1543 3155 1742 3210 Perronensis
1757 3155 1833 3225 tiscl,

111 3257 147 3296 ac
162 3242 270 3313 populo
286 3259 347 3313 prae
363 3243 471 3314 gaudio
487 3245 555 3298 dum
571 3245 636 3300 haec
652 3249 820 3316 spectarent
834 3247 944 3303 illacri·
1001 3260 1089 3316 quam
1109 3261 1123 3297 a
1144 3248 1283 3315 quattuor
1301 3243 1441 3315 ingenuis
1466 3243 1636 3298 hominibus
1659 3243 1831 3315 adquisivit,

112 3332 272 3400 mantibus,
289 3332 318 3384 in
335 3332 472 3386 cathedra
488 3335 656 3404 pontificati,
667 3336 744 3390 sicut
759 3341 826 3390 ante
837 3337 941 3407 luerat,
1002 3335 1144 3389 lictberto
1160 3333 1275 3387 scilicet
1290 3335 1378 3402 atque
1393 3332 1540 3402 Hubaldo,
1557 3332 1706 3402 athelino,
1724 3331 1832 3403 Suavn,

114 3419 305 3473 collocarunt.
332 3420 420 3473 iuxta
434 3436 521 3490 quem
537 3423 665 3478 medium
681 3427 801 3480 sanctos
825 3441 942 3496 quoque
1002 3420 1295 3492 mensaeepiscopiad
1303 3421 1463 3476 Castellum
1471 3424 1583 3476 sancta
1599 3421 1833 3492 Marioe,cnicir-

112 3505 689 3577 pontificesautbertum,Vindentianum
706 3512 875 3583 Hadullum,
892 3516 942 3586 qui
959 3542 985 3604 0
1001 3510 1333 3584 cumjacet,destinavit‚
1346 3508 1445 3564 Sancti
1455 3511 1750 3565 Andreaeoratorium
1760 3509 1831 3566 inibi

113 3598 141 3647 et
172 3595 230 3664 ipsi
254 3594 391 3665 ejusdem
413 3597 514 3651 altaris
533 3600 728 3653 comministri
744 3601 868 3670 lucrant,
898 3603 943 3657 al·
1000 3601 1221 3655 alundamento
1246 3601 1411 3653 construxit
1426 3597 1510 3668 (888),
1526 3600 1704 3670 tertiamque
1720 3603 1830 3670 pamm

110 3683 259 3738 trinsecus
285 3687 472 3752 statuerunt,
513 3686 689 3758 interposito
724 3689 811 3745 etiam
835 3691 942 3748 baculo
1000 3688 1830 3762 quartaepartissupradictiliscicontulitcongregationi

112 3771 207 3826 sancti
218 3772 339 3826 Vadasti
348 3788 414 3826 aum
424 3774 557 3844 reliquiis
568 3776 643 3830 suis.
661 3777 772 3834 Deinde
788 3795 858 3834 vero
869 3786 944 3836 ccta-
1000 3780 1223 3848 monachorum,
1234 3793 1321 3848 quam
1336 3778 1383 3846 pia
1395 3776 1592 3832 sollicitudine
1604 3777 1677 3833 levit
1691 3778 1829 3849 quamdiu

112 3876 173 3930 ros,
184 3861 213 3914 id
222 3867 268 3915 est
276 3864 414 3916 martires
426 3863 621 3919 confessores
637 3881 671 3919 ac
681 3866 826 3938 virginea,
839 3886 942 3924 unum·
999 3870 1082 3923 vixit.
1096 3869 1233 3923 hlodium
1242 3866 1417 3922 Theoderici
1435 3868 1552 3936 montis,
1564 3867 1643 3937 quod
1654 3866 1829 3922 Hervnrdna

111 3948 350 4021 quemquejuxta
362 3950 493 4005 ordinem
506 3968 604 4023 suum,
617 3955 780 4012 incircuitu
791 3959 941 4027 proutde-
1000 3959 1085 4013 miles
1105 3962 1133 4012 et
1147 3957 1237 4011 Fulco
1255 3971 1347 4027 nepos
1371 3956 1438 4028 ejus
1464 3956 1678 4026 hereditabant,
1695 3958 1742 4011 eis
1756 3952 1829 4027 (888)

111 4039 195 4092 cebat
206 4038 371 4108 conposuit.
385 4039 476 4095 Porro
487 4041 531 4095 sic
548 4044 720 4113 conpositos
729 4047 867 4117 quisquis
878 4049 940 4118 spi·
998 4063 1118 4103 manere
1141 4046 1242 4115 voluit,
1269 4049 1298 4099 et
1311 4045 1466 4099 Watineas
1494 4044 1578 4116 (390),
1603 4061 1692 4116 quam
1715 4045 1751 4101 da
1774 4058 1828 4100 ano

765 4135 913 4197 VARIAE
928 4135 1167 4201 LECTIONES.

143 4204 294 4262 8191111111
312 4222 380 4263 voce
395 4207 420 4262 1.
438 4209 602 4266 Desinebat
619 4216 750 4286 tempore
763 4215 1057 4290 Celaenerii,ntipse
1071 4217 1167 4284 dicit„
1185 4215 1285 4269 ultimo
1293 4214 1486 4287 quaternione
1501 4213 1667 4295 deperdito.
1686 4211 1743 4278 Qui
1758 4229 1827 4287 qna·

110 4280 207 4334 ternio
222 4285 348 4335 exeunte
368 4281 476 4336 soeculo
485 4282 545 4336 XII
559 4284 653 4338 adhuc
676 4292 783 4341 extans
803 4319 838 4327 -
862 4295 930 4345 tnnc
944 4292 1022 4346 enim
1036 4290 1062 4344 8.
1075 4289 1113 4341 1..
1131 4302 1194 4341 cnm
1211 4287 1436 4357 descripserunt
1449 4302 1556 4356 —Jam
1576 4301 1601 4339 s.
1618 4283 1700 4338 XIV.
1718 4284 1828 4358 deper-

110 4350 191 4405 ditus
204 4350 272 4420 suit,
283 4351 310 4404 8.
328 4352 406 4404 onim
421 4368 477 4407 non
488 4353 552 4426 ⁸iam
567 4354 681 4425 hahuit,
697 4358 793 4412 sedin
807 4374 876 4415 voce
887 4361 1021 4416 adhibuit
1037 4360 1189 4426 desinens,
1208 4358 1308 4412 eodem
1324 4356 1434 4410 calamo
1448 4355 1830 4428 statimsubjuagitbrcvis·

109 4422 213 4475 simam
238 4421 486 4478 continuationem
513 4445 521 4478 :
547 4425 618 4480 Post
633 4428 771 4481 istum-—
793 4429 910 4500 Savine,
929 4449 1012 4504 quam
1029 4430 1110 4485 inl'ra
1126 4429 1327 4501 subjiciemus.
1347 4428 1444 4481 Etiam
1459 4426 1524 4481 4.5.
1542 4427 1573 4480 111
1599 4442 1668 4480 voce
1696 4427 1829 4483 adhibuit

109 4492 259 4559 desinunt,
276 4493 308 4546 in
323 4492 419 4546 media
432 4497 559 4566 pagina,¹
575 4496 665 4552 nilde
687 4499 824 4554 erditnnr.
838 4500 999 4573 Sequentia
1014 4504 1110 4574 igitur
1125 4515 1181 4555 nou
1197 4500 1301 4554 damus
1312 4498 1371 4552 nisi
1383 4514 1421 4552 ex
1435 4499 1461 4552 t.
1480 4513 1562 4569 quem
1575 4496 1783 4568 colvenerius,
1800 4502 1829 4553 et

107 4560 145 4618 2¹.
163 4579 246 4635 quern
262 4579 316 4618 nos
329 4563 494 4620 habuimus.
506 4565 547 4607 2⁰0
561 4568 647 4622 deest
662 4515 699 4623 ἕ.
714 4566 753 4612 ²⁶¹
769 4571 840 4627 Item
855 4571 881 4626 8.

143 4713 372 4780 (377l1208d85ss·
395 4713 483 4769 CObV·
1030 4720 1104 4792 (885)
1112 4720 1254 4777 Fortasse
1271 4720 1407 4791 lvergny,
1418 4719 1826 4776 nrrondissemcntdaSaint·

142 4783 217 4855 (818)
242 4785 394 4857 Nnyelles,
428 4786 458 4840 in
492 4787 614 4842 sinistra
649 4790 712 4860 ripa
740 4791 866 4848 Scaldis
897 4795 939 4848 Ln
994 4795 1058 4848 Pol.
1071 4795 1104 4847 L.

108 4854 195 4909 Gnav.
1030 4865 1103 4931 (380)
1136 4863 1276 4917 Fontaine
1311 4863 1347 4917 N.
1386 4864 1437 4931 D.,
1468 4864 1514 4918 vel
1544 4861 1824 4930 Fonteium-Pice,

143 4922 221 4994 (318)
245 4928 280 4981 Α.
300 4925 377 4995 toti,
404 4944 444 4980 xv
473 4927 527 4982 Kal
542 4929 618 4984 Nov.
645 4938 850 4989 consecratum
875 4936 944 4991 dicit
998 4937 1045 4991 vel
1079 4934 1456 5005 Fonteiae-en-Beauvois,
1492 4935 1538 4989 vel
1566 4933 1827 4990 Fonteius-Plist-

107 4994 254 5050 Chronica
270 4998 300 5052 S.
318 5000 445 5053 Andreae
473 4999 595 5054 Castelli
610 5000 805 5060 Cameracesii
823 5006 889 5076 qil,
906 5023 943 5062 ex
997 5024 1064 5080 que.
1082 5007 1115 5061 L.

107 5066 262 5146 annalibus
278 5067 413 5138 ejusdem
434 5074 615 5143 monasterii,
633 5079 663 5128 ut
677 5076 802 5146 videtur,
820 5079 876 5133 hoc
892 5080 940 5133 de·
1032 5078 1105 5148 (387)
1119 5078 1327 5147 Haillencourt,
1344 5093 1402 5132 arr.
1419 5078 1552 5150 d'hrras,
1568 5080 1618 5131 aut
1632 5076 1827 5151 Roellecourt,

107 5136 256 5192 scribens.
991 5167 1049 5205 arr.
1060 5150 1096 5203 de
1111 5149 1272 5203 Sciat-Pol.
1285 5150 1318 5202 L.

142 5206 286 5288 (888111.
308 5212 444 5267 vestibus
461 5215 666 5286 segmentatis,
691 5232 746 5273 acu
775 5219 871 5289 pictis,
889 5220 935 5274 in·
1026 5220 1100 5345 (888)
1116 5220 1150 5274 10
1177 5219 1242 5273 Kal.
1259 5219 1321 5275 Oct.
1338 5219 1408 5276 1085
1428 5219 1594 5275 dedicatum
1621 5218 1692 5275 dicit
1713 5218 1826 5277 Chron.

106 5278 177 5332 duh.
991 5291 1022 5346 S.
1035 5293 1080 5345 An
1103 5306 1162 5345 reae
1170 5290 1289 5345 Castelli
1305 5291 1502 5347 cameracesii
1517 5289 1602 5361 11,18.
1615 5290 1829 5364 adaequantia

141 5347 216 5417 (881)
232 5349 366 5405 Vexillis.
991 5362 1029 5416 cf.
1046 5362 1203 5432 diplomata
1231 5362 1354 5417 Gerardi
1383 5367 1469 5434 atque
1484 5361 1662 5435 Conradifll,
1676 5364 1755 5434 apud
1771 5363 1830 5421 hii-

141 5419 216 5490 (382)
233 5421 421 5492 Anderlccht,
442 5438 534 5495 prope
549 5427 715 5486 Bruxellas
991 5449 1085 5488 raeum
1101 5433 1173 5502 Opp.
1187 5433 1255 5501 dipl.
1268 5434 1288 5487 l.
1301 5435 1344 5488 55.

142 5491 205 5560 (888
231 5492 359 5548 01110.
810 5511 813 5519 ¹
1023 5504 1099 5573 (889)
1115 5504 1341 5560 Semonachis.

143 5562 205 5630 (881
231 5563 374 5621 Fortasse
389 5564 599 5642 Ledringhem,
618 5573 737 5630 arrond.
754 5572 937 5631 0111111101-
1029 5575 1103 5647 (880)
1119 5574 1312 5648 Wattignies,
1323 5593 1383 5634 arr.
1399 5576 1558 5634 d’ltvesne.
1573 5575 1609 5636 11.

107 5647 174 5712 que.
186 5634 229 5694 Lu
244 5633 334 5694 Gnar.
