3908 6112
127 318 187 382 6⁰9
786 320 1014 387 OPUSGULA
1035 322 1193 388 srusle

122 519 155 575 Et
167 520 276 577 tudem
289 520 495 591 salsissimam,
513 521 616 578 lesum
630 520 829 593 osculantem,

123 610 163 663 ed
177 609 250 681 quid
267 610 361 667 ludes
374 616 497 666 venerat
509 612 578 667 audi
590 612 803 683 sciscitantem,

123 698 155 752 El
167 698 252 753 illum
265 699 483 770 nequissimum
498 700 625 755 emicem
640 704 804 756 vocantem.

154 786 240 841 Tunc
256 801 329 842 voce
343 788 498 843 lenissime
509 789 633 844 Domino
648 790 764 846 dicente

123 875 163 930 ltd
177 891 249 931 eos:
265 874 354 941 Quem
368 877 528 948 queritis?
544 879 686 932 corruunt
700 881 829 948 repente.

126 963 198 1030 Quid
214 963 321 1020 secturi
336 968 423 1020 erunt
436 967 506 1020 tunc
520 965 595 1022 lesu
610 967 746 1023 veniente

123 1053 226 1109 lodice
242 1052 367 1109 terribili
380 1054 439 1108 illis
454 1055 638 1125 apparente?

152 1140 260 1214 Oqais
275 1143 341 1198 sine
352 1144 467 1215 gemitu
480 1145 578 1213 potest
592 1143 724 1217 cogiiere

122 1229 189 1285 lllos
204 1229 402 1301 impiissimos
417 1230 558 1287 telesam
574 1231 680 1306 ligere,

123 1317 287 1391 lienusque
300 1319 509 1374 sanctissimos
521 1323 581 1374 tam
595 1321 669 1376 dure
685 1324 810 1392 arctare,

124 1403 202 1463 Heul
220 1423 275 1462 our
288 1422 346 1480 ego
360 1408 514 1478 pessimus
528 1424 644 1481 nequeo
659 1409 800 1482 plorare?

383 1495 510 1553 Ducitur
519 1497 557 1553 ed
570 1499 698 1554 Annam.

153 1583 239 1640 Tunc
254 1599 357 1641 omnes
372 1584 511 1656 discipuli
525 1589 605 1643 metu
620 1587 780 1659 fugientes,

124 1671 205 1729 lleul
222 1672 320 1728 solum
335 1671 505 1746 relinquunt
519 1678 548 1730 te
563 1677 641 1730 inter
655 1676 827 1748 saevientes,

123 1762 205 1817 Certe
221 1760 310 1817 nimis
325 1761 392 1818 duri
408 1765 478 1818 suut
493 1763 595 1835 corde,
611 1765 759 1820 intuentes

124 1850 161 1906 'le
174 1849 211 1904 ed
227 1851 343 1906 Annem
357 1850 474 1919 deduci,
489 1853 515 1908 si
532 1869 591 1908 uon
606 1856 676 1908 sunt
690 1852 835 1910 dolentes.

389 1941 418 1996 F
417 1948 518 2014 uptunt
533 1942 681 2015 discipuli.

154 2028 176 2084 0
191 2029 288 2084 seneli
303 2028 451 2100 discipuli,
467 2047 484 2087 o
500 2033 557 2087 mei
571 2031 705 2102 petronii

123 2117 179 2173 Cur
193 2133 254 2173 nou
269 2117 356 2174 tidem
373 2118 471 2174 fecitis
487 2125 597 2175 vestrae
613 2120 794 2191 sponsioni?

123 2205 177 2262 Sed
193 2221 296 2262 sermo
310 2206 489 2263 verissimus
504 2212 549 2264 est
566 2208 700 2281 Magistri
714 2210 795 2282 boni,

123 2293 195 2350 Dum
210 2294 248 2350 ed
262 2294 365 2368 tegern
379 2297 524 2351 concitam
538 2298 612 2353 estis
624 2298 664 2352 ita
677 2300 773 2368 proni.

155 2383 434 2456 httemeniutellige
449 2385 574 2440 multam
588 2402 643 2442 vos
658 2387 781 2458 tristeri,

123 2470 156 2525 Et
169 2472 198 2526 in
214 2475 311 2528 mente
326 2473 458 2545 graviter
472 2473 551 2528 intus
565 2476 701 2531 cruciari.

122 2560 176 2615 Sed
190 2563 258 2632 peto
272 2559 437 2633 dignemini
452 2562 555 2618 iesum
571 2564 736 2635 deprecari.

124 2647 158 2704 Ut
173 2649 246 2703 mihi
259 2650 430 2705 moestitiem
445 2649 493 2705 det
509 2651 610 2707 cordis
623 2653 726 2709 amari.

366 2737 540 2795 credeliter
555 2745 711 2797 tractetur.

154 2826 177 2882 0
191 2827 286 2899 Virgo
300 2828 503 2897 sanstissime,
520 2829 547 2883 si
562 2833 592 2884 tu
608 2845 744 2900 praesens
759 2837 860 2890 netum

123 2913 267 2971 (temeres
279 2915 316 2971 ab
331 2916 430 2987 impiis
445 2919 504 2972 tem
519 2917 621 2974 stricte
636 2920 770 2994 ligatum,

125 3004 157 3060 Et
168 3003 392 3076 despicabiliter
404 3005 442 3061 eb
457 3005 516 3062 illis
531 3008 698 3081 tractatum,

124 3091 196 3149 Vere
208 3093 430 3148 amenissimum
444 3094 533 3150 dares
548 3094 701 3168 ejulatum.

411 3180 506 3255 Alope
521 3183 660 3242 creditur.

154 3267 296 3343 Nunquid
305 3271 337 3326 tu
350 3285 410 3327 non
425 3270 559 3329 somnies
574 3273 701 3344 qualiter
715 3279 761 3331 est
776 3276 867 3333 lesus

113 3357 228 3430 Captus
242 3373 259 3413 e
275 3360 440 3427 malevolis,
456 3360 644 3432 vinculisque
659 3364 774 3420 laesus?

120 3443 203 3502 ileul
216 3462 272 3503 cur
284 3463 370 3504 meus
383 3449 501 3504 enimus
515 3455 668 3519 permanet
682 3452 807 3523 illaesus,

118 3534 195 3590 Ilum
209 3534 349 3592 Christus
364 3542 411 3592 est
425 3537 508 3608 alape
521 3538 597 3608 epud
609 3541 723 3595 hunem
738 3543 864 3598 cesus?

156 3623 319 3696 Usqueqno
334 3626 470 3695 piissime
485 3627 587 3684 differs
602 3628 760 3685 vulnerere

119 3710 218 3768 ileum
234 3727 288 3769 cor
299 3715 448 3786 angustiis
462 3718 520 3771 ture
534 3716 627 3787 prolis
639 3717 762 3774 oheraei

120 3800 143 3856 0
157 3816 222 3856 mee
238 3801 357 3872 liducie,
373 3803 509 3874 supplico
525 3805 649 3878 dignere

121 3888 246 3946 Dolores
260 3894 290 3945 et
302 3890 424 3946 vulnere
440 3894 500 3964 pati
515 3895 586 3949 mihi
601 3893 691 3951 derel

152 3976 369 4050 contemplere,
386 3981 491 4047 anime,
508 3981 611 4038 lesum
627 3984 809 4055 destitutum,

122 4064 157 4122 Et
169 4068 200 4122 iu
215 4066 300 4123 duris
313 4069 442 4125 vinculis
456 4075 535 4126 arcte
551 4072 752 4144 coustitutum,

120 4153 150 4210 ln
165 4169 261 4228 preve
275 4156 402 4213 concilio
418 4158 582 4230 principum
598 4163 762 4229 statutum·

120 4243 201 4301 ltere
214 4245 287 4318 agni
301 4245 448 4318 simplicis
463 4247 502 4302 nil
518 4264 587 4304 esse
599 4249 740 4305 locutum.

355 4335 491 4391 Mittitur
505 4336 544 4391 ed
559 4334 707 4407 Caipham.

152 4419 304 4478 Cenlltere
318 4437 465 4478 venerans
480 4423 556 4479 false
571 4429 752 4494 accusatum,

118 4507 256 4566 Berisum
271 4508 422 4582 aCeiphe,
439 4513 702 4585 etinterrogetum,

116 4596 177 4653 Sed
192 4597 269 4654 bene
283 4599 415 4671 intellige
430 4614 551 4655 rursum
564 4601 765 4673 reprobatum,

117 4684 154 4741 Et
168 4685 444 4758 retemnjudloam
459 4688 563 4743 lesum
576 4703 646 4744 esse
661 4689 770 4746 delum.

151 4773 274 4831 Christe
285 4765 513 4848 benignissime,
530 4777 579 4847 qui
595 4792 630 4832 es
643 4777 825 4835 adventurus

115 4861 150 4918 ln
166 4862 215 4918 die
229 4863 394 4920 novissimo
409 4879 465 4921 nos
478 4863 676 4937 judicaturus,

114 4951 217 5006 luetis
231 4951 427 5021 deleolehilis,
444 4968 497 5008 eos
512 4954 694 5026 salvaturus,

114 5037 244 5112 injustis
259 5040 412 5111 terribilis,
430 5056 483 5098 eos
498 5043 701 5114 damneturus,

151 5127 297 5193 Obsecro,
313 5127 458 5200 piissime,
472 5130 509 5185 oh
525 5146 661 5186 cruorem
676 5133 810 5204 dignam,

112 5216 211 5283 Quem
227 5218 328 5272 luvlisli
344 5222 463 5288 propter
477 5235 523 5274 me
539 5236 630 5291 super
644 5223 744 5276 crucis
757 5221 881 5292 ligeum,

113 5305 213 5362 Tuum
230 5306 340 5361 vultum
355 5307 425 5361 mihi
442 5311 511 5362 tuno
521 5309 643 5365 ostende
659 5310 831 5381 benignum,

113 5393 161 5450 Ne
179 5394 335 5451 formidem
350 5395 478 5467 eliquem
494 5398 629 5467 spiritum
646 5398 817 5470 malignum.

150 5483 281 5554 Propter
292 5485 415 5539 matrem
431 5483 594 5557 Virginem,
610 5502 676 5558 quae
692 5502 708 5540 e
723 5485 836 5542 dextris
849 5487 919 5558 tuis,

111 5571 201 5628 Tunc
215 5570 333 5627 sedebit
347 5571 467 5642 nobilis,
483 5576 515 5627 ut
529 5575 594 5629 oret
607 5587 660 5644 pro
675 5574 751 5643 suis,

110 5659 207 5717 Salve
220 5659 251 5716 in
263 5664 438 5735 perpetuum
453 5677 500 5720 me
514 5677 582 5720 cum
595 5663 708 5720 senctis
723 5664 793 5734 tuis,

972 524 999 588 Α
1013 524 1068 591 Qui
1082 542 1161 581 nunc
1176 541 1267 597 super
1282 525 1390 599 impios
1406 531 1493 600 elque
1507 530 1573 600 pios
1588 533 1677 602 pluis,

1047 613 1154 686 Oquis
1171 615 1236 669 siue
1253 615 1394 687 lacrymis
1409 620 1506 687 polest
1520 619 1664 690 meditari,

1013 703 1096 771 lesu,
1112 703 1183 774 quid
1196 708 1224 758 le
1240 705 1415 774 permiseris
1428 709 1539 761 tautum
1550 708 1694 778 tribulari,

1012 790 1223 861 Blesphemum
1238 808 1255 845 e
1270 792 1380 863 Caiphe
1395 792 1570 865 tojudiceri,

1013 878 1057 932 hd
1072 884 1195 934 mortem
1212 880 1415 950 turpissimam
1429 898 1446 935 a
1461 882 1563 951 previs
1579 883 1722 938 damneri.

1248 967 1409 1038 Irridetur,
1426 971 1607 1042 conspuitur.

1049 1056 1122 1111 Post
1136 1056 1200 1111 hrec
1216 1056 1279 1112 iere
1294 1058 1407 1130 singuli
1419 1059 1449 1114 in
1465 1063 1493 1114 te
1505 1060 1665 1129 irruentes,

1013 1142 1046 1199 ln
1059 1145 1233 1216 preclaram
1248 1145 1354 1201 taciem
1370 1147 1494 1217 turpiter
1508 1153 1663 1220 spuentes,

1014 1232 1122 1304 Alopes
1137 1238 1166 1289 at
1181 1233 1323 1305 colaphos
1336 1235 1465 1306 undique
1478 1237 1659 1308 prebentes,

1013 1322 1056 1377 hd
1071 1322 1231 1396 lugendum
1246 1324 1375 1379 excitent
1386 1327 1549 1381 emulorum
1564 1331 1688 1382 mentes.

1048 1410 1158 1466 Dolens
1173 1425 1272 1481 ceree,
1288 1413 1395 1481 anime,
1411 1413 1487 1469 istos
1503 1414 1675 1485 sevientes,

1012 1497 1097 1554 Heul
1115 1499 1238 1570 capillos
1253 1500 1369 1570 cepitis,
1383 1504 1413 1556 et
1427 1501 1529 1557 barbae
1544 1503 1699 1574 vellentes,

1010 1587 1053 1642 he
1069 1585 1195 1644 veletem
1206 1587 1311 1644 taciem
1326 1589 1450 1659 psalmis
1465 1590 1619 1661 ferientes,

1011 1674 1104 1731 Simul
1119 1676 1262 1749 quidquid
1279 1680 1424 1748 poterent,
1438 1679 1508 1734 meli
1523 1680 1676 1737 iacientes.

1339 1766 1512 1840 Soliloqeie.

1045 1853 1070 1909 0
1084 1855 1179 1923 dolor,
1197 1869 1214 1910 ο
1228 1855 1358 1926 gemitus
1371 1852 1377 1910 l
1393 1870 1485 1927 quere
1500 1856 1592 1912 miser
1606 1873 1663 1930 ego

1011 1942 1114 2000 lntime
1128 1958 1187 1999 non
1198 1943 1294 2012 doleo,
1307 1941 1377 1999 dom
1391 1942 1456 1998 hoec
1470 1946 1544 1999 mele
1560 1945 1651 2018 lego?

1010 2032 1077 2088 Nisi
1090 2032 1159 2104 quie
1170 2030 1265 2087 malus
1276 2048 1353 2104 surn,
1366 2034 1394 2088 et
1409 2033 1466 2089 hoe
1476 2034 1574 2104 ipsum
1587 2040 1664 2108 tego,

1010 2120 1055 2189 Et,
1068 2119 1140 2177 heul
1153 2120 1311 2191 aliquoties
1326 2123 1371 2176 sic
1382 2138 1429 2177 me
1443 2138 1513 2178 esse
1525 2139 1612 2195 nego.

1045 2209 1175 2264 Delicate
1189 2209 1282 2263 iacies
1298 2208 1351 2264 Dei
1363 2209 1437 2266 lesu
1449 2209 1569 2279 Christi,

1011 2297 1084 2354 Vide
1096 2314 1142 2353 me
1155 2297 1202 2353 his
1214 2297 1309 2353 oculis
1321 2297 1430 2369 quibus
1446 2299 1606 2369 respexisti

1010 2390 1129 2446 Petrum
1140 2392 1185 2443 ter
1195 2392 1352 2460 nogentem
1361 2389 1402 2456 te,
1413 2388 1491 2442 sicut
1501 2388 1674 2458 predixisti,

1010 2475 1049 2533 Ut
1061 2476 1114 2530 tibi
1126 2476 1289 2546 competier
1299 2491 1352 2546 pro
1366 2491 1413 2530 me
1428 2476 1517 2530 nimis
1527 2476 1614 2531 tristi.

1044 2564 1173 2620 Oludoei
1184 2563 1264 2635 impii
1277 2564 1399 2634 superbi
1414 2567 1445 2619 et
1454 2565 1533 2632 veni,

1009 2654 1106 2720 Quare
1117 2653 1254 2706 insanitis
1268 2653 1324 2717 sic,
1336 2652 1426 2707 veluti
1438 2653 1563 2708 vesani?

1011 2742 1101 2810 Deus,
1114 2741 1167 2795 Dei
1178 2740 1272 2796 Filius
1283 2743 1339 2809 est,
1353 2741 1471 2795 onimis
1484 2741 1610 2812 profani,

1010 2829 1103 2896 Quem
1119 2844 1174 2884 vos
1190 2830 1236 2883 sic
1248 2827 1383 2902 affligitis
1394 2828 1474 2884 velut
1485 2829 1645 2886 inhumani.

1044 2918 1118 2973 lesu
1129 2915 1344 2988 potentissime,
1359 2916 1414 2972 Fili
1426 2918 1479 2972 Dei
1495 2919 1568 2982 veri.

1008 3004 1105 3072 Quare
1119 3006 1165 3060 vis
1176 3004 1360 3075 promiseris
1373 3008 1431 3060 tem
1447 3005 1515 3062 vilis
1528 3007 1646 3062 viderit

1007 3094 1093 3150 Certe
1104 3093 1192 3148 nimis
1203 3091 1310 3164 plenus
1323 3108 1358 3147 es
1369 3093 1480 3149 amoris
1494 3094 1614 3151 sinceri.

1008 3184 1111 3239 Dume
1126 3181 1200 3237 viris
1210 3180 1310 3252 impiis
1320 3184 1433 3236 tentum
1446 3182 1494 3237 vis
1505 3185 1645 3254 torqueri.

966 3252 992 3316 0
1007 3272 1069 3328 Osi
1081 3287 1145 3328 mea
1158 3270 1281 3327 Domina
1296 3272 1324 3324 te
1341 3269 1455 3325 videret
1469 3273 1606 3341 stentem,

1008 3364 1051 3417 Ac
1062 3364 1158 3416 metes
1169 3359 1325 3432 engusties
1340 3359 1387 3430 pie
1399 3360 1583 3430 tolerantem,

1007 3449 1139 3516 Nullum,
1154 3452 1184 3503 ut
1195 3448 1320 3518 aestimo,
1332 3448 1400 3520 quis
1415 3447 1489 3502 vidit
1499 3448 1544 3502 sic
1557 3450 1731 3519 plorantem,

1008 3537 1091 3593 Sicut
1103 3552 1167 3594 eam
1178 3539 1323 3607 cerneret,
1337 3552 1372 3592 ec
1386 3537 1444 3607 peti
1455 3539 1614 3606 optantem.

1044 3624 1128 3682 Heul
1143 3626 1213 3698 quid
1227 3624 1339 3680 iactura
1351 3628 1436 3694 est,o
1451 3626 1541 3697 digne
1553 3624 1708 3696 majestas,

1008 3714 1110 3784 hlerie,
1127 3730 1193 3786 quoe
1205 3713 1277 3769 eluit
1290 3717 1328 3783 le,
1344 3729 1459 3768 summa
1475 3716 1618 3784 potestas,

1007 3802 1160 3858 Graecum
1176 3804 1278 3857 cernet
1288 3805 1315 3856 le
1331 3801 1436 3856 cedere
1450 3818 1506 3872 per
1518 3818 1624 3858 meuue
1639 3803 1776 3874 infestes,

1007 3890 1043 3945 Et
1055 3891 1179 3946 virtutes
1193 3891 1329 3962 corporis
1340 3892 1469 3958 erentes,
1484 3894 1515 3944 ut
1526 3893 1644 3946 testes?

1041 3978 1141 4035 Omee
1153 3979 1270 4047 tiducie,
1287 3979 1312 4032 si
1327 3979 1426 4031 netum
1440 3977 1581 4034 dilectum

1006 4066 1106 4122 Multis
1120 4063 1318 4132 contumeliis,
1334 4066 1363 4117 et
1377 4065 1473 4133 poenis
1485 4062 1622 4120 eliectum

1006 4153 1211 4226 Blesphemeri
1224 4166 1365 4207 cerneres
1378 4152 1406 4205 in
1420 4167 1538 4207 erucem
1553 4156 1694 4224 erectum,

1006 4243 1079 4299 Eum
1094 4258 1164 4298 esse
1179 4241 1297 4297 diceres
1307 4239 1428 4296 nimium
1444 4239 1598 4295 directum.

1042 4332 1107 4387 Heu
1120 4329 1127 4386 l
1144 4331 1201 4386 heu
1213 4327 1220 4385 l
1233 4344 1297 4384 mee
1313 4327 1436 4383 Domine
1452 4328 1569 4400 qualem
1581 4327 1668 4383 debis
1677 4328 1788 4385 luctum

1004 4419 1096 4476 Paulo
1108 4422 1176 4490 post
1186 4434 1253 4474 cum
1265 4417 1377 4473 videris
1388 4417 1501 4471 ventris
1514 4418 1556 4471 tui
1568 4419 1707 4487 fructum,

1006 4509 1050 4564 ad
1061 4510 1204 4564 tormenta
1217 4508 1320 4579 gravis
1335 4506 1516 4576 aper-versis
1532 4507 1663 4577 ductum,

1005 4598 1166 4652 heterium
1182 4596 1319 4659 delicere,
1336 4594 1422 4666 quasi
1435 4593 1497 4667 jem
1510 4594 1722 4651 destructum?

1040 4685 1158 4754 Olesu,
1169 4684 1219 4755 qui
1235 4682 1316 4738 Deus
1329 4699 1373 4751 es,
1387 4687 1416 4738 et
1430 4682 1519 4739 homo
1529 4684 1693 4755 perlectus,

1005 4774 1101 4841 Quare
1111 4774 1158 4827 vis
1174 4776 1232 4826 tem
1244 4770 1341 4827 viliter
1355 4771 1461 4827 sedere
1477 4772 1647 4842 despectus,

1005 4864 1093 4917 Heu?
1108 4860 1261 4932 pronubis
1275 4860 1394 4915 miseris
1405 4863 1463 4914 tem
1478 4875 1547 4914 esse
1560 4859 1727 4930 subjectus,

1004 4950 1162 5006 Prouehis
1175 4949 1294 5017 irrisus,
1310 4950 1340 5002 et
1351 4949 1469 5018 penitus
1482 4947 1641 5019 ebjeetus‘l

1041 5039 1153 5094 Videas
1163 5052 1216 5108 pro
1230 5051 1263 5092 se
1279 5036 1435 5091 Dominum
1446 5035 1568 5107 indigne
1583 5034 1695 5102 subire,

1005 5128 1078 5194 Quis
1090 5129 1137 5183 cst
1149 5127 1280 5184 lldelium
1291 5125 1340 5196 qui
1353 5124 1459 5179 audeel
1472 5122 1594 5194 ambire,

1005 5219 1061 5273 Aut
1073 5218 1108 5272 do
1120 5217 1178 5271 luis
1195 5215 1281 5271 donis
1294 5213 1420 5283 emplius
1435 5211 1601 5281 superbire,

1002 5307 1073 5376 Imo,
1090 5305 1199 5376 spretis
1216 5303 1365 5369 omnibue,
1379 5304 1447 5369 post
1461 5299 1610 5355 Christum
1626 5301 1752 5357 veniret

1040 5395 1129 5449 Decet
1144 5408 1249 5463 nempe
1263 5388 1411 5461 siuguloev,
1428 5388 1479 5460 qui
1489 5388 1592 5443 volunt
1605 5389 1713 5445 selveri

1001 5477 1662 5554 Propriemmiseriemsemperoontempleri,
1728 5502 1731 5508 ·

1002 5572 1126 5645 Linguee
1142 5568 1252 5640 spretis
1263 5566 1411 5634 leudibus,
1422 5579 1498 5619 vene
1514 5580 1574 5619 non
1584 5565 1688 5637 leeteri,

1001 5661 1061 5718 Sed
1071 5661 1242 5735 despectum
1253 5655 1409 5714 Dominum
1421 5655 1468 5727 pie
1483 5652 1600 5726 imitari,
