3900 6112
98 335 177 397 1455
1738 339 1815 402 ¹456

557 334 801 398 GUITMUNDI
828 334 1095 397 ARCHIEPlSC.
1124 337 1350 402 AVERSANI.

132 535 202 588 ltem
218 534 248 587 in
257 534 467 604 sequentibus:
481 533 543 602 (tib.
556 550 596 587 nr.
610 550 635 587 c.
651 533 695 602 td)
707 533 752 587 uSi
765 535 861 587 autem
876 534 930 587 tla-
947 518 971 570 A
985 540 1111 604 peractae
1124 536 1319 607 significativa
1331 543 1581 593 commemoratio.
1594 540 1654 593 Ubi
1664 543 1765 592 autem
1778 555 1821 593 sc·

94 624 198 695 gitium
207 622 377 677 auttaeinus
382 622 499 692 jubere,
509 624 557 675 rint
565 622 750 674 utilitatcmct
761 622 927 674 beneticen-
985 624 1083 693 quitur
1095 628 1280 696 Augustinus
1292 627 1395 681 dicens
1406 644 1412 682 :
1425 650 1435 674 a
1447 628 1476 681 Si
1496 633 1594 682 autem
1613 628 1760 699 flagitium
1776 634 1823 681 aut

93 712 162 765 tiam
169 713 403 779 videtnrvetare,
412 711 713 782 ligaratnloeutioest.
725 709 797 763 Nisi
804 710 928 763 manta-
984 711 1223 784 tacinnsjubere,
1234 719 1281 768 ant
1295 716 1445 770 utilitatem
1460 720 1487 770 et
1500 717 1733 770 beneficentiam
1745 716 1822 769 vide·

93 801 249 868 caveritiS,
258 800 495 870 iuquit,earneur
508 799 563 852 ulii
574 799 702 851 nominis
713 805 742 851 et
754 799 927 869 sanguinem
981 803 1028 853 tur
1038 805 1146 868 vetare,
1160 802 1284 874 figurata
1296 804 1403 858 locutio
1412 809 1472 858 cst:
1486 805 1557 858 Nisi
1563 805 1711 859 manduca
1718 806 1821 858 veritis

92 889 248 959 biberitis,
259 906 314 943 nen
322 888 474 943 lrabubilis
486 889 611 943 ritarniu
622 886 926 956 robistdaarr.r1).t⁴'a-
980 891 1177 944 earncurFilii
1183 893 1534 964 lioruinis,etsanguinein
1542 893 1646 947 biberi
1649 894 1820 959 tisanana·

92 978 179 1033 cinus
197 979 245 1032 vel
260 978 400 1049 flagitium
416 976 663 1046 videturjubere:
683 977 776 1047 ligura
790 992 862 1047 crgo
881 980 927 1031 cst
981 978 1093 1032 bonius
1103 981 1227 1033 rilamin
1238 980 1477 1047 robisldeaamr),
1489 981 1606 1035 lacinus
1619 981 1665 1034 rel
1679 982 1820 1050 tiagitium

90 1068 410 1139 praecipienspassioni
423 1067 538 1119 Domini
553 1082 622 1119 esse
638 1066 923 1131 communicandum,
980 1068 1328 1140 alaeaquilaeiiigara
1342 1085 1413 1141 erge
1425 1076 1480 1136 est,
1494 1071 1677 1139 praecipiens
1689 1070 1820 1138 passioni

90 1161 118 1211 et
130 1158 357 1224 suaviteratque
374 1157 482 1207 utiliter
494 1155 714 1207 recondendum
731 1156 758 1207 in
772 1154 923 1223 memoria,
979 1156 1820 1227 Ilominiessecommunicandum,etsuaviteratqueutiti-

89 1246 166 1315 quod
178 1262 230 1315 pro
243 1245 328 1299 uobis
341 1260 408 1297 caro
421 1245 488 1313 ejas
500 1244 640 1296 erricitixa
652 1247 680 1296 et
691 1242 844 1296 vulnerata
857 1243 921 1295 siai
980 1248 1023 1297 ter
1040 1246 1069 1298 in
1078 1248 1218 1299 memoria
1231 1246 1460 1312 recondendum,
1469 1253 1499 1301 ut
1508 1264 1560 1316 pro
1572 1248 1664 1300 nobis
1675 1262 1746 1300 earo
1757 1246 1819 1316 ejus

88 1334 204 1388 Audisti
216 1349 299 1403 erge,
310 1335 399 1401 aiunt,
409 1333 626 1404 liguramttuid
636 1333 763 1401 amplius
774 1332 924 1401 requiris?
980 1333 1311 1387 crueitixactvnlncrata
1320 1334 1384 1388 sit.»
1394 1335 1488 1404 inqua
1500 1351 1531 1388 re
1543 1335 1664 1388 lacinus
1677 1336 1725 1387 vel
1737 1333 1818 1403 tlagi-

87 1421 169 1476 ttdde
182 1426 277 1477 tamen
290 1423 366 1493 quod
383 1423 458 1491 apud
469 1437 572 1476 omncs
583 1421 805 1475 ecclesiasticos
820 1424 924 1473 aucto·
979 1425 1050 1475 tium
1065 1423 1201 1475 videatur
1216 1423 1387 1492 praecipere,
1406 1424 1470 1492 ipsc
1492 1424 1687 1493 Augustinus
1713 1423 1741 1474 in
1765 1422 1817 1474 atie

87 1524 148 1580 res,
160 1511 214 1565 sed
226 1515 253 1566 et
263 1513 291 1565 in
303 1511 435 1566 collectis
447 1512 606 1564 missarum
617 1526 692 1581 quas
705 1510 812 1578 ubique
823 1507 925 1560 llocle·
979 1512 1044 1565 leco
1052 1511 1640 1583 satisdiiigenterexponithnnostram
1648 1510 1817 1579 opinionem

86 1601 130 1655 sia
154 1600 294 1679 celebrat,
320 1601 405 1670 panis
427 1602 530 1656 altaris
555 1602 663 1654 dicitur
687 1600 921 1652 sacramentnm:
978 1600 1007 1652 in
1025 1601 1124 1653 rabis
1140 1600 1300 1670 Augustini
1316 1614 1485 1669 sequamur,
1503 1600 1557 1654 sed
1574 1600 1678 1668 ipsum
1699 1615 1733 1653 se
1755 1599 1818 1652 dili·

85 1689 164 1761 qued
173 1694 219 1744 est
230 1705 347 1744 sacrum
358 1690 487 1761 signum.
977 1690 1152 1760 gentissime
1168 1690 1362 1758 exponentem
1376 1689 1540 1742 audiamus.
1560 1689 1728 1758 Exponens
1743 1688 1818 1741 enim

405 1794 601 1833 enirnuunus.
975 1779 1121 1846 psalmum
1131 1777 1355 1847 nonagesimum
1367 1781 1513 1845 octavum,
1524 1777 1570 1830 sie
1581 1777 1672 1830 dicit:
1688 1800 1699 1823 u
1711 1777 1816 1830 Durum

119 1866 142 1920 0
153 1867 208 1921 viri
218 1867 394 1937 insipienter
405 1868 566 1936 sapientes,
580 1882 635 1920 aee
644 1865 853 1935 Augustinum,
865 1879 919 1918 nee
975 1868 1189 1920 illisvieumest
1200 1867 1337 1937 quodait:
1352 1865 1424 1919 Nisi
1435 1866 1744 1937 quisnrandaearerit
1753 1881 1814 1919 aar·

84 1957 210 2012 coeteras
227 1961 365 2010 auctores
386 1959 517 2024 sanc-tas,
538 1971 592 2009 neo
612 1958 754 2009 consueta
776 1953 919 2008 Ecclesiae
973 1971 1153 2023 aenrrneam,
1167 1955 1815 2024 noulrabebrtritamreicrnam.Acceperant

82 2046 175 2100 verba
198 2045 407 2116 intelligentes,
434 2049 483 2098 aut
512 2050 592 2098 certe
617 2044 690 2097 male
715 2047 917 2113 pervertentes
936 2023 1071 2111 Bstulte,
1090 2045 1247 2098 carnaliter
1262 2044 1333 2098 illud
1355 2044 1572 2115 cogitaverunt,
1589 2046 1617 2097 et
1637 2048 1816 2113 putaverunt

82 2134 224 2205 praeclara
236 2132 402 2205 diligential
414 2134 565 2204 Nusquam
576 2133 682 2186 etenim
692 2134 877 2203 Augustinus
889 2134 917 2185 in
972 2135 1049 2204 quod
1058 2134 1243 2204 praecisurus
1252 2132 1482 2187 essetDominns
1495 2133 1663 2201 particulas
1673 2132 1815 2202 quasdam

80 2221 156 2277 libro
169 2224 209 2276 De
227 2222 358 2275 doctrina
370 2222 535 2274 Christiana
555 2222 652 2274 eibum
669 2222 770 2274 altaris
791 2221 914 2289 Domini,
971 2223 1007 2276 do
1019 2239 1142 2293 corpore
1154 2238 1218 2290 suo,
1236 2225 1264 2276 et
1277 2222 1399 2275 daturus
1416 2221 1475 2274 illis
1491 2223 1519 2274 el
1532 2221 1698 2275 dixerunt:
1717 2221 1814 2274 Durus

80 2311 200 2381 signum
213 2310 257 2363 vel
270 2311 394 2381 figuram
403 2311 537 2377 necavit,
551 2310 603 2363 sed
617 2310 842 2363 celebrationem
856 2309 916 2363 Do·
971 2317 1016 2364 est
1027 2311 1074 2364 liic
1083 2326 1190 2365 sermo.
1201 2334 1212 2357 a
1226 2310 1323 2365 Sedet
1335 2325 1425 2380 snper
1437 2309 1637 2380 Erangelium
1650 2309 1815 2364 secundnm

77 2399 178 2453 ininiei
192 2400 325 2468 eorporis
338 2400 456 2470 siguum
466 2399 548 2467 dixit,
561 2399 638 2470 quod
652 2398 728 2451 idem
740 2403 767 2452 et
780 2414 834 2452 nes
847 2414 913 2451 cre·
970 2400 1122 2467 loannem,
1134 2400 1184 2452 ubi
1195 2400 1258 2452 liaeo
1270 2399 1371 2452 eadem
1383 2399 1472 2451 verba
1489 2398 1648 2466 copiosius
1666 2399 1811 2466 tractavit,

79 2487 186 2543 dimas.
201 2489 274 2542 Nam
287 2489 404 2559 quoties
414 2488 572 2542 celebratio
581 2487 914 2558 corperisetsangninis
969 2488 1025 2542 hoc
1037 2489 1134 2557 ipsum
1143 2488 1286 2558 flagitium
1295 2487 1341 2540 vel
1352 2485 1553 2556 facinusqued
1565 2501 1635 2539 eum
1650 2487 1815 2556 praecipere

78 2577 193 2631 Domini
210 2578 316 2647 agitur,
334 2593 393 2630 nen
409 2578 544 2646 equidem
556 2577 705 2630 Christum
717 2577 819 2630 ilerum
833 2577 912 2630 oeci·
968 2578 1118 2646 putabant,
1139 2577 1282 2629 latissima
1301 2575 1485 2645 expositione
1501 2580 1691 2644 prosecutus
1707 2581 1756 2630 est
1772 2574 1815 2627 di-

77 2665 186 2733 dimuS,
200 2666 252 2720 sed
264 2671 389 2720 mortem
401 2664 467 2735 ejus
480 2666 506 2719 in
524 2666 597 2734 ipsa,
614 2669 641 2719 et
657 2681 710 2734 per
724 2667 818 2734 ipsam
834 2666 913 2719 cele·
968 2682 1053 2720 cens:
1066 2688 1075 2714 ι
1087 2665 1148 2720 Hoc
1163 2664 1416 2730 resecandnliaat‚
1427 2663 1565 2734 quiadixi
1578 2678 1707 2717 carnem
1722 2679 1814 2718 meam

76 2753 241 2809 brationem
253 2770 451 2808 memoramus
460 2772 466 2819 ;
476 2757 580 2825 estque
592 2755 655 2823 ipsa
670 2754 913 2823 celebratio,pas·
968 2756 1104 2809 devehis
1126 2755 1313 2820 manducare,
1331 2755 1359 2805 et
1374 2752 1550 2823 sanguinem
1565 2768 1671 2806 meum
1687 2753 1815 2807 bibere?

77 2841 685 2914 sionisChristiqnaedamceuunemoratio.
694 2843 912 2896 (lemmemera-
968 2845 1030 2898 lieo
1041 2842 1403 2911 vesnempescandalizat.
1415 2840 1449 2894 Si
1458 2857 1531 2911 erqo
1544 2841 1695 2895 videritis
1702 2841 1813 2895 Filiam

72 2931 117 2986 tie
128 2935 224 2985 autem
236 2932 386 3001 passionis
403 2931 512 2985 Christi
524 2948 616 3002 ipsam
631 2932 800 3002 passionem
816 2932 911 3002 signi·
967 2931 1314 2986 lierniuisaseendentem
1329 2930 1378 2983 ubi
1387 2936 1453 2982 crat
1467 2932 1561 2998 prius
1580 2929 1724 2992 Quidest
1736 2931 1814 2985 line?

75 3021 152 3076 tieat.
163 3021 327 3076 Celebratio
339 3021 432 3092 igitur
445 3021 581 3090 eorporis
591 3024 619 3075 ct
628 3021 785 3092 sanguinis
795 3021 911 3076 iiomini
967 3021 1021 3074 llic
1034 3021 1122 3074 salrit
1133 3019 1210 3090 qnod
1225 3018 1292 3072 illos
1304 3021 1445 3084 moverat,
1463 3017 1510 3070 hic
1523 3018 1644 3087 aperuit
1655 3019 1738 3072 unde
1750 3018 1809 3072 tue-

77 3111 349 3180 passionistlhristi
363 3114 408 3163 est
428 3110 556 3180 signum.
580 3108 615 3162 iit
634 3109 690 3163 hoe
710 3112 755 3163 est
775 3110 853 3180 quod
873 3113 911 3164 ait
966 3109 1238 3164 rautscandalizati:
1253 3108 1301 3161 hie
1312 3107 1396 3176 plane
1408 3108 1434 3159 si
1446 3106 1664 3178 intelligerent.
1677 3106 1725 3161 liti
1737 3110 1811 3162 enim

77 3198 183 3253 beatus
199 3200 384 3270 Augustinus
403 3215 408 3253 :
433 3219 443 3247 a
466 3199 527 3251 lloc
546 3214 617 3252 vero
633 3202 774 3268 tempore,
792 3202 910 3268 postea·
966 3199 1105 3268 putabant
1115 3199 1305 3267 erogaturum
1317 3211 1425 3265 eorpus
1442 3211 1539 3264 snum,
1552 3194 1605 3249 ille
1626 3197 1811 3250 autemdixit

78 3303 163 3358 qnam
178 3304 230 3357 per
240 3289 488 3342 resurrectionem
503 3288 616 3340 Domini
627 3289 719 3341 nostri
730 3288 910 3342 manifestis·
926 3289 949 3345 G
965 3301 1203 3341 seascensnrnm
1213 3285 1241 3338 in
1253 3285 1358 3339 coelnm
1370 3284 1469 3354 utique
1485 3285 1651 3355 integrum.
1670 3283 1746 3339 Cain
1769 3286 1809 3338 ri·

77 3377 184 3429 simum
196 3377 336 3431 indicium
349 3382 457 3430 uestrae
470 3377 614 3429 libertatis
625 3377 729 3443 illuxit,
743 3392 796 3429 noc
809 3393 909 3430 eorum
965 3376 1075 3430 deritis
1083 3373 1111 3428 F
1109 3375 1190 3428 ilium
1201 3374 1327 3427 liouriais
1339 3373 1547 3427 escendentem
1563 3373 1618 3426 ubi
1632 3381 1704 3428 erat
1715 3375 1807 3445 price,

75 3466 193 3534 quidem
206 3466 359 3536 signorum
372 3481 438 3535 quae
456 3465 516 3535 jam
534 3465 725 3535 intelligimus
741 3466 909 3533 operatione
965 3464 1101 3518 certevel
1114 3467 1181 3516 tunc
1202 3463 1340 3517 videbitis
1361 3462 1500 3531 quianon
1515 3477 1549 3515 eo
1568 3462 1660 3517 modo
1675 3479 1738 3533 quo
1753 3478 1805 3531 pu·

75 3554 160 3623 gravi
170 3555 402 3619 oneratisumns,
415 3553 467 3606 scd
479 3554 613 3623 quaedam
625 3569 717 3622 pauca
732 3569 785 3621 pro
798 3555 906 3623 multis,
964 3554 1042 3618 tatia,
1056 3557 1159 3621 erogat
1171 3567 1280 3621 cerpus
1294 3567 1381 3605 suum
1394 3568 1399 3604 :
1414 3555 1494 3604 certe
1511 3550 1556 3605 rel
1571 3554 1644 3604 tuno
1658 3551 1803 3622 intellige·

962 3642 1010 3709 tis,
1025 3640 1093 3711 qnia
1109 3641 1203 3712 gratia
1218 3639 1285 3710 ejus
1297 3656 1355 3695 non
1371 3641 1554 3693 consumitur
1566 3640 1759 3694 morsibus„
1773 3637 1802 3693 Et

961 3730 1081 3784 iterum:
1095 3751 1105 3776 «ι
1116 3730 1166 3783 lsti
1178 3733 1274 3783 antem
1286 3729 1344 3783 cito
1366 3728 1550 3795 defecerunt,
1574 3728 1648 3782 talia
1666 3728 1802 3800 loquente

961 3819 1085 3873 Domino
1097 3819 1180 3873 desa.
1193 3818 1259 3871 Non
1271 3816 1459 3872 crediderunt
1469 3815 1584 3887 aliquid
1596 3833 1743 3888 magnam
1761 3818 1802 3871 di-

960 3912 1084 3974 centem,
1101 3910 1129 3961 et
1144 3907 1245 3961 verbis
1265 3907 1325 3960 illis
1337 3906 1464 3975 aliquam
1478 3905 1609 3977 gretiam
1625 3907 1801 3976 cooperien-

958 4001 1031 4063 tem,
1049 3996 1101 4050 scd
1118 3999 1205 4066 prout
1219 3995 1375 4050 voluerunt
1387 3995 1426 4048 ita
1440 3993 1668 4061 intellexerunt,
1678 3998 1710 4048 et
1725 4010 1800 4049 merc

958 4085 1118 4152 hominum,
1136 4101 1193 4154 qna
1212 4086 1326 4153 poterat
1349 4084 1438 4137 lesus
1463 4085 1513 4136 aut
1538 4082 1599 4136 hoc
1624 4083 1800 4153 disponebat

957 4174 1058 4242 desae,
1075 4188 1267 4242 carnemque
1291 4172 1424 4226 indutum
1448 4174 1510 4224 erat
1535 4170 1685 4235 Verbum,
1714 4173 1801 4226 relati

957 4263 1107 4317 concisam
1122 4261 1301 4315 distribuere
1316 4260 1507 4314 credentibus
1523 4260 1554 4312 in
1571 4275 1617 4314 se.
1634 4284 1645 4306 ιι
1666 4261 1796 4332 Elpaulo

956 4357 1035 4423 post:
1052 4372 1063 4400 a
1076 4350 1150 4416 Quid
1162 4346 1627 4420 ergatNenprodcstquidquam
1640 4365 1715 4405 earo
1727 4366 1733 4404 :
1746 4366 1798 4404 aon

956 4441 1077 4510 prodest
1092 4439 1267 4509 quidquam;
1285 4438 1338 4492 sed
1352 4437 1499 4508 quomode
1510 4437 1554 4490 illi
1573 4429 1796 4493 intellexerunt.

74 3640 235 3710 eademque
247 3640 323 3693 fairtu
332 3640 479 3708 facillima,
493 3645 521 3694 et
532 3641 681 3696 intellectu
693 3642 907 3711 augustissima

74 3728 906 3798 etebservationecastissima,ipseDominusetapostoli·

75 3817 378 3886 catraditdisciplinu:
393 3818 479 3871 sicuti
492 3819 905 3888 estbaptisruisacramentum

72 3908 101 3958 et
112 3905 270 3959 celebratio
283 3909 417 3975 eorporis
434 3913 462 3960 ct
477 3908 633 3977 sanguinis
650 3908 774 3962 Domini.
794 3932 804 3956 a
821 3908 905 3974 Quod

71 4009 143 4048 vero
155 3994 274 4062 addidit,
287 3997 355 4066 quia
366 3997 450 4067 sequi
462 3997 598 4061 litteram,
611 3999 639 4050 et
651 3997 736 4067 signa
747 4013 800 4066 pre
812 3998 904 4052 rebus

71 4098 138 4153 quae
154 4082 201 4136 his
217 4085 424 4155 significantur
438 4087 572 4154 accipere
587 4085 707 4139 servilis
724 4086 902 4141 infirmitatis

69 4186 123 4237 es,
140 4172 176 4226 de
192 4174 288 4243 signis
304 4173 420 4227 l'eteris
436 4173 625 4241 Testamenti,
649 4173 684 4228 de
709 4175 817 4244 quibus
834 4179 901 4230 tane

68 4259 253 4331 loquebatur,
267 4263 323 4316 boe
339 4262 418 4316 dicit.
435 4264 548 4316 lievera
563 4262 640 4316 euim
663 4263 771 4317 servile
796 4268 859 4318 crat
873 4267 901 4319 et

68 4349 216 4404 intirmum
246 4352 409 4405 secundnm
439 4352 566 4405 litteram
587 4356 697 4405 tantum
718 4354 898 4421 eircumcidi,

68 4439 197 4507 pecudes
210 4440 369 4509 immolare,
382 4441 554 4494 neomenias
566 4442 593 4492 et
606 4440 731 4494 Sabbata
748 4442 900 4496 (celebrare

67 4540 186 4597 agnum,
199 4531 311 4597 petram
327 4533 354 4582 at
368 4532 475 4583 caetera
491 4528 662 4599 hujusmodi
673 4530 898 4599 qaaetlhristnm
915 4547 939 4600 D
954 4529 1078 4583 Carnem
1089 4528 1196 4598 quippe
1212 4528 1256 4581 sic
1268 4527 1651 4594 intellexerunt,quem0do
1671 4528 1703 4582 in
1719 4528 1796 4582 cada·

66 4616 285 4686 significabant,
302 4633 355 4687 pro
371 4616 489 4671 Christo
506 4617 650 4687 accipere.
673 4619 755 4682 Quod
771 4619 797 4672 si
812 4620 898 4674 etiam

66 4703 101 4758 de
127 4705 325 4759 celebratione
341 4707 484 4760 Darninici
501 4711 645 4776 eorporis,
663 4723 749 4777 quam
779 4709 898 4778 signum

64 4794 445 4865 vaeavit‚lrocAagustinus
456 4796 569 4863 ‹.lixit‚et
580 4812 636 4849 nos
646 4797 721 4850 ultro
734 4797 895 4866 sequimur.

63 4880 148 4951 Nam,
157 4883 596 4939 cumdicimusincelebratione
608 4885 752 4939 Dominici
764 4885 897 4954 eorporis

64 4969 204 5027 Christus
214 4972 382 5026 immolatur
393 4988 478 5026 nemo
491 4974 645 5027 carnaliter
656 4974 720 5027 hmo
733 4973 897 5027 seeundum

61 5056 186 5113 litteram
202 5062 289 5115 debet
303 5064 449 5132 accipere.
464 5062 604 5116 Clu·istus
620 5063 696 5116 enim
712 5062 805 5115 semel
820 5077 895 5116 mor-

28 5153 32 5168 “
61 5148 203 5215 tuus,ja1u
215 5152 416 5219 enumeratur,
430 5152 546 5205 rnersci
562 5151 639 5205 ultra
656 5168 712 5205 nen
733 5151 895 5205 danriuabi·

61 5236 210 5302 tur(ltoru.
224 5255 274 5307 vr).
287 5241 345 5294 Scrl
356 5242 424 5294 duur
436 5242 605 5310 passionem
625 5241 692 5311 ejus
714 5241 824 5293 missas
844 5256 894 5293 ce-

16 5374 22 5391 ,
58 5323 201 5378 lebrando
214 5342 484 5398 memorauius,pr·0
497 5330 583 5383 uobis
595 5330 663 5383 otini
674 5332 806 5382 mortuus
816 5330 893 5382 desi-

57 5419 176 5487 gnatur.
190 5413 321 5485 lienique
333 5418 358 5470 si
370 5419 438 5486 quis
450 5420 526 5473 dicat
540 5436 546 5473 :
568 5418 733 5473 Celebratio
749 5419 894 5472 Doieinici

57 5504 193 5574 eorporis
208 5508 253 5557 est
272 5504 423 5559 Dominica
440 5510 551 5576 passio,
579 5512 714 5578 tauquam
738 5508 894 5561 carnaliter

56 5593 192 5650 sentiens
202 5607 218 5645 a
230 5590 317 5648 nobis
331 5593 491 5661 repellitur.
506 5596 571 5652 Non
585 5603 630 5652 est
640 5599 718 5652 enim
734 5597 891 5651 celebratio

57 5683 123 5760 ipsa
133 5681 286 5741 Dominica
296 5682 411 5759 passio,
423 5685 477 5741 sed
492 5686 652 5744 Dominieae
666 5686 816 5762 passionis
828 5685 891 5761 jam

955 4634 1025 4672 vere
1039 4617 1203 4685 dilaniatur,
1216 4619 1265 4669 ant
1282 4617 1310 4668 in
1327 4614 1448 4668 macello
1470 4614 1622 4684 venditur,
1642 4633 1705 4672 non
1725 4631 1792 4687 qua·

954 4707 1040 4760 modo
1048 4706 1119 4775 spiri
1125 4710 1152 4757 tu
1161 4707 1342 4774 vegetatum
1352 4703 1498 4756 Etiterum
1507 4725 1518 4747 a
1529 4717 1536 4756 t
1548 4702 1693 4774 Spiritus
1700 4712 1746 4760 est
1752 4713 1794 4776 qai

958 4793 1335 4860 viridantem-nantemuon
1343 4791 1468 4863 prodest
1484 4791 1744 4863 quidquam,sicut
1758 4792 1792 4845 ilii

954 4883 1161 4938 intellexerunt
1172 4896 1301 4947 earnem,
1319 4880 1467 4934 nonsieut
1478 4893 1537 4949 ego
1560 4879 1599 4934 do
1618 4881 1657 4934 ad
1674 4881 1792 4936 mandu-

953 4971 1077 5026 candum
1087 4985 1180 5023 meam
1192 4985 1321 5023 carnem.
1338 4992 1347 5014 n
1359 4966 1442 5021 Certe
1452 4981 1524 5038 erga
1535 4967 1613 5022 satis
1624 4968 1659 5023 in
1669 4969 1718 5024 tiis
1732 4984 1791 5023 ver·

951 5060 998 5114 bis
1010 5058 1169 5114 declaravit
1180 5060 1303 5111 sanctus
1311 5054 1586 5126 Augustinusquod
1595 5056 1789 5129 flagitiumvet

952 5149 1067 5201 faritius
1084 5147 1239 5200 viilcbatnr
1255 5145 1397 5199 Dominus
1410 5143 1538 5212 jubere:
1569 5144 1629 5199 hoc
1646 5146 1788 5207 videlieet,

951 5238 1028 5308 qnod
1045 5237 1088 5290 cis
1104 5237 1154 5305 qai
1164 5235 1330 5302 audiebant,
1349 5233 1454 5287 durum
1467 5231 1569 5285 visum
1585 5236 1645 5288 est.
1668 5235 1751 5289 Unde
1764 5237 1789 5287 el

949 5324 1137 5380 scandalizati
1150 5327 1219 5377 sunt
1233 5323 1301 5392 qnia
1316 5326 1344 5376 et
1364 5323 1555 5391 acceperant,
1575 5322 1685 5393 inquit,
1706 5323 1787 5377 stulte

949 5419 977 5471 et
993 5414 1157 5469 carnaliter.
1170 5412 1228 5466 Sed
1243 5426 1333 5482 quare
1350 5409 1437 5464 stulte
1459 5414 1487 5462 et
1509 5412 1699 5467 carnaliter?
1720 5410 1786 5475 Quia

948 5506 1133 5575 putaverunt,
1148 5501 1250 5571 inquit,
1263 5499 1340 5569 qued
1352 5498 1538 5569 praecisurus
1551 5503 1638 5554 esset
1647 5499 1784 5555 Dominus

947 5592 1106 5665 particulas
1117 5590 1260 5654 quasdam
1273 5588 1309 5643 de
1321 5601 1446 5658 corpere
1462 5602 1517 5641 sue
1535 5591 1566 5643 et
1581 5588 1708 5644 datarus
1717 5586 1781 5652 illis,

945 5684 1122 5757 pataverunt
1135 5678 1213 5755 quod
1229 5677 1325 5755 gratia
1348 5676 1416 5751 ejus
1431 5680 1667 5736 consumeretur
1680 5676 1780 5735 morst-
