3900 6112
112 364 194 429 1189
379 361 434 423 DE
456 358 664 425 CORPORIS
687 358 739 421 ET
758 356 880 420 SANG.
905 354 1059 418 DOMINI
1082 350 1191 417 LIBRI
1211 351 1328 414 TEES.
1353 386 1387 398 -
1409 349 1489 414 LIB.
1505 349 1549 415 ΙΙΙ
1730 347 1817 411 tato

103 582 206 622 eorum
222 561 556 619 cuiadversariiomnes
568 560 710 615 resistere
726 574 784 611 non
793 557 934 611 valerent.
952 543 973 600 Α
994 554 1058 609 sola
1073 554 1265 621 rationabilis,
1277 553 1340 607 sela
1356 554 1508 621 vcra,sola
1526 556 1820 623 rata,usqucquaque

104 655 172 710 Non
188 654 268 709 enim
284 656 381 722 potest
393 649 509 704 mentiri
525 649 640 702 Veritas
649 663 714 718 quaa
730 647 860 700 suishoc
875 661 938 714 pro·
995 643 1105 697 munita
1129 646 1157 696 ct
1177 642 1368 710 invincibilis,
1394 643 1562 710 utilissima,
1580 641 1761 708 necessaria,
1774 639 1822 708 ju-

104 743 194 797 misit.
212 740 319 794 Nullus
330 740 427 792 autem
438 736 542 790 horum
556 735 682 789 inveniri
693 737 799 803 potest,
818 732 864 786 cui
879 747 938 786 non
996 732 1177 786 cundissima
1195 734 1222 784 ct
1243 731 1454 785 honestissima
1474 730 1691 799 comprobatur.
1713 727 1823 781 Christi

108 829 227 902 possint
259 828 400 882 resistere
423 825 517 879 nostri
530 822 673 878 Catholici
690 838 696 875 :
714 837 808 892 usque
824 821 896 874 adeo
908 821 940 873 ut
996 823 1094 874 autem
1108 821 1266 889 impanatio
1282 820 1330 874 ubi
1351 820 1381 872 iu
1396 819 1493 873 Veteri
1510 822 1558 872 aut
1574 821 1602 872 in
1618 819 1702 872 Novo
1718 817 1823 870 Testa-

108 914 540 984 haeresiarchesBerengarius
549 911 844 977 multotiesreviotus,
854 908 939 963 ctiam
998 911 1095 963 mento
1106 907 1236 980 legitur?
1252 907 1313 972 Qua
1325 908 1562 978 rationc,quihus
1574 906 1766 978 argumentis,
1779 906 1828 957 aut

109 1008 293 1062 sacramento
305 1002 432 1074 propriae
444 1015 548 1053 manus
561 1000 590 1052 in
601 999 789 1070 generalibus
806 996 939 1052 conciliis
999 996 1149 1052 miraculis
1165 997 1317 1051 munitur?
1340 997 1411 1061 Quae
1428 997 1603 1066 necessitas,
1619 1011 1686 1065 quaa
1701 994 1827 1062 utilitas,

108 1086 939 1160 vesaniasistasabjurasseteneatu1·.Quarnohrempalam
1000 1106 1037 1158 on
1052 1108 1065 1139 s
1085 1090 1100 1139 'n
1110 1105 1180 1140 nor
1195 1086 1344 1140 Christum
1355 1086 1509 1140 Dominum
1523 1090 1658 1140 nostrum
1672 1083 1829 1154 pronihilo

113 1188 159 1239 est
173 1184 310 1254 quianon
327 1176 726 1234 suntislidelensoresverae
737 1176 805 1229 fidei
816 1174 938 1239 neosrlii,
1001 1177 1162 1244 impanare,
1187 1181 1215 1228 et
1238 1175 1392 1228 invinare?
1408 1176 1444 1228 At
1460 1190 1530 1228 vero
1550 1189 1655 1243 panem
1676 1175 1786 1226 tantum
1803 1172 1831 1224 ot

116 1273 169 1328 scd
178 1269 340 1326 adversarii
362 1266 472 1321 Christi
482 1263 735 1335 ‚ecclesiml’orro
747 1267 842 1318 autem
857 1264 883 1316 si
894 1264 943 1317 isti
1001 1264 1101 1317 vinum
1122 1263 1151 1315 in
1167 1262 1261 1334 figura
1284 1267 1313 1316 et
1333 1264 1435 1317 umlua
1450 1262 1561 1317 Christi
1577 1263 1675 1330 cdere,
1688 1261 1766 1333 quod
1782 1259 1832 1314 isti

118 1363 187 1416 sunt
200 1358 334 1414 Ecclesia
350 1354 470 1423 Christi,
489 1356 537 1407 aut
552 1368 567 1405 a
585 1352 704 1406 Christo
729 1352 864 1407 Ecclesia
885 1368 943 1406 non
1004 1352 1136 1421 credunt,
1162 1357 1189 1406 et
1211 1351 1360 1405 Christum
1375 1352 1409 1423 in
1425 1354 1489 1422 ipsa
1512 1352 1635 1407 veritate
1657 1350 1833 1405 substantiae

114 1450 274 1519 crepitant
289 1446 386 1516 aliquo
400 1445 468 1513 pest
481 1445 612 1511 tempore
629 1457 697 1495 csse
708 1441 804 1495 desiit.
815 1441 942 1495 Notissi·
1006 1456 1069 1496 suae
1084 1441 1272 1510 manducare,
1284 1445 1422 1512 quantum
1436 1443 1472 1497 ad
1483 1442 1634 1496 utilitatem
1649 1445 1677 1495 et
1692 1441 1834 1495 honorem

114 1555 194 1593 mum
210 1550 335 1606 namque
347 1536 393 1586 est
405 1533 461 1586 hoc
474 1533 603 1599 tempore
615 1530 786 1600 priusquam
796 1529 944 1602 Deranga—
1007 1535 1034 1584 et
1051 1529 1252 1585 excellentiam
1269 1535 1399 1584 nostram
1415 1531 1549 1600 pertinet,
1566 1531 1633 1600 quis
1648 1529 1696 1584 vel
1712 1530 1834 1584 demeu-

113 1618 946 1692 riusinsanisset,hujusmcdivesaniasnunquamt‘uissc.
1004 1619 1139 1672 tissimus
1156 1619 1185 1672 in
1200 1619 1299 1689 aliquo
1314 1623 1460 1673 momento
1476 1618 1611 1674 conferre
1623 1619 1743 1689 potest'?
1760 1617 1835 1670 Dum
1874 1622 1877 1627 ’

118 1716 177 1771 Sed
189 1730 225 1769 ex
235 1708 486 1781 temporeChristi
498 1707 663 1762 ecclesiain
673 1707 817 1777 apostolis
834 1712 862 1762 et
877 1724 949 1776 opo-
1005 1706 1082 1767 enim
1102 1708 1225 1761 verbum
1250 1709 1303 1761 Dei
1326 1724 1444 1762 carnem
1461 1709 1569 1762 iactum
1586 1708 1652 1762 cibo
1681 1706 1836 1761 Dominico

117 1804 262 1859 stolorum
279 1798 433 1868 discipulis
449 1797 522 1863 lutt3
538 1796 591 1850 scd
604 1811 699 1866 neque
711 1799 950 1868 posteauaquam
1005 1801 1118 1870 absque
1136 1797 1331 1867 impanatione
1346 1799 1374 1850 ct
1385 1796 1767 1863 invinationcsubstantivc,
1778 1809 1838 1848 non

118 1886 483 1947 deluithlentireturenim
493 1884 706 1954 Scripturaper
719 1884 878 1954 prophetas
889 1885 951 1938 cla·
967 1889 1168 1977 Bumbratice
1188 1903 1244 1942 nos
1265 1901 1383 1939 sumere
1399 1885 1548 1939 credimus
1561 1901 1568 1953 3
1593 1886 1662 1939 dum
1677 1900 1715 1939 cx
1730 1885 1838 1936 virtute

120 1976 364 2048 manstEtrcpni
370 1975 435 2046 ejus
444 1989 500 2027 non
510 1971 767 2042 crildnistltucn).
781 1973 953 2028 blentirctur
1007 1976 1197 2049 plenitudinis
1209 1976 1276 2028 vitae
1284 1979 1403 2028 aeternae
1413 1973 1840 2029 ineodcmcihomancntisnos

122 2068 242 2126 Gabriel
260 2063 458 2136 archangelus
474 2062 602 2130 idipsum
616 2061 709 2115 beatae
726 2061 826 2115 Mariae
838 2061 951 2116 dicens.
1008 2068 1037 2120 in
1049 2068 1190 2120 oeternum
1206 2065 1339 2117 victuros
1349 2079 1504 2132 speramus
1518 2080 1524 2116 ε
1541 2063 1677 2133 quidhoc
1688 2062 1755 2129 hdc,
1773 2076 1839 2114 cum

122 2156 298 2213 mentiretur
314 2156 341 2208 at
351 2151 550 2222 ipsatleritas,
563 2149 778 2220 quaeaitzEcce
791 2166 845 2222 cpe
859 2150 954 2205 vobis·
1009 2157 1048 2211 sit
1058 2158 1099 2209 tet
1113 2157 1141 2208 ct
1156 2153 1244 2206 tentis
1260 2152 1437 2207 testimoniis
1452 2153 1621 2221 approbata,
1641 2151 1752 2218 verius,
1770 2147 1841 2220 quid

123 2263 187 2302 cunr
203 2261 265 2299 sum
282 2256 372 2314 risque
388 2239 425 2294 ad
436 2239 713 2294 consummationem
728 2237 953 2309 occultarant.
1010 2242 1215 2299 rationabilius
1236 2240 1398 2311 excogitari
1414 2241 1532 2310 potasti
1546 2239 1621 2303 Quid
1636 2239 1691 2292 hac
1708 2238 1840 2308 inquam,

122 2334 236 2404 xxvru).
247 2331 304 2386 Sed
318 2329 395 2385 absit
403 2328 459 2382 hoc
469 2330 499 2380 ut
509 2326 624 2380 mentiri
634 2326 730 2396 possit
741 2326 856 2382 Veritas
866 2329 912 2382 vel
925 2328 956 2381 in
1013 2333 1069 2387 fido
1081 2331 1192 2399 utilius,
1209 2328 1279 2400 quid
1295 2329 1390 2399 magis
1406 2328 1620 2397 necessarium,
1637 2325 1840 2398 quidhonora·

125 2423 227 2479 verbis
242 2419 381 2490 propriis,
396 2414 709 2470 velintantistestibns
720 2414 954 2487 suis.Nunquam
1013 2421 1116 2489 bilius,
1132 2420 1200 2472 dum
1216 2433 1321 2487 purum
1332 2415 1493 2484 Christum,
1511 2431 1569 2470 non
1577 2415 1783 2482 umbraticum,
1794 2427 1842 2467 ne·

124 2512 294 2585 igiturpost
308 2507 459 2561 Christum
469 2503 603 2557 Ecclesia
613 2503 722 2556 Christi
738 2506 954 2559 essecessavit.
1018 2526 1075 2580 qne
1090 2509 1267 2576 impanatum
1279 2521 1351 2574 pura
1366 2505 1429 2574 ipsa
1446 2505 1626 2574 suscipiens,
1644 2505 1742 2573 utpote
1756 2504 1843 2556 tantae

125 2601 193 2656 Non
211 2601 279 2653 sunt
305 2597 396 2668 igitur
411 2591 545 2647 Ecclesia
560 2590 679 2660 Christi,
697 2596 745 2646 aut
756 2595 836 2646 certe
852 2593 895 2646 sis
911 2609 956 2646 ea
1016 2593 1648 2672 glorisemunercdives,summolreverentiae
1659 2596 1845 2663 matupccca·

127 2689 246 2744 Christo
261 2685 399 2756 caepisse,
421 2685 449 2736 et
463 2682 520 2734 huc
530 2695 625 2750 usque
637 2696 849 2750 perseverasse
864 2683 957 2753 impu·
1017 2687 1148 2757 tamagis
1158 2685 1325 2751 abhorreat,
1342 2698 1457 2736 summo
1469 2681 1609 2736 desiderii
1625 2682 1732 2736 ardore
1743 2683 1772 2736 in
1784 2696 1846 2735 om·

127 2777 312 2833 doctissimae
337 2771 511 2826 mentientes
536 2768 659 2822 dicunt:
685 2768 855 2838 Ostendant,
874 2769 958 2841 juxta
1018 2792 1083 2832 nem
1095 2773 1242 2846 ,iustitiam
1253 2771 1379 2840 amplius
1392 2771 1661 2841 ferveat,tanquam
1671 2769 1786 2825 Domini
1799 2767 1848 2823 sui

130 2857 961 2929 Danielisvaticinium,quatuorprincipaliareguamundi
1018 2866 1134 2920 hostem
1148 2861 1263 2917 studeat
1284 2875 1472 2929 summopere
1484 2860 1614 2930 quotidie
1633 2860 1740 2930 fugere
1759 2872 1847 2911 mun.

131 2973 165 3012 se
181 2952 368 3018 contrivisse,
387 2947 541 3002 ostendant
556 2961 589 2999 se
605 2946 961 3017 orbcmterrarumimple·
1019 2947 1848 3023 dum;Jamquedcpromissionibusejusprotantopigno·

130 3035 737 3112 visse,ostendantsuumregnumalteri
768 3037 875 3106 populo
903 3053 961 3091 non
1019 3042 1176 3109 reccrtior,
1189 3039 1355 3093 audientius
1367 3037 1615 3106 atqueardentius
1631 3036 1759 3091 revelata
1774 3035 1849 3090 lacie

132 3133 278 3189 cessisse.
293 3126 376 3193 Quod
388 3141 440 3180 eos
458 3138 626 3193 nonpossc,
642 3123 859 3179 omnibussatis
874 3126 962 3180 abun·
1020 3135 1117 3203 ipsum
1128 3130 1196 3183 vilae
1208 3129 1317 3182 sontem
1329 3127 1550 3181 votisomnihus
1562 3128 1670 3196 gestiat
1685 3125 1850 3196 apprchen-

134 3223 231 3292 deque
246 3216 436 3289 perspicuum
456 3217 501 3266 est
516 3227 582 3265 cum
603 3215 706 3266 noster
725 3215 850 3283 populus
871 3231 963 3286 regna
1020 3221 1090 3275 dere
1107 3219 1219 3272 Deum?

140 3305 411 3376 mundipossidcat,
427 3305 455 3356 ct
470 3301 525 3355 hos
541 3301 840 3369 ipsosauctoritatect
851 3257 1008 3360 rationeo
1057 3308 1147 3362 ltlulta
1172 3308 1273 3360 contra
1292 3305 1366 3359 istos
1387 3304 1450 3376 jam
1469 3305 1607 3372 diximus,
1630 3303 1719 3358 multa
1734 3316 1851 3373 quoquc

139 3397 315 3467 confringat.
332 3392 515 3460 Quapropter
539 3388 673 3443 Ecclesia
697 3396 798 3445 nostra
816 3409 831 3446 a
846 3393 963 3450 Christo
1022 3400 1117 3454 adhuc
1132 3397 1190 3450 dici
1205 3398 1349 3464 possuat;
1367 3395 1419 3447 scd
1435 3394 1649 3463 piismentihus
1660 3392 1851 3462 (atarbitror)

136 3487 257 3542 lundata
274 3498 330 3537 non
342 3498 358 3534 a
370 3478 560 3549 Derangario,
572 3480 799 3549 nequeincoepta
812 3498 827 3535 a
838 3482 966 3539 Turonis
1022 3491 1079 3544 ista
1095 3485 1257 3540 sulliciunt.
1273 3483 1346 3547 Quid
1368 3483 1445 3536 enim
1461 3482 1588 3551 amplius
1605 3484 1750 3538 adversus
1775 3482 1852 3537 istos

137 3575 186 3630 vel
203 3571 383 3642 andegavie,
397 3569 449 3622 scd
459 3567 535 3620 sicut
547 3567 685 3635 praecepit
695 3568 842 3638 Christus,
853 3576 881 3626 ct
895 3589 967 3641 pro·
1026 3578 1202 3649 quaererent,
1216 3588 1282 3626 cum
1298 3572 1618 3642 objectationcscorum
1628 3573 1691 3627 sive
1707 3574 1853 3643 parratio·

138 3664 236 3735 phetae
251 3660 452 3731 praedixerunt
468 3673 474 3709 :
492 3655 528 3708 ab
544 3655 768 3727 Hierosolymis
783 3659 812 3712 in
824 3664 967 3716 aeternum
1026 3682 1090 3729 nco,
1104 3665 1167 3717 sive
1179 3678 1233 3732 per
1248 3661 1422 3730 scripturas,
1440 3664 1551 3715 nostrae
1567 3661 1634 3716 fidei
1649 3662 1720 3716 nihil
1733 3664 1853 3733 obesse,

141 3753 248 3819 valcat,
265 3746 484 3818 Derangariana
515 3759 584 3799 vero
599 3745 720 3798 vesania
747 3747 782 3799 ad
804 3747 969 3805 Ecclesiam
1026 3757 1084 3810 imo
1096 3749 1388 3820 veroipsascasdem
1405 3748 1574 3818 Scripturas
1586 3750 1742 3805 nobiscum
1758 3753 1856 3823 magis

140 3840 254 3896 Christi
268 3853 325 3893 non
342 3834 505 3907 pertinens,
522 3835 551 3887 in
566 3836 708 3887 aeternum
729 3834 854 3891 eortiusa
874 3839 970 3892 conti·
1027 3858 1096 3900 esse
1113 3841 1187 3894 satis
1203 3838 1358 3908 lucideque
1379 3842 1573 3891 nienstratum
1590 3839 1637 3891 sit:
1651 3854 1717 3893 cum
1732 3841 1858 3895 istorum

141 3931 252 3986 rescat.
1029 3929 1192 3988 dementias
1208 3930 1236 3981 et
1245 3925 1414 3997 singulatim
1425 3927 1656 3981 etcommunitcr
1669 3930 1858 3983 tamvcnera·

178 4018 265 4072 Nunc
287 4029 359 4069 sane
379 4012 456 4066 illam
473 4011 559 4066 ctiam
583 4012 815 4081 propositionem
835 4032 922 4086 quam
941 4017 972 4072 in
1031 4022 1133 4078 billum
1150 4019 1300 4071 auctorum
1323 4031 1410 4084 quam
1432 4015 1614 4084 propheticis
1634 4019 1661 4070 et
1676 4017 1859 4088 evangelicis

144 4108 240 4178 primo
254 4102 354 4159 libello
377 4105 527 4170 tantopere
547 4099 749 4171 probavimus,
765 4119 801 4156 an
826 4105 973 4161 conticere
1032 4107 1209 4166 testimoniis
1218 4108 1335 4159 teneant
1348 4103 1522 4174 plenissime
1534 4105 1700 4159 destructas
1713 4108 1862 4160 :nostrum

146 4189 742 4264 aliquidpossit,videamusProbavimus
753 4192 974 4263 enimquoniam
1034 4214 1103 4253 vcro
1115 4196 1200 4250 sidem
1216 4208 1430 4264 usquequaque
1440 4192 1650 4262 firmissimam,
1662 4194 1860 4260 utilissimam,
1922 4224 1930 4235 ·

146 4285 174 4338 si
193 4283 273 4336 Deus
289 4280 365 4334 hanc
380 4278 567 4332 mutationem
582 4279 668 4347 panis
684 4280 786 4334 etvini
802 4297 889 4352 quam
909 4297 977 4337 cre·
1034 4284 1313 4343 excellentissimam
1328 4297 1502 4353 summoque
1517 4283 1729 4353 necessariam,
1746 4283 1865 4338 videant

149 4371 248 4426 donus
263 4368 361 4422 lacera
380 4366 454 4435 vult,
475 4365 554 4420 iacit.
571 4366 657 4421 Nunc
673 4370 769 4423 autem
794 4373 979 4440 assumptum
1035 4371 1506 4432 evidentissimedeclaratamidt
1516 4388 1587 4427 vero
1600 4372 1699 4443 impiis
1709 4371 1867 4444 quidsulii·

148 4465 238 4530 atque
257 4458 343 4512 etiam
364 4456 437 4509 satis
463 4455 616 4524 probatum
642 4459 701 4525 est,
718 4458 786 4528 quia
802 4458 880 4512 illam
902 4460 981 4515 Deus
1036 4466 1103 4534 ciet,
1120 4463 1146 4516 si
1171 4462 1306 4516 duriores
1323 4460 1405 4514 saxis
1429 4463 1471 4514 tet
1489 4467 1729 4532 argumentorum
1751 4461 1866 4516 malleis

150 4549 252 4602 tacere
262 4544 334 4600 vult.
350 4544 425 4598 Narn
440 4543 563 4613 spiritus
580 4548 700 4599 sanctus
710 4562 762 4617 per
773 4548 981 4605 sanctissimos
1037 4551 1174 4625 percussi
1182 4550 1286 4604 cedere
1295 4549 1407 4618 nolunt,
1418 4549 1868 4606 sitenabrosiorcsinlcrnotan-

153 4640 292 4691 auctorcs
306 4648 381 4703 quos
391 4631 603 4702 templumcjus
620 4633 715 4689 inisse
730 4640 856 4705 constat,
873 4638 929 4692 hoc
941 4641 984 4708 (ut
1040 4647 1067 4697 ta
1083 4640 1312 4695 fortissimarum
1324 4639 1468 4692 rationum
1480 4639 1546 4694 luce
1558 4641 1724 4695 collustrari
1734 4656 1793 4694 non
1802 4654 1869 4710 pos·

154 4724 352 4790 ostendimus)
368 4721 446 4775 clare
461 4721 614 4790 perdocuit
631 4737 636 4776 :
656 4722 771 4778 Veteris
787 4741 820 4779 ac
833 4727 909 4781 Novi
925 4728 981 4782 Te·
1042 4732 1172 4799 sunt,aut
1182 4731 1259 4782 certe
1271 4728 1458 4781 meretricum
1467 4729 1870 4799 similesdesuaturpitudine

154 4812 292 4869 stamenti
314 4809 578 4864 incontradicibilis
606 4813 764 4867 aucteritas
790 4816 982 4888 confirmant,
1040 4814 1874 4887 velperspicuacrubescerenescientiautdaemonumsi·

155 4903 285 4958 Mundus
305 4899 513 4953 universaliter
530 4899 666 4969 credidit,
683 4901 771 4972 cujus
787 4904 881 4957 solius
898 4906 985 4961 fidem
1044 4905 1145 4959 milimi
1157 4907 1280 4971 creptam
1288 4901 1380 4955 semel
1392 4902 1559 4957 vecordiam
1570 4905 1649 4957 tanta
1660 4905 1820 4973 pertinacia
1831 4903 1874 4957 di·

156 4991 311 5058 Deusipse
321 4987 460 5041 laudavit.
471 4987 672 5041 Indubitantcr
685 4989 775 5060 igitur
784 4993 986 5061 quodcvideu-
1045 4994 1149 5064 ligunt,
1162 4996 1210 5044 aut
1222 4991 1373 5044 veritatem
1391 4991 1557 5060 gratisodio
1565 4992 1757 5062 transnatato
1767 4992 1875 5048 falsita-

154 5076 511 5146 tissimeneecssarioquc
521 5076 684 5146 conficitur,
695 5079 906 5135 concludamus
917 5098 922 5136 :
933 5083 988 5135 sci·
1046 5082 1126 5137 tevcl
1136 5080 1534 5155 manifestissimanunquarn
1542 5080 1878 5149 resipiscant‘lOmiscra
1930 5106 1935 5115 =

156 5169 237 5235 licet,
249 5167 317 5237 quia
337 5165 526 5218 mutationem
538 5165 623 5234 panis
639 5168 738 5220 etvini
749 5168 778 5222 in
793 5170 989 5224 substantiam
1054 5173 1146 5226 rimos
1162 5170 1298 5224 homines
1312 5172 1341 5221 ct
1356 5168 1500 5222 immenso
1516 5168 1709 5239 lacrymarum
1725 5172 1818 5228 imbre
1829 5154 1879 5227 lu-'

159 5252 991 5329 corporisetsanguinisChristiDeustacit.Quaproptcr
1046 5261 1172 5333 gandae,
1189 5259 1215 5312 si
1231 5262 1309 5311 tanta
1329 5257 1459 5328 pervasit
1476 5272 1528 5312 eos
1563 5261 1764 5332 propagandae
1791 5262 1878 5316 iamaa

161 5345 271 5400 sileant
285 5343 361 5413 apud
377 5358 479 5396 ornnes
499 5343 659 5412 prudentes
679 5345 992 5416 insipientissimorum
1047 5349 1258 5418 cupiditas,uta
1272 5345 1468 5415 blasphemiis
1480 5346 1880 5415 propalationecclarissima

167 5433 318 5488 hominum
340 5447 415 5486 nova
437 5432 656 5502 irrationabilia,
679 5434 764 5503 falsa,
794 5436 993 5508 inutilissima,
1048 5437 1168 5504 veritas,
1193 5450 1248 5489 nco
1278 5449 1392 5487 summa
1408 5435 1542 5503 ipsorum
1570 5435 1701 5508 infamia,
1728 5454 1783 5493 uec
1812 5437 1880 5491 vitae

161 5521 369 5592 vilissimaque
385 5524 558 5575 commenta.
577 5520 700 5592 Cedant,
715 5522 844 5594 inquam,
856 5525 996 5581 universa
1051 5530 1169 5582 oteres
1189 5539 1280 5591 amor,
1302 5538 1355 5577 nec
1372 5526 1481 5578 aeterna
1498 5524 1645 5581 damuatio
1661 5527 1777 5581 valeant
1790 5539 1882 5580 revo-

163 5610 331 5667 eeclesticas
351 5609 429 5664 ildei.
447 5608 498 5663 Illa
514 5609 591 5665 enim
608 5626 666 5665 non
682 5614 728 5665 est
743 5613 926 5684 recens,lilla
937 5629 996 5670 non
1053 5629 1132 5671 care.
1142 5613 1257 5684 Redite,
1267 5628 1381 5684 quaeso,
1398 5612 1506 5670 Redite
1515 5615 1769 5685 prevaricatores
1783 5612 1821 5669 ad
1830 5626 1879 5669 cos

166 5703 214 5760 est
228 5696 338 5774 hujus,
353 5700 414 5770 aut,
432 5698 662 5773 illiushominis,
678 5700 829 5759 scdtotius
844 5701 937 5761 orbis.
948 5703 1000 5762 llla
1053 5704 1135 5779 (lsai.
1151 5703 1241 5777 xiva).
1251 5702 1345 5770 Quare
1352 5702 1517 5760 moriemini
1527 5703 1643 5777 gratis?
1658 5702 1725 5760 Non
1740 5702 1809 5761 talis
1819 5701 1855 5761 hs
