3908 6112
133 310 211 375 12⁴1
908 307 1055 373 ΘΕΒΤΑ.
1763 302 1843 377 lm

109 512 289 569 nobitcrum.
308 509 437 566 Senibus
452 509 501 565 ille
512 508 635 581 juvenis
651 511 762 581 grande
779 490 986 579 exemplum&
1003 508 1182 580 promittere.
1194 509 1294 578 Ipsum
1308 510 1356 579 pia
1370 510 1495 581 quadarn
1512 509 1648 566 violantia
1663 511 1838 566 monasterii

110 602 249 657 inclaruit
272 599 428 655 sedulitate
456 599 602 670 quodiana
629 598 843 670 frequentando
860 613 945 653 sacra
1006 597 1198 653 Cadomensis
1213 598 1348 653 abbatem
1370 598 1480 667 statuit,
1497 614 1556 653 uon
1574 600 1672 655 minna
1688 599 1841 655 reluctan—
1928 592 1933 597 ’

112 690 264 762 mysteria.
294 686 448 758 ltemejns
472 688 558 742 liberi
581 688 719 758 pictatem
751 687 950 741 Christianam
1005 689 1062 742 tem
1087 686 1285 758 subjectionis
1305 703 1415 757 amore,
1436 703 1523 757 quam
1540 688 1654 743 altioris
1670 690 1782 760 gradus
1798 689 1837 743 ti-

115 779 246 833 infantes
274 777 403 831 didicere
425 775 560 846 diligenti
581 777 752 845 provisione
768 774 951 845 ipsiusl'ul-
1005 789 1096 829 more.
1114 775 1213 829 Multis
1223 775 1327 830 deinde
1338 776 1597 846 possessionibus,
1614 776 1683 830 item
1702 779 1837 848 argento,

114 870 186 940 gent
210 864 369 937 plangandi
392 864 510 936 qnidam
540 864 571 918 in
597 864 776 919 culminibus
795 863 950 934 potestatis
1005 879 1087 931 auro,
1104 864 1293 935 diversisque
1321 866 1502 919 ornamentis
1517 865 1730 919 monasterium
1759 864 1835 918 idem

111 960 253 1025 terreum,
268 969 337 1009 sese
357 953 387 1007 in
402 953 551 1007 interitum
574 953 679 1007 animae
695 954 731 1008 ab
742 954 789 1008 eis
800 954 859 1024 ipsi
874 969 951 1022 prta·
1005 953 1203 1023 locupletavit,
1217 952 1516 1024 suolargosumptue
1527 953 1716 1008 fundamento
1730 958 1842 1008 astruc-

112 1043 280 1113 cipitantes,
304 1056 429 1113 quornm
457 1055 547 1094 avara
576 1040 744 1112 malignitas
772 1040 950 1110 optimorum
1005 1044 1065 1096 tum
1080 1041 1194 1113 ingenti
1218 1043 1247 1095 et
1260 1041 1462 1113 magnitudine
1486 1045 1513 1096 et
1529 1041 1646 1110 decore,
1664 1042 1754 1114 digne
1767 1040 1841 1095 bea-

112 1133 207 1204 largae
216 1129 358 1184 voluntati
367 1129 531 1194 obsistens,
541 1128 684 1183 basilicas
696 1129 772 1184 intra
782 1129 953 1185 dominatio·
1006 1130 1124 1184 tissime
1145 1131 1358 1200 protomartyre
1386 1128 1547 1200 Stephano,
1584 1129 1672 1202 cnjus
1707 1129 1843 1201 reliquiis

113 1235 181 1276 nem
192 1235 277 1275 sunm
288 1216 547 1273 construidifllcile
558 1221 607 1271 aut
623 1217 790 1272 nullatenus
801 1217 951 1288 permittit,
1006 1218 1265 1291 magnificandum,
1283 1218 1397 1273 honore
1424 1218 1620 1273 dedicandum
1636 1220 1707 1274 erat.
1718 1218 1843 1289 Majoris

114 1311 303 1364 constructas
332 1307 435 1361 donari
463 1309 551 1375 vetat,
577 1321 632 1360 nec
661 1310 783 1361 veretur
806 1307 951 1385 spoliare,
1005 1307 1134 1379 pendere
1150 1307 1462 1377 nemopoteritofflcia
1477 1307 1844 1378 precum,quaeincaelee·

114 1397 277 1469 sacrilegio
295 1394 574 1451 cumulansdivitias
583 1394 761 1465 peculiares.
775 1394 807 1449 ln
817 1394 953 1465 pluribus
1007 1397 1047 1451 tia
1066 1396 1227 1450 mittuntur.
1243 1394 1355 1450 Crebro
1374 1395 1551 1450 famulorum
1564 1394 1673 1450 Christi
1689 1396 1841 1451 orationes

114 1502 187 1542 vero
202 1485 341 1540 ecclesiis
352 1484 507 1538 Dominum
521 1483 666 1537 collaudat
682 1483 773 1551 patria
788 1483 890 1539 nostra
906 1483 953 1537 sui
1008 1483 1158 1556 flagitabat
1176 1485 1204 1538 et
1218 1484 1333 1538 emebat
1348 1484 1475 1538 maximo
1500 1483 1623 1555 majore,
1639 1499 1705 1539 curn
1734 1483 1842 1539 bellum

115 1575 262 1646 principis
272 1573 414 1628 Witlelmi
424 1572 555 1643 benigno
564 1571 844 1641 favoreexstructis,
856 1585 954 1641 prom·
1009 1577 1057 1627 aut
1071 1571 1127 1625 alia
1137 1587 1187 1626 res
1201 1571 1292 1625 ardua
1308 1571 1487 1626 imminebat.

113 1667 165 1735 pta
181 1662 315 1735 largitate
331 1661 474 1715 adauctis.
491 1658 547 1725 Qui
560 1661 672 1715 volenti
698 1661 833 1714 conferre
858 1660 954 1714 libens
1041 1661 1113 1714 Cum
1125 1660 1605 1730 h‘aecretracto,dulcisrecordatio
1617 1661 1738 1717 obvenit
1746 1661 1842 1716 Theo·

115 1753 224 1823 cuique
252 1750 376 1804 liberam
403 1751 605 1804 auctoritatem
621 1749 811 1817 concedebat,
832 1750 953 1803 sanctos
1008 1748 1085 1804 dosii
1108 1748 1247 1820 Augusti,
1264 1764 1351 1819 quern
1380 1749 1411 1803 in
1436 1763 1565 1823 pugnam
1581 1752 1683 1804 contra
1697 1753 1839 1821 tyrannos

116 1841 196 1897 nulla
213 1854 340 1909 unquam
356 1838 463 1908 injuria
475 1837 600 1905 laedens,
616 1837 744 1892 dicatum
753 1836 989 1923 eisquitlpiamB
1005 1853 1220 1908 processurum
1246 1837 1414 1890 animabant
1441 1837 1525 1906 prius
1541 1838 1660 1892 oracula
1682 1842 1769 1909 atque
1792 1853 1844 1893 re-

114 1927 321 1984 abalienando.
348 1925 555 1980 stimulabatur
577 1925 644 1997 ejus
680 1929 811 1994 tempore
840 1925 955 1979 beatam
1006 1943 1117 1998 sponsa
1134 1927 1258 1982 loannis
1273 1926 1455 1981 monachiiu
1483 1926 1843 1982 ultima'l'bebaidecom·

112 2012 955 2089 AEgpptumNorthmanuieregulariumcmnobiorumcol-
1006 2016 1159 2071 morantis.
1186 2016 1365 2086 Acceptabat
1394 2030 1431 2070 ex
1458 2015 1597 2070 omnibus
1622 2016 1776 2071 monachis
1790 2014 1840 2070 ille

116 2106 218 2178 legiis,
236 2119 303 2175 quae
317 2103 499 2174 praecipuum
517 2103 670 2157 consulem
685 2103 832 2157 habebant
858 2102 956 2172 ipsum
1003 2104 1146 2176 joannem
1169 2103 1332 2159 obediendo
1363 2103 1499 2174 adeptum
1515 2103 1678 2176 prophetiae
1707 2104 1843 2177 gratiam,

118 2193 200 2250 fideli
227 2192 388 2264 patrocinio
415 2191 536 2245 instanti
551 2190 734 2262 magisterio.
752 2190 872 2245 Cunctis
887 2189 954 2260 qui·
1010 2193 1066 2249 istc
1093 2193 1290 2248 lanfrancum
1327 2206 1464 2247 sermone
1493 2195 1521 2247 et
1549 2192 1766 2262 actuspiritum
1791 2191 1844 2246 Dei

117 2283 188 2338 dern
201 2296 342 2345 amorem,
358 2281 512 2350 honorem,
526 2295 626 2334 curam
636 2280 795 2335 exhibebat
804 2298 811 2345 ;
839 2280 956 2349 impeu·
1011 2282 1201 2337 redolentem.

115 2373 184 2427 sius
199 2374 295 2426 tamen
322 2370 382 2423 illis
397 2385 474 2440 quos
488 2368 586 2439 major
614 2369 791 2424 existimatio
813 2369 956 2425 studiosae
1046 2370 1120 2426 Boni
1130 2370 1263 2440 plerique
1277 2370 1441 2424 transversi
1456 2368 1560 2424 effectu
1570 2367 1844 2440 carnalisangninis

115 2461 274 2533 religionis
291 2459 516 2515 commendavit.
545 2458 782 2525 Orecolendam,
805 2457 957 2512 cimitnn·
1010 2460 1226 2533 propinquitate
1250 2457 1475 2529 conjunctorum
1505 2457 1679 2512 criminibus
1707 2458 1843 2527 pareunt,

113 2551 195 2621 daur,
212 2565 229 2604 o
246 2550 275 2603 in
291 2564 377 2603 omne
393 2563 490 2602 sevum
507 2547 729 2617 propagandam
752 2546 933 2617 diligentiam
948 2543 954 2600 Ι
1011 2551 1041 2604 in
1056 2548 1176 2605 excelso
1191 2546 1365 2619 dignitatum
1379 2547 1500 2619 indigne
1515 2546 1713 2617 praesidentes
1728 2544 1845 2599 nonde·
1873 2567 1883 2583 ·

117 2638 250 2693 Abbetes
259 2640 346 2708 atque
354 2635 510 2706 pontifices
527 2651 655 2705 persona
666 2635 838 2704 principans
847 2637 875 2689 et
883 2635 957 2689 laica
1010 2639 1154 2694 scandere
1163 2637 1274 2691 volunt.
1286 2636 1345 2690 Eos
1354 2635 1583 2690 clementissime
1591 2635 1729 2705 tanquam
1741 2634 1845 2689 caecnt·

116 2742 172 2798 pro
187 2726 344 2795 disciplina
360 2724 565 2779 ecclesiastiea
581 2724 874 2780 subtilitermonebat
888 2740 956 2779 con·
1010 2743 1110 2783 amore
1126 2725 1263 2793 iudicant,
1281 2724 1356 2779 alios
1371 2723 1585 2794 perspicaciter
1598 2725 1685 2793 atque
1700 2721 1844 2777 districte.
1943 2754 1945 2759 ·

118 2818 233 2869 stanter
248 2813 471 2881 exhortabatur,
498 2827 603 2868 severe
628 2813 804 2885 castigabat.
835 2813 957 2878 Quoties
1011 2812 1345 2883 CaeterumWillelmns,
1355 2812 1443 2884 eujus
1452 2812 1675 2884 integerrimam
1685 2811 1846 2866 bonitatem

116 2904 187 2975 eius
203 2902 299 2957 edicto
314 2906 342 2956 et
356 2902 476 2956 hortatu
491 2917 657 2956 convenere
673 2902 829 2972 praesules
846 2904 956 2956 metro·
1012 2905 1213 2973 inscribimus,
1241 2902 1338 2958 animo
1353 2901 1494 2957 intentius
1514 2900 1648 2956 volutare
1659 2899 1729 2954 libet
1741 2914 1775 2953 ao
1789 2898 1846 2952 mi·

118 2992 268 3064 politanus
296 3006 362 3046 curn
392 2989 602 3062 suffraganeis,
625 2991 662 3045 de
684 2994 762 3045 statu
790 2989 954 3063 religionis,
1011 2990 1846 3062 rari,cumpatrisdeiectionemdivinaenequaqnamesse

118 3082 309 3150 clericorum,
337 3080 551 3135 monachorum
574 3082 661 3150 atque
689 3079 830 3134 laieorum
851 3081 956 3151 acturi,
1010 3082 1226 3156 praeferendam
1240 3080 1365 3149 novarit,
1393 3079 1544 3152 negotium
1560 3077 1612 3132 Dei
1627 3075 1788 3148 prudente,-
1802 3076 1847 3130 si.

116 3170 244 3243 spncdis
274 3169 321 3223 his
336 3169 482 3223 arbitrum
511 3183 544 3223 ae
560 3167 667 3223 deesse
696 3168 824 3237 nolebat,
846 3172 959 3225 cumnt
1010 3175 1072 3230 mul
1086 3176 1115 3227 et
1126 3171 1207 3243 juste
1222 3172 1323 3225 contra
1337 3172 1490 3240 pratrnum
1505 3181 1592 3222 sunm
1602 3166 1719 3238 peregit
1732 3164 1847 3235 llaige.

119 3258 281 3331 praeseutia
306 3273 360 3311 sna
375 3256 521 3312 studiosis
537 3257 657 3311 adderet
680 3257 820 3325 studium,
845 3258 958 3313 cautio·
972 3218 998 3282 ⁰
1012 3265 1088 3319 rium
1104 3259 1357 3330 archipraesulem.
1368 3258 1397 3312 Is
1409 3255 1549 3311 llicherdi
1565 3253 1691 3310 secundi
1707 3253 1788 3307 tilius
1800 3266 1847 3306 sa·

119 3364 191 3403 uem
215 3346 321 3415 cautis,
352 3349 413 3400 tum
442 3361 478 3399 ne
502 3345 598 3400 alieno
633 3345 802 3401 testimonio
841 3346 958 3402 discere
1012 3368 1064 3407 cra
1081 3349 1223 3421 dignitate
1234 3346 1418 3414 abutebatur,
1434 3345 1525 3399 veluti
1549 3343 1691 3398 natalium
1701 3341 1769 3414 iure
1781 3354 1846 3396 sna.

120 3435 269 3507 indigeret
283 3434 408 3505 qualiter
423 3432 551 3488 fuissent
567 3435 641 3501 acta,
663 3450 729 3504 quae
745 3436 851 3489 evincta
870 3436 959 3490 ratio·
1012 3441 1105 3495 Pallio
1127 3442 1225 3493 tamen
1254 3451 1403 3507 nunqnam
1416 3437 1463 3489 est
1485 3432 1657 3504 insignitus,
1674 3431 1753 3503 qnod
1768 3430 1848 3500 prin·
1915 3456 1919 3465 ·

119 3524 269 3593 nabiliter,
285 3523 418 3578 ordinate
431 3524 460 3577 et
470 3525 572 3578 sancte
582 3526 646 3576 acta
655 3523 751 3577 fuisse
760 3524 957 3578 desiderabat.
1015 3529 1108 3599 ripale
1116 3542 1151 3582 ac
1158 3526 1315 3598 mysticum
1324 3517 1847 3594 archipraesulatusinsignalmanus

122 3611 665 3670 Delatofortesnasadcurasimmani
682 3611 810 3682 alicujus
824 3613 957 3684 crimine,
1016 3616 1141 3674 Romani
1160 3615 1307 3685 pontificis
1335 3614 1450 3668 mittere
1475 3611 1562 3667 solita
1588 3610 1616 3664 ei
1633 3607 1803 3680 denegavit,
1818 3608 1850 3661 ut

120 3701 373 3773 quodepiscopus
390 3704 439 3754 ant
454 3698 681 3754 archidiaconus
695 3700 778 3770 justo
794 3701 959 3757 dementius
1014 3706 1113 3761 miuus
1137 3705 1252 3758 idoneo.
1278 3701 1494 3773 Scripturarum
1524 3715 1632 3756 arcana
1646 3694 1849 3769 intelligentiae

120 3788 327 3857 vindicaverit,
344 3804 425 3842 rcum
442 3787 607 3858 majestatis
623 3791 742 3843 aetcrure
756 3789 852 3843 teneri
867 3788 961 3859 jussit
1015 3793 1150 3849 litteralis
1165 3792 1251 3847 oculo
1262 3790 1402 3862 colligere
1416 3805 1475 3844 non
1486 3790 1623 3845 indoctus
1643 3787 1708 3856 fuit,
1724 3785 1778 3840 sed
1791 3798 1850 3855 quo

122 3878 353 3946 incarceratum,
370 3892 525 3947 quousque
552 3892 642 3931 cause
672 3876 797 3932 Domimi
824 3878 960 3949 aequitate
1015 3881 1190 3953 praecipiunt
1205 3877 1413 3946 moderamine,
1425 3892 1521 3948 neque
1532 3877 1737 3948 subjectorum
1752 3887 1848 3945 neque

121 3966 258 4022 districta
272 3967 493 4034 decerneretur,
518 3967 690 4035 episcopum
710 3969 759 4019 aut
773 3965 960 4020 archidiaco-
1015 3970 1164 4040 propriam
1187 3967 1276 4021 vitam
1300 3965 1468 4037 gubernare
1497 3965 1618 4019 studuit.
1640 3963 1733 4029 Quam
1754 3963 1850 4034 pietas

120 4071 194 4111 unm
208 4054 299 4109 veluti
315 4054 508 4109 adversarios
523 4054 631 4108 divinae
647 4055 740 4124 partis
757 4054 920 4108 criminans
931 4055 960 4108 iu
1015 4058 1209 4129 plurimorum
1223 4054 1354 4110 ornando
1373 4053 1484 4123 ditavit,
1495 4053 1543 4107 ille
1554 4052 1707 4123 spoliando
1716 4053 1851 4106 attenua-

117 4144 269 4216 judicium
296 4143 495 4211 devocandos,
519 4142 669 4197 feriendos
698 4143 782 4214 gravi
803 4143 960 4198 sententia.
1017 4146 1059 4200 vit
1067 4146 1234 4214 eeclesiam,
1251 4159 1310 4199 non
1321 4159 1451 4214 sponsus
1463 4142 1530 4213 ejus
1546 4141 1591 4195 vel
1607 4142 1691 4211 pater
1705 4137 1850 4193 dicendus

121 4232 242 4297 Clerici,
268 4233 332 4286 sive
361 4230 507 4300 monachi,
525 4231 613 4302 cujus
631 4248 647 4287 a
663 4231 850 4301 professione
871 4233 961 4286 vitam
1017 4236 1071 4290 sed
1085 4234 1287 4307 gravissimus
1298 4231 1491 4288 dominusvel
1506 4228 1720 4300 rapacissimus
1736 4227 1848 4296 praedo.

123 4337 184 4377 non
208 4321 378 4390 discrepare
405 4320 572 4375 testimonio
615 4320 761 4390 probabili
806 4323 959 4393 comperit,
1016 4314 1850 4393 Mensaeequidamnimiumsufficientes,nimium11itidas

124 4410 246 4464 charam
274 4408 401 4464 habebat
439 4407 676 4475 collocutionem,
702 4409 835 4478 precatui
872 4412 961 4464 totam
1016 4412 1163 4482 praebere,
1192 4410 1344 4482 largiendo
1360 4408 1588 4464 laudememere
1605 4406 1731 4474 amabat,
1747 4402 1849 4473 specie

122 4498 305 4552 voluntatem
321 4496 487 4551 inclinabat.
504 4496 757 4567 Ediversoneqne
782 4497 869 4551 amici
885 4497 961 4552 oculi
989 4499 1202 4567 „;liberalitatis
1216 4498 1369 4569 prodigus.
1382 4496 1467 4566 Saepe
1481 4509 1605 4551 numero
1617 4493 1747 4548 monitus
1764 4493 1851 4561 atque

123 4589 265 4657 respectu
280 4586 456 4657 dignabatur
470 4584 608 4639 infamem
619 4586 657 4640 ob
673 4587 960 4642 enormitatemvitae.
977 4573 1001 4635 D
1015 4588 1181 4661 castigatus
1189 4586 1326 4657 privatim
1341 4576 1851 4657 atquep'ublicedominisuijuvenia

160 4674 359 4730 Lanfrancum
374 4675 540 4745 quemdam,
553 4675 589 4728 dc
601 4690 658 4745 quo
669 4675 749 4729 venit
764 4675 792 4729 in
803 4676 883 4730 litem
893 4676 961 4745 plus
1016 4681 1044 4732 et
1058 4678 1125 4731 laici
1140 4677 1273 4747 sapiente
1288 4674 1449 4747 diligentia,
1465 4688 1592 4747 pergere
1606 4671 1733 4728 malebat
1748 4668 1850 4724 eadem

124 4780 163 4819 ne
179 4764 218 4819 sit
232 4764 356 4818 meritus
372 4763 566 4818 reverentiam
582 4769 669 4833 atque
690 4764 813 4834 gloriam
835 4764 962 4819 saecula·
1017 4766 1170 4835 pravitatis
1194 4764 1252 4819 via.
1280 4765 1342 4819 Nec
1358 4765 1434 4819 enirn
1449 4762 1677 4833 modumposuit
1691 4756 1849 4831 largitioni,

125 4853 205 4907 rium
228 4867 263 4906 ac
279 4852 444 4906 divinarum
456 4852 616 4906 litterarum
631 4852 776 4923 singulari
794 4853 908 4923 peritia,
925 4869 961 4907 an
1019 4853 1112 4909 donec
1136 4854 1225 4909 sedes
1253 4854 1474 4924 metropolitana
1503 4852 1583 4908 omni
1602 4851 1664 4906 fere
1679 4850 1851 4905 ornamento

127 4941 243 4997 ordinis
255 4941 422 4995 monachici
438 4940 584 5012 singulari
598 4940 797 5010 observantia,
814 4942 962 4997 intimata·
1020 4944 1114 4999 caruit
1128 4947 1156 4998 et
1165 4944 1315 4998 thesauro.
1324 4942 1493 5014 Sequuntur
1503 4939 1652 4997 multoties
1666 4938 1852 5010 largitionem

127 5030 294 5085 miliaritate
306 5029 422 5085 colebat
433 5046 439 5082 :
450 5033 481 5082 ut
491 5031 602 5098 patrem
617 5045 773 5095 venerare,
794 5045 902 5086 verens
932 5036 963 5086 nt
1020 5032 1142 5101 rapinae,
1159 5034 1307 5087 Praeterea
1321 5031 1465 5086 molestus
1480 5030 1609 5085 infamiae
1624 5028 1691 5100 ejus
1708 5026 1783 5082 odor
1797 5023 1851 5079 dif-

127 5120 352 5190 praeceptorem,
376 5117 503 5189 diligens
533 5120 563 5171 ut
578 5133 751 5188 germanum
766 5121 815 5174 aut
835 5120 960 5189 prolem.
1020 5120 1243 5176 fundebaturob
1258 5121 1315 5175 alin
1331 5120 1463 5174 crimina.
1479 5119 1537 5174 Sed
1553 5133 1570 5172 a
1586 5118 1700 5172 ratione
1723 5115 1851 5171 alienum

126 5207 169 5261 llli
186 5207 321 5262 consulta
337 5206 442 5261 animae
457 5222 531 5274 suae,
560 5206 602 5260 illi
617 5208 769 5277 speculam
791 5209 957 5278 quamdam,
1019 5210 1154 5265 ducimus
1169 5208 1477 5280 invitiispubhcaudie
1488 5207 1646 5277 immorari,
1659 5220 1784 5278 qnorum
1796 5218 1852 5259 nec

126 5296 206 5351 unde
216 5296 369 5350 ordinibus
379 5295 774 5364 ecclesiasticisperomnem
785 5297 960 5353 Northman·
1018 5300 1129 5354 decens
1153 5300 1268 5355 videtur
1296 5297 1544 5364 commemoratio,
1568 5312 1622 5352 nec
1641 5295 1743 5352 notitia
1758 5293 1850 5349 utilis.

127 5386 207 5439 niam
226 5385 457 5455 prospiceretur,
479 5384 635 5438 commisit.
654 5385 748 5440 l'otnit
764 5401 889 5458 namque
905 5389 960 5444 viri
1018 5389 1112 5444 Laesit
1122 5391 1243 5457 insuper
1257 5386 1367 5457 injuria
1382 5401 1440 5442 non
1451 5385 1684 5441 levilicclcsinm
1695 5383 1853 5439 universa·

125 5474 196 5527 talis
210 5473 339 5544 vigilans
356 5488 437 5538 cura,
451 5488 517 5524 rum
534 5472 689 5526 niaximum
705 5475 907 5530 auctoritatem
919 5494 963 5531 sa·
1017 5479 1085 5547 lem,
1104 5477 1192 5548 cujus
1208 5476 1325 5530 unicum
1342 5477 1494 5546 primatem
1509 5475 1697 5532 summumin
1714 5472 1852 5529 orbetan-

127 5561 236 5631 pieuiae
252 5561 363 5630 pariter
386 5576 421 5615 ac
441 5562 606 5615 sanctitatis
624 5563 821 5634 praerogativa
848 5579 963 5635 compa·
1019 5581 1118 5621 rarum
1133 5564 1303 5635 antistitem,
1319 5579 1377 5619 nou
1387 5580 1445 5636 qna
1460 5565 1568 5636 decuit,
1583 5563 1850 5622 obedientiavene·

128 5648 214 5718 ravit,
227 5650 415 5705 securitatem
430 5665 489 5705 non
504 5665 625 5720 parvam
640 5651 757 5722 optimae
771 5652 962 5709 sollicitudini
1016 5659 1099 5711 ratus
1118 5656 1174 5709 est.
1191 5653 1267 5710 Nam
1290 5654 1446 5727 apostolici
1460 5655 1596 5712 mandato
1615 5653 1727 5724 saepius
1742 5648 1779 5704 ad
1791 5648 1850 5706 llo·
