3900 6112
109 297 189 374 roae
395 268 400 281 ’
770 303 996 367 saraceno
1029 300 1153 367 irum

107 506 233 562 Brachia
244 504 300 575 (43)
316 502 503 558 namvalidas
514 503 595 556 vires
605 502 793 572 animumque
805 501 936 573 gerebat.
954 484 977 545 Α
996 502 1091 558 Aibxa
1108 503 1210 571 cauda,
1227 503 1365 575 deligitur
1380 503 1472 558 altera
1486 507 1587 559 terrae.

108 595 207 666 lluJus
224 594 373 648 llobertus
389 592 482 645 irater
496 589 560 657 suit,
577 590 626 645 ille
641 590 778 644 ducatum
995 591 1189 646 Dissimulant
1204 592 1294 645 Danai
1311 590 1411 647 Gallos
1426 592 1528 647 audire
1544 593 1659 648 aientes

108 680 568 754 Quipostobtinuit,Guiscardus
576 680 630 747 (ll)
640 679 777 733 adomnia
785 679 915 748 prudens
930 695 936 733 :
994 681 1039 735 Ad
1055 697 1195 752 pugnam,
1216 682 1382 752 positisque
1398 682 1476 736 seris
1491 686 1686 737 remorantur
1703 682 1732 736 in
1745 682 1821 753 utba,

107 773 268 827 Tantorum
284 772 423 825 comitum
439 770 577 824 comitatu
591 770 665 823 lisus
681 770 709 821 in
725 767 840 823 hostem
994 769 1039 823 Ad
1058 769 1168 824 bellum
1183 775 1340 840 postquam
1355 770 1517 839 procedere
1533 771 1611 825 nolle
1627 772 1773 843 Pelasgos

108 862 245 933 drgprus
255 864 404 930 properat,
416 860 521 912 Tarum
531 857 597 926 (lsi,
611 858 761 911 blariacus
777 857 813 911 ad
824 872 937 912 amnem
993 858 1067 911 Galli
1079 858 1274 928 conspiciunt,
1292 862 1320 912 et
1335 859 1483 913 moenibus
1495 858 1524 914 in
1539 859 1695 930 capiendis

108 950 246 1012 Venerat,
264 949 310 1003 bis
328 949 399 1001 inibi
415 949 540 1000 metatus
556 951 652 1001 castra
669 946 785 1002 diebus.
993 947 1082 1017 Spem
1095 947 1227 1018 gravitas
1244 948 1353 1017 adimit,
1370 948 1437 1018 quia
1453 948 1675 1003 munitissimus
1693 949 1773 1004 urbis

107 1040 143 1093 ut
158 1054 216 1093 uon
232 1038 329 1090 amlito
345 1040 431 1091 tautae
448 1036 615 1090 subsistere
632 1036 729 1106 gentis
994 1035 1046 1090 Est
1061 1036 1149 1105 situs,
1166 1036 1351 1105 abscedunt3
1368 1036 1510 1106 posthaec
1530 1040 1698 1092 remoratus
1712 1038 1739 1092 in
1752 1039 1814 1095 urba

106 1125 252 1179 Praevalet
266 1125 393 1178 odronto
410 1124 571 1177 conclusus
587 1123 616 1176 in
632 1124 705 1177 urbe
721 1123 848 1177 Tarenti.
995 1125 1052 1178 l‘er
1066 1127 1182 1194 tempus
1192 1125 1338 1179 modicum
1349 1125 1613 1195 repetitltlaniacus
1623 1127 1811 1197 Hydrontum:

107 1214 151 1267 Ad
167 1214 288 1266 fluvium
303 1212 376 1266 Galli
392 1213 522 1279 veniunt,
540 1211 708 1282 castrisque
725 1213 853 1280 receptis
996 1214 1113 1266 Rursus
1129 1218 1157 1266 et
1173 1213 1309 1285 Argq'rus
1326 1229 1381 1268 nec
1396 1230 1453 1268 non
1469 1214 1648 1269 Theodorus
1662 1230 1669 1283 3
1685 1220 1713 1269 at
1732 1216 1781 1270 iste

107 1300 938 1370 Graecorumvaeuis,locapontisadusquepropinquant.
995 1301 1084 1355 Milite
1104 1316 1170 1354 cum
1188 1302 1287 1371 multo,
1305 1318 1371 1357 eum
1387 1303 1486 1357 multis
1504 1303 1658 1358 classibus
1672 1303 1729 1363 ille.

107 1391 194 1444 llunc
209 1391 346 1460 utrinque
363 1391 452 1443 maris
477 1388 669 1443 circumvolat
693 1389 782 1455 unda,
799 1389 856 1443 sub
872 1388 940 1442 altis
995 1388 1211 1460 lmperiijussu
1226 1406 1385 1461 properare
1400 1395 1520 1460 paratus
1536 1393 1566 1445 in
1581 1392 1691 1461 ipsum,

110 1478 245 1549 Rupibus
262 1478 388 1548 objectis
404 1479 447 1531 sic
464 1477 649 1532 interciditur
665 1493 777 1547 aequor,
995 1478 1140 1532 llostilcm
1157 1481 1291 1548 quatiunt
1305 1481 1388 1533 varia
1403 1479 1558 1535 formidine
1570 1484 1708 1548 mentem,

108 1568 211 1622 Pontis
229 1572 258 1621 ut
274 1567 383 1622 arixilio
400 1567 519 1621 transiri
532 1567 628 1637 possit
650 1566 686 1619 ad
702 1566 815 1636 urbem,
997 1565 1031 1619 llt
1046 1565 1174 1619 titubans
1190 1581 1299 1634 ammo,
1316 1583 1393 1620 nunc
1416 1567 1484 1635 huc,
1508 1583 1587 1622 nunc
1612 1568 1731 1622 lluctuat
1744 1568 1808 1624 illue.

109 1655 239 1727 Quaeque
253 1657 360 1710 viatori
376 1657 423 1709 via
440 1671 517 1710 nirne
532 1656 634 1709 brevis
648 1671 717 1710 esse
732 1655 858 1723 videtur,
997 1654 1077 1707 lli-be
1092 1657 1170 1708 metu
1187 1654 1302 1708 taudem
1316 1655 1406 1709 nimio
1421 1655 1540 1724 prodire
1556 1659 1680 1710 coaetus

110 1744 212 1815 Longa
231 1745 384 1798 videretur
399 1745 516 1815 gyrairti
532 1744 640 1798 littoris
657 1760 726 1807 ora;
999 1742 1133 1812 llupibus
1149 1743 1253 1796 incisis
1266 1742 1351 1813 Juxta
1367 1744 1458 1797 maris
1474 1745 1531 1798 alta
1545 1744 1655 1799 locavit

111 1832 245 1902 Namque
260 1832 334 1885 mari
352 1834 466 1900 septum
484 1830 588 1901 majori
603 1835 684 1902 parte
700 1831 858 1886 Tarentum
998 1830 1118 1885 ltillleili
1134 1847 1188 1884 sua
1204 1834 1300 1885 eastra
1316 1831 1401 1895 loce;
1419 1848 1475 1903 qua
1490 1833 1614 1902 pervius
1632 1833 1683 1887 ulli

111 1919 210 1974 lnsula
228 1936 296 1973 mox
313 1921 405 1983 tieret,
423 1920 559 1974 medieas
575 1921 633 1974 nisi
649 1921 735 1975 collis
750 1921 880 1976 adesset.
998 1920 1064 1973 Non
1077 1920 1175 1974 aditus
1190 1920 1283 1988 fleret,
1310 1921 1442 1991 scopulis
1458 1921 1575 1976 baerere
1590 1923 1707 1977 carinas

113 2007 261 2061 Moenibus
277 2008 410 2063 inclusos
427 2024 534 2079 pugnae
551 2008 724 2062 Guiliclmus
741 2009 871 2065 Achivos
999 2008 1157 2078 Impositos
1174 2008 1317 2079 gradibus
1334 2008 1458 2079 iaciens,
1476 2012 1507 2064 ut
1522 2010 1678 2079 pacificato

113 2096 269 2161 Provocat,
284 2100 312 2149 at
323 2112 471 2167 nunquam
487 2096 621 2150 dimissis
637 2097 784 2150 moenibus
796 2098 837 2151 illi
1001 2096 1135 2166 AEquore
1153 2098 1308 2162 transirat;
1332 2096 1487 2170 quosdam,
1504 2113 1581 2168 ques
1597 2114 1720 2170 aequora
1733 2098 1804 2154 credit

113 2183 300 2239 Conseruere
318 2200 437 2253 manus3
462 2201 519 2238 non
535 2185 665 2239 iluminis
680 2186 806 2255 impetus
822 2188 872 2241 ulli
1000 2187 1199 2242 l'erturbasse
1215 2187 1320 2258 magis,
1338 2189 1457 2251 cruciat,
1476 2188 1630 2242 succendit
1646 2192 1674 2243 et
1688 2189 1762 2261 igui3

112 2273 185 2328 Plus
201 2278 245 2328 cst
272 2292 358 2345 quam
381 2276 452 2329 tanti
480 2276 565 2329 ducis
581 2276 718 2330 hostibus
734 2277 818 2331 basta
833 2280 942 2333 timori.
1002 2276 1134 2331 Necdum
1151 2277 1262 2331 sedatis
1278 2277 1437 2347 tranquillo
1453 2280 1582 2348 tempore
1599 2293 1724 2347 prorsus

113 2362 161 2416 Sic
182 2364 346 2417 incantator
361 2365 515 2418 stauliosus
530 2381 582 2435 pro
599 2364 739 2434 capienda
1001 2363 1154 2419 Fluctibus
1179 2365 1337 2435 aequoreis,
1364 2366 1467 2419 naveis
1481 2366 1553 2436 petit
1568 2370 1596 2421 ct
1620 2382 1700 2421 marc
1714 2364 1800 2419 tramit

114 2452 236 2521 Aspida,
254 2453 424 2506 multimoda
440 2456 563 2507 certatur
579 2458 608 2507 ut
623 2454 775 2508 abstrahat
794 2458 855 2510 arte
1001 2456 1156 2511 Transitus
1172 2454 1219 2508 ille
1232 2458 1339 2520 tamen,
1355 2456 1466 2509 misero
1482 2454 1522 2509 nil
1537 2453 1651 2524 profuit
1666 2455 1715 2522 illi,

115 2538 291 2595 Visceribus
309 2545 405 2610 terrae,
423 2542 531 2611 quibus
547 2542 655 2610 abdita3
671 2546 731 2596 tuta
746 2547 891 2616 meratur3
1000 2546 1163 2599 tlccurcnte
1178 2542 1298 2613 quidem
1312 2542 1496 2597 llonomacbi
1513 2544 1606 2598 milite
1623 2548 1715 2598 stratu

116 2628 247 2682 Auribus
263 2629 309 2682 bic
325 2645 361 2682 uc
377 2630 447 2699 quid
464 2646 554 2700 grave
571 2631 687 2700 sentiat,
704 2631 830 2686 obstruit
845 2649 943 2704 unam,
1000 2632 1112 2687 Occidit
1123 2630 1180 2701 (46)
1194 2635 1222 2686 ct
1237 2632 1384 2686 scelerum
1400 2633 1544 2702 persolvit
1559 2646 1781 2703 cerporepoenas.

790 2767 923 2840 Explicit
938 2768 1019 2824 liber
1029 2768 1157 2840 primus.

459 2913 746 3042 lNClPlT
804 2916 1036 3045 LlBllll
1076 2912 1469 3042 SECUNDUS

113 3118 251 3188 Argyros
268 3116 341 3169 latii
359 3116 467 3170 dimoto
485 3116 592 3171 finibus
609 3118 705 3187 besto,
1004 3118 1079 3171 Pars
1096 3115 1192 3171 comiti
1208 3114 1306 3183 Petro,
1322 3116 1454 3183 pareest
1471 3114 1583 3170 sociata
1600 3114 1724 3186 Dragani

115 3206 200 3259 Vadit
216 3205 394 3258 idrontinam
411 3206 509 3259 multis
525 3207 681 3261 comitatus
697 3207 732 3261 ad
747 3207 860 3262 urbem.
1006 3203 1149 3259 Tancredi
1164 3203 1274 3275 genito,
1292 3202 1406 3257 modico
1422 3202 1491 3272 quia
1504 3203 1622 3258 vixerat
1636 3203 1700 3274 ejus

114 3295 252 3348 Traditur
266 3295 338 3347 urbs
356 3294 407 3363 illi,
426 3295 508 3348 cives
533 3294 589 3349 boc
604 3296 737 3365 principe
752 3296 891 3367 gaudent.
1002 3294 1145 3363 Tempore
1161 3307 1334 3363 germanus,
1351 3291 1397 3344 vir
1411 3290 1508 3346 ferrea
1524 3291 1623 3347 dictus
1639 3291 1738 3347 habe-re

115 3382 192 3437 ilinc
209 3383 316 3436 Barum
344 3386 481 3452 repetens
498 3382 598 3435 Gallos
615 3385 754 3452 permittit
768 3384 850 3438 abire
867 3400 873 3438 ε
1002 3380 1319 3449 ltracbiatluilielmus‚
1337 3379 1384 3433 cui
1395 3381 1496 3434 vivere
1512 3380 1539 3434 si
1554 3381 1698 3450 licuisset,

115 3470 159 3541 lili
175 3471 352 3539 Guapmario
366 3471 475 3524 vadunt
490 3471 604 3524 servire
619 3471 783 3540 Salernum,
1001 3470 1094 3525 Nemo
1106 3473 1191 3540 poeta
1208 3484 1279 3523 siras
1294 3471 1398 3538 posset
1413 3468 1589 3538 depromere
1603 3468 1713 3525 laudes.

116 3558 311 3628 Guavmarius
328 3558 466 3627 princeps
482 3558 615 3612 confisus
631 3559 745 3613 viribus
761 3559 877 3630 borum,
962 3540 1092 3612 C‘ranta
1107 3556 1161 3611 luit
1175 3557 1308 3626 probitas
1325 3556 1425 3623 animi,
1442 3561 1500 3611 tam
1516 3557 1616 3611 vivida
1630 3558 1730 3612 virtus.

116 3646 180 3699 llos
196 3661 298 3700 secum
313 3646 420 3700 llarum
436 3646 553 3700 deducit
565 3650 592 3700 ot
609 3647 726 3702 obsidet
740 3649 821 3703 illud.
1001 3644 1164 3699 l'ntredum
1179 3646 1259 3697 totus
1276 3659 1343 3697 eum
1359 3643 1450 3697 tratre
1466 3642 1609 3716 Diogene
1625 3642 1751 3699 tremebat

114 3733 240 3804 Imperat
256 3735 371 3805 Argyre
389 3734 446 3787 sibi
462 3738 561 3803 parcat
584 3736 655 3790 urbe
673 3736 785 3804 relicta,
1001 3733 1089 3786 ltaliae
1105 3732 1243 3802 populus,
1262 3732 1398 3802 quamvis
1410 3736 1479 3787 tune
1492 3735 1635 3803 temporis
1652 3735 1728 3788 esset

116 3821 260 3876 Transeat
275 3823 311 3875 ait
326 3822 457 3877 Grecos.
477 3823 596 3877 btouitis
611 3840 715 3893 parere
732 3826 876 3880 monentis
1001 3821 1094 3875 ltitior
1108 3821 1155 3875 bis
1171 3822 1279 3875 Petrus
1302 3821 1559 3892 consanguinitate
1574 3823 1761 3893 propinquus:

118 3910 228 3964 Abniiit
253 3911 400 3983 llrgirous
421 3928 426 3966 :
445 3913 605 3984 confligere
630 3930 687 3967 non
709 3918 805 3968 tamen
834 3914 947 3969 audens
1000 3909 1097 3962 Edidit
1108 3909 1155 3963 hic
1175 3909 1317 3963 Andrum.
1334 3908 1490 3964 fabricavit
1503 3915 1531 3964 et
1546 3910 1616 3966 inde
1630 3910 1760 3973 Coretum,

117 3998 266 4054 invalidus
283 4017 391 4072 pugnae
408 4017 440 4056 se
457 4002 617 4055 custodivit
630 4002 659 4055 iu
677 4002 762 4069 urbe,
1000 3998 1139 4065 busilias,
1157 3997 1297 4051 Barolum
1310 3998 1399 4051 maris
1415 3998 1573 4053 aedificavit
1589 4000 1619 4054 in
1634 4000 1704 4054 oris.

117 4087 305 4158 Depopulans
320 4105 411 4160 agros
427 4094 454 4144 ct
469 4106 582 4144 amoeua
599 4090 714 4145 novalia
730 4092 797 4145 Bari
816 4108 821 4144 :
1000 4086 1089 4140 Fama
1105 4103 1196 4156 super
1222 4087 1345 4140 comites
1360 4087 1435 4141 alios
1452 4091 1626 4143 excreverat
1640 4088 1736 4160 hujus,

116 4176 223 4232 bloenia
238 4179 433 4248 Guaymarius
448 4180 577 4249 propriae
594 4180 791 4250 repedavitad
806 4180 901 4235 urbis.
999 4176 1056 4229 Sed
1069 4191 1169 4230 comes
1182 4174 1334 4229 Uniredus
1348 4175 1517 4231 cumfratre
1529 4168 1824 4249 eroganesuperbfl

114 4264 327 4320 Constantinus
344 4283 379 4320 eo
395 4268 445 4338 qui
461 4273 594 4338 tempore
606 4268 675 4338 jura
691 4269 814 4340 regebat
999 4265 1154 4334 llcponunt
1170 4267 1306 4330 mentem,
1326 4264 1473 4335 quiadum
1488 4270 1640 4321 certamen
1656 4266 1726 4320 inire

114 4353 243 4424 imperii,
261 4356 378 4409 mandat
394 4361 531 4425 properet
545 4358 720 4427 quantocius
735 4357 769 4410 ad
787 4373 820 4411 se
999 4353 1026 4406 ls
1043 4358 1134 4423 parat,
1151 4352 1254 4407 infelix
1270 4352 1367 4408 ielioia
1380 4356 1514 4424 tempora
1528 4355 1659 4424 perdens

114 4443 261 4513 Argrrus,
276 4443 375 4513 jussis
392 4444 470 4497 iavet
485 4445 688 4514 imperialibus
704 4445 751 4498 ille
999 4442 1134 4496 vincitur
1153 4444 1182 4495 et
1197 4442 1330 4512 capitur3
1347 4458 1437 4497 curru
1453 4442 1573 4498 fortuna
1587 4447 1681 4498 rotato

115 4530 261 4600 AEquoris
281 4531 399 4585 Adriari
417 4536 604 4586 transvectus
620 4533 758 4587 fluctibus
770 4533 872 4587 urbem
1000 4530 1147 4584 Tancredi
1162 4530 1245 4585 nates
1262 4530 1407 4586 sublimes
1422 4530 1547 4586 reddere
1563 4532 1652 4602 caepit
1669 4547 1675 4587 :

112 4620 231 4690 Appetit
247 4619 362 4689 imperii
378 4621 522 4690 placidus,
540 4621 590 4690 qui
606 4621 747 4691 praesidet
762 4622 829 4676 urbi
999 4619 1115 4688 imperii
1132 4620 1231 4673 rector
1245 4621 1396 4673 scrutatur
1410 4625 1658 4689 prememoratus

114 4709 245 4778 Suscipit
259 4724 418 4779 egressum
435 4711 551 4780 magnis
567 4713 595 4762 et
613 4709 775 4763 bonoribus
787 4709 878 4763 illum.
1000 4710 1159 4777 argyrum,
1177 4707 1277 4762 Gallos
1294 4707 1442 4778 depellere
1458 4708 1588 4778 qualiter
1601 4709 1664 4763 oris

112 4799 270 4852 Promovet
281 4797 393 4852 interea
409 4799 546 4867 populus,
564 4813 652 4867 quem
668 4800 785 4850 rexerat
798 4798 863 4866 ipse
1002 4796 1091 4850 ltaliae
1106 4795 1210 4863 valeat,
1228 4812 1323 4868 neque
1339 4800 1370 4850 ut
1384 4794 1495 4869 [enim],
1508 4796 1584 4868 jam,
1596 4812 1687 4868 posse
1701 4787 1774 4865 fugai

149 4958 204 5027 (aa)
231 4958 404 5012 Guilielmus
429 4957 664 5011 ileu-abramius
691 4957 834 5011 Tancredi
867 4957 946 5012 illius
1003 4970 1080 5009 carc.
1100 4955 1145 5010 Ex
1161 4956 1291 5010 llobcrto
1306 4955 1480 5021 Guiscardo,
1499 4959 1528 5010 et
1550 4937 1799 5029 RogerioTaacredt'

118 5030 199 5082 beru.
1003 5027 1148 5081 Altavillm
1159 5028 1189 5080 in
1205 5026 1298 5082 Gallia
1313 5026 1382 5081 filiis
1398 5027 1490 5097 stirps
1527 5029 1674 5099 riucipum
1689 5026 1796 5080 >tome

150 5100 205 5159 [lb
221 5100 418 5154 tluisrardum
434 5100 534 5169 plures
551 5099 692 5153 Eri-ouem
704 5100 851 5167 dixerunt,
869 5100 946 5170 quod
960 5092 986 5151 D
1004 5114 1108 5153 norum
1123 5099 1151 5152 in
1166 5098 1246 5151 ltalia
1262 5101 1423 5169 propagata
1439 5101 1494 5153 est.
1539 5115 1597 5153 nin.

117 5171 947 5242 pertcrrasvaguscsset.rltmagisplaecthiredenomi·
1039 5169 1096 5238 (45)
1118 5169 1205 5223 Forte
1239 5169 1397 5241 legendum
1421 5169 1540 5239 Tarum,
1566 5169 1618 5241 qui
1645 5158 1793 5224 duviosest.

116 5238 193 5291 natio
208 5246 367 5313 nostroque
379 5243 447 5297 usui
463 5244 590 5312 propria.
610 5243 683 5295 Nam
700 5247 727 5295 ct
743 5243 831 5313 vulgo
845 5245 947 5296 nostra
1004 5241 1108 5294 Tmen.
1762 5301 1767 5312 ‚

117 5309 203 5433 qrtiam
220 5315 302 5432 aqam
319 5319 434 5368 cautum
449 5319 477 5368 ct
493 5317 621 5368 astutum
638 5314 832 5368 Guiscardum
848 5313 947 5383 appel·
1005 5382 1013 5435 l
1040 5311 1165 5366 leibnit.
1194 5311 1313 5383 legebat
1342 5310 1460 5380 Turrani,
1490 5311 1546 5367 sed
1574 5310 1717 5367 servanda
1735 5310 1795 5377 print

128 5394 222 5433 amus.
262 5398 341 5437 rasa.
1016 5383 1102 5437 ectio.

49 5458 53 5463 '
151 5449 306 5505 Guiscardi
322 5456 678 5525 eognomcmprrulentem
693 5457 771 5509 notat
781 5470 788 5522 ς
800 5455 891 5525 ll'ys;
904 5456 950 5508 cst
1040 5453 1096 5524 (to)
1108 5454 1260 5507 blariacus
1275 5453 1332 5507 isto
1346 5453 1376 5506 in
1390 5453 1533 5509 conitiotu
1544 5456 1666 5525 accepto
1678 5439 1799 5521 vulnertlt

116 5521 255 5591 stpi⁰1¹8;
272 5523 437 5594 ethsscn
446 5529 535 5581 scire.
547 5527 647 5581 Editor
658 5526 833 5597 ltotbomag.
844 5524 949 5580 obser·
1025 5529 1251 5598 eetereexequo
1263 5526 1421 5598 prolapsus
1431 5525 1680 5600 suoinsanguine
1690 5512 1799 5580 occulat

116 5598 165 5652 vat
177 5591 325 5650 Guisbard
350 5610 404 5650 sue
423 5601 556 5670 tompore
578 5603 707 5655 astutum
722 5597 813 5672 vulgo
830 5596 948 5670 signiti-
1005 5542 1111 5653 Pliureio
