3900 6112
116 301 176 365 aaa
627 297 660 357 e.
684 295 873 361 aNsEbtii
897 293 1103 374 incensas
1129 291 1325 357 sarsaorr

116 500 161 556 Ex
176 501 233 556 lroc
248 499 327 571 quod
342 501 372 553 iu
389 497 504 569 cogitas
519 495 555 549 dc
571 510 617 550 me
633 494 805 565 aliquando:

116 590 148 645 Si
162 589 290 661 cognovi
304 588 426 641 vulnera
438 588 543 640 cuncta
558 582 739 655 speculando

115 677 187 744 Ques
202 676 335 746 suscepit
349 673 442 728 Filius
459 687 544 727 meus
560 671 724 726 tolerando.

152 764 237 820 Scias
253 764 322 835 quia
338 763 425 817 dolor
439 775 485 816 me
499 761 530 815 in
544 762 656 815 tantum
670 758 831 830 premebat,

116 852 200 919 Quod
214 852 274 905 vim
288 850 351 906 iere
367 849 502 919 corporis
523 863 590 903 cum
604 862 697 903 sensu
713 845 839 913 delebat,

117 941 175 997 Sed
191 941 355 996 immensus
371 937 437 993 Filii
453 953 535 993 amor
549 950 596 991 me
612 936 746 1008 cogebat,

115 1031 225 1086 Omnes
240 1044 344 1100 poenas
360 1042 482 1083 cernere
498 1042 572 1098 quas
589 1026 653 1096 ipse
669 1024 791 1079 ferebat.

150 1117 271 1184 Quando
287 1132 403 1188 poennm
422 1117 549 1186 aliquam
564 1113 667 1169 inferri
683 1112 828 1181 videbam,

116 1208 188 1263 'iota
203 1206 291 1278 quasi
304 1205 435 1261 moriens
447 1220 516 1260 mox
529 1203 712 1269 deficiebam,

115 1296 173 1352 Sed
188 1295 298 1350 amoris
314 1295 424 1365 impetu
439 1295 536 1349 statim
552 1291 732 1357 revivebam,

115 1383 152 1439 Et
164 1387 311 1439 tormenta
325 1382 377 1438 iiiii
391 1381 477 1437 avide
492 1380 638 1436 videbam.

150 1471 225 1526 Nem
241 1487 308 1528 oum
324 1487 358 1527 eo
374 1486 470 1526 meum
487 1486 539 1526 cor
554 1473 645 1525 totum
661 1469 819 1537 habitabat,

113 1561 206 1628 Quem
220 1559 405 1616 ineffabiliter
419 1558 488 1632 plus
504 1574 593 1630 quem
607 1571 655 1613 ma
670 1557 794 1623 amabat,

112 1650 225 1706 idcirco
240 1648 319 1721 quod
334 1648 428 1703 Filius
443 1663 527 1702 meus
544 1646 695 1714 tole-abr,

116 1737 371 1795 inconsolabiliter
384 1751 482 1792 meum
497 1751 549 1791 cor
564 1734 716 1807 gravabat.

150 1827 224 1881 Nam
241 1840 309 1882 cum
323 1839 359 1880 eo
370 1840 422 1880 cor
437 1839 534 1881 meum
548 1823 621 1879 dure
636 1827 683 1878 est
697 1822 829 1895 ligatum,

113 1913 265 1985 colaphis,
282 1917 311 1970 at
325 1913 429 1984 alapis,
446 1912 543 1983 sputis
559 1910 731 1979 cruciatum,

112 2001 237 2058 Probris
253 2005 282 2059 at
296 2001 491 2073 blasphemiis
505 2000 627 2056 illusum
642 2015 676 2054 ec
691 2002 838 2066 vexatum,

111 2091 230 2164 Flagris
245 2090 315 2162 ejus
329 2090 446 2162 asperis
463 2091 585 2145 muitum
599 2093 820 2145 tormentatum.

147 2180 221 2236 Cum
236 2179 310 2235 iesu
325 2182 371 2234 est
385 2194 483 2235 meum
498 2194 550 2235 cor
565 2178 662 2251 spinis
676 2180 859 2244 coronatum,

111 2267 201 2340 Ligni
216 2268 316 2323 crucis
332 2267 578 2338 ponderosorum
594 2270 757 2335 oneratum,

111 2354 157 2410 Ad
171 2353 272 2412 iocum
286 2354 429 2411 calvariae
446 2371 512 2413 cum
527 2370 563 2411 eo
573 2357 739 2421 tractatum,

112 2442 187 2517 Ejus
201 2445 272 2514 potu
287 2442 374 2498 ielleo
390 2445 436 2498 est
448 2444 649 2499 amaricatum.

104 2548 106 2553 ·
147 2528 354 2604 Eum'magnis
370 2531 522 2587 doloribus
536 2531 597 2586 vidi
616 2530 783 2601 spoliatum,

112 2617 244 2674 Delicato
260 2620 512 2692 sanguiuetotum
527 2621 721 2688 cruentatum,

112 2706 186 2762 Cum
200 2705 274 2761 issu
289 2709 335 2761 est
349 2722 447 2763 meum
462 2711 652 2776 cortensum,
669 2710 697 2762 et
712 2706 867 2773 clavatum,

113 2794 192 2850 Ecce
205 2795 292 2851 vides
305 2810 403 2851 meum
417 2811 470 2852 cor
484 2799 576 2851 totum
591 2794 761 2863 laceratum.

148 2881 362 2957 Contemplare,
380 2886 485 2953 anima,
502 2900 600 2941 meum
616 2900 667 2941 cor
683 2884 837 2952 clavatum,

111 2973 147 3029 Et
162 2988 229 3030 cum
244 2987 310 3030 meo
325 2973 400 3030 Filio
415 2989 495 3045 saepe
510 2972 711 3045 perioretum;

112 3062 170 3119 Sed
184 3063 214 3117 in
229 3062 286 3119 hoc
305 3066 352 3120 esi
367 3063 491 3119 maxime
507 3078 605 3119 meum
619 3078 671 3118 cor
684 3068 850 3135 gravatum,

110 3150 195 3216 Quod
209 3167 269 3208 nou
283 3152 331 3209 his
345 3152 502 3224 suppliciis
517 3155 563 3208 est
577 3151 637 3205 vita
652 3152 807 3222 privatum.

146 3239 205 3295 Sed
215 3240 413 3297 inenarabiiea
427 3257 523 3313 poenae
539 3256 584 3295 me
600 3240 786 3312 torquebant,

111 3328 233 3394 Quando
248 3343 367 3386 crucem
382 3329 464 3401 impii
479 3344 602 3385 sursum
617 3327 781 3399 erigebant,

111 3415 267 3472 Nauteam
282 3431 348 3472 oum
363 3418 474 3488 impetu
489 3421 569 3473 stare
585 3416 741 3485 iaciebant,

112 3501 149 3557 Et
160 3502 348 3560 ineffabiliter
362 3506 467 3561 iesum
485 3506 668 3578 aiiiigebani.

961 475 988 538 Α
1040 491 1115 547 Nam
1129 494 1186 547 tam
1202 491 1303 563 largas
1317 491 1465 563 iacrymas
1481 493 1559 548 oculi
1575 493 1737 561 stillabant,

1005 579 1088 646 Quod
1102 595 1165 650 prae
1175 579 1359 636 multitudine
1375 579 1462 637 tietns
1477 581 1655 654 caligabant,

1004 669 1077 733 Quia
1092 667 1163 723 nulli
1177 669 1299 724 aderant
1308 669 1359 740 qui
1371 683 1424 725 eos
1439 669 1630 740 mundabant,

1005 756 1063 811 Sed
1076 756 1225 828 lugentem
1241 757 1399 813 Dominum
1413 758 1496 813 multi
1512 756 1749 815 subsannabant.

1040 845 1167 917 Dignum
1183 848 1269 916 caput
1284 843 1350 900 Filii
1364 845 1480 902 lassum
1494 846 1690 919 dependebat,

1005 934 1078 987 Nam
1087 932 1137 989 ubi
1149 933 1321 1005 quiesceret
1330 932 1417 989 locus
1432 949 1492 990 non
1506 936 1654 1005 manebat,

1004 1021 1116 1078 Praeter
1131 1023 1233 1092 spinas
1248 1022 1367 1078 minime
1383 1023 1521 1094 pulvinar
1535 1023 1674 1095 habebat,

1003 1108 1097 1182 Cujus
1117 1110 1202 1166 dolor
1216 1111 1368 1182 multiplex
1382 1110 1504 1167 multum
1520 1128 1566 1168 me
1582 1115 1748 1185 torquebat.

1038 1198 1144 1253 Manus
1160 1198 1389 1255 decentissimas
1403 1200 1473 1255 dum
1488 1216 1570 1273 saepa
1586 1203 1732 1273 spectavi,

1003 1288 1161 1342 Laceratus
1177 1287 1317 1359 graviter,
1330 1287 1407 1344 heul
1425 1289 1623 1359 consideravi,

1002 1375 1082 1440 Quas
1096 1375 1244 1448 augebant
1260 1376 1395 1449 nequiter
1408 1377 1596 1448 perforantes
1610 1379 1699 1448 clavi,

1002 1466 1082 1530 Quos
1097 1465 1128 1519 in
1142 1464 1190 1519 his
1205 1465 1418 1521 transilxerant
1436 1465 1479 1521 illi
1493 1466 1583 1523 nimis
1598 1470 1694 1538 pravi.

1037 1552 1149 1624 lispexi
1164 1553 1362 1627 dignissimos
1377 1554 1470 1627 pedes
1485 1556 1624 1628 laniatos,

1003 1642 1078 1709 lieu,
1093 1656 1259 1712 percussos
1274 1643 1391 1713 malleo,
1407 1644 1487 1701 ferro
1501 1646 1690 1720 terebratos,

1001 1730 1110 1785 Omnes
1125 1733 1207 1785 arius
1220 1730 1355 1802 corporis
1371 1732 1459 1790 simul
1475 1735 1638 1803 cruciatos,

962 1843 986 1904 B
1001 1817 1211 1892 accompagn
1226 1820 1341 1876 ossium
1356 1820 1420 1878 dire
1439 1822 1612 1896 dissipatas.

1036 1906 1161 1962 Gustum
1181 1909 1238 1963 mei
1253 1907 1321 1964 Filii
1336 1908 1405 1965 lelio
1419 1911 1602 1983 cruciabant,

1001 1994 1140 2051 Auditum
1153 1995 1351 2067 blasphemiis
1368 1998 1466 2056 iudaei
1480 2002 1639 2072 vexabant,

1000 2082 1145 2141 Oilactnm
1159 2084 1331 2156 putredines
1346 2085 1405 2142 ioci
1418 2090 1650 2159 tormentabant,

1001 2171 1037 2226 Et
1050 2171 1115 2227 haec
1130 2172 1218 2228 simul
1233 2175 1332 2230 omnia
1347 2175 1469 2233 multum
1481 2191 1528 2233 me
1543 2179 1721 2253 gravabant.

1037 2259 1083 2315 iiie
1099 2260 1180 2333 loqui
1196 2261 1232 2317 ad
1247 2261 1355 2319 Filium
1370 2279 1452 2320 amor
1467 2267 1675 2338 compellebat,

1002 2349 1036 2403 Et
1051 2346 1244 2407 affectuosum
1259 2366 1312 2408 cor
1327 2367 1484 2411 sermones
1499 2353 1618 2424 edebat,

1001 2436 1068 2506 Sed,
1085 2435 1162 2494 haul
1178 2438 1263 2494 dolor
1277 2439 1387 2497 nimius
1403 2454 1456 2498 eos
1472 2442 1670 2514 dirumpebat,

1000 2525 1084 2589 Quod
1097 2526 1188 2583 verba
1206 2527 1324 2584 edicere
1339 2528 1459 2586 minime
1474 2530 1602 2588 valebat.

1036 2613 1181 2670 Sensibus
1196 2616 1408 2691 languentibus
1420 2617 1484 2690 iem
1498 2619 1684 2691 deficiebam,

1000 2701 1035 2757 Et
1049 2703 1209 2759 confractis
1224 2704 1339 2761 viribus
1354 2705 1459 2762 dolens
1474 2708 1664 2777 corruebam,

1000 2791 1058 2847 Sed
1073 2797 1224 2863 resumpto
1240 2794 1355 2864 spiritu,
1372 2809 1456 2866 voce,
1473 2811 1533 2867 qua
1548 2796 1694 2870 valebam,

1000 2880 1031 2933 ln
1045 2881 1136 2937 verba
1150 2879 1325 2954 hujusmodi
1340 2883 1439 2939 statim
1452 2886 1685 2956 prorumpebam
1701 2905 1707 2941 ι

1034 2968 1106 3025 Vael
1122 2968 1183 3025 vasi
1200 2969 1258 3026 Fili
1272 2972 1322 3042 mi,
1338 2971 1400 3027 veel
1417 2972 1478 3029 vasi
1496 2973 1587 3029 chare
1601 2980 1680 3045 nate,

1000 3057 1077 3113 Ecce
1087 3057 1118 3113 bi
1133 3061 1268 3128 perversi
1280 3074 1327 3117 me
1342 3061 1509 3119 diviserunt
1523 3076 1540 3116 a
1554 3066 1593 3132 ie,

999 3145 1116 3218 Adjuva
1130 3162 1188 3217 me,
1204 3147 1341 3219 obsecro,
1357 3148 1387 3204 in
1402 3150 1562 3206 anxietate:

960 3197 1074 3289 cliudi
1088 3251 1206 3305 preoes,
1223 3238 1366 3294 miserere
1381 3237 1483 3295 listris
1498 3239 1652 3296 desolatae.

1034 3323 1091 3379 Per
1104 3328 1143 3392 te,
1160 3324 1227 3394 Fili,
1244 3325 1334 3383 habui
1349 3328 1446 3383 omnia
1463 3328 1605 3397 secunde,

998 3412 1031 3467 In
1041 3415 1081 3483 te,
1096 3412 1180 3482 lesu,
1197 3415 1279 3471 extiti
1289 3414 1555 3488 jugitersucunda,

998 3499 1063 3556 Heu
1077 3517 1156 3556 nunc
1172 3503 1202 3560 in
1217 3503 1335 3560 tristitia
1349 3519 1404 3575 per
1419 3510 1446 3562 te
1462 3520 1528 3561 sum
1539 3507 1696 3577 protunda,

146 3589 189 3646 Oi
205 3591 233 3646 si
247 3592 343 3647 scires
356 3597 496 3664 quantum
511 3609 557 3649 me
577 3608 663 3664 poena
678 3593 743 3648 heac
755 3596 905 3664 gravabat,
997 3590 1069 3656 Quia
1084 3596 1112 3647 te
1127 3592 1171 3647 sie
1187 3591 1299 3648 cruciat
1309 3594 1395 3649 turba
1409 3593 1474 3650 baec
1490 3595 1651 3665 immunda,

110 3677 256 3744 Quantum
270 3676 381 3735 Christi
397 3695 535 3738 manuum
550 3680 654 3753 plagas
671 3679 820 3747 dilatabat,

110 3764 262 3838 Quamque
278 3769 307 3822 at
320 3767 552 3837 profundissime
566 3769 631 3838 ipsa
642 3769 821 3839 suspirabat,

112 3851 148 3909 Et
162 3868 250 3925 quam
262 3854 448 3910 amarissime
463 3855 512 3912 iiie
525 3859 594 3911 tunc
608 3857 750 3927 plorabat.

146 3940 266 3997 Stabam
281 3943 337 3999 sub
351 3942 482 4014 patibulo
502 3944 594 4001 iiater
609 3946 672 4002 veri
683 3947 746 4016 Dei,

111 4029 223 4086 Videas
237 4031 298 4102 pati
312 4031 468 4088 Dominum
484 4036 633 4090 universa
648 4037 701 4103 rei,

110 4117 309 4177 Gondolabam
323 4119 426 4177 intime
439 4122 508 4195 ejus
523 4124 645 4194 speciei,

109 4206 202 4273 Quem
216 4207 380 4267 deformem
395 4210 526 4269 lacerant
539 4213 704 4284 torquendo
719 4214 824 4270 ludaei.

145 4295 179 4353 in
191 4296 336 4371 languore
351 4300 478 4357 maximo
494 4304 523 4356 et
536 4301 638 4359 dolore
653 4302 748 4374 gravi,

110 4386 157 4443 ad
171 4385 276 4442 iesum
290 4386 460 4457 saepissime
475 4389 579 4446 oculos
593 4388 700 4459 levavi,

110 4472 182 4530 Voei
197 4472 249 4530 Vae
262 4472 269 4529 Ι
286 4474 364 4531 sicut
378 4479 521 4546 poteram,
537 4475 599 4533 vael
616 4475 683 4547 Fili,
699 4479 832 4534 clamavi.

110 4560 175 4636 Ego
189 4566 218 4618 ts
232 4562 270 4618 ad
283 4578 388 4635 paenas
402 4564 468 4634 has,
484 4565 568 4635 lesu,
584 4567 735 4638 generavi.

145 4649 274 4723 Suspexi
289 4650 439 4708 multoties
454 4653 491 4707 ad
506 4656 605 4709 natum
622 4668 814 4726 suspensum,

110 4738 143 4796 in
158 4754 248 4797 cruce
263 4741 403 4798 atrociter
415 4741 571 4813 clavatum,
594 4747 621 4797 et
638 4742 815 4815 distensum,

109 4825 210 4884 Solum
221 4828 339 4902 ,justum
353 4830 446 4886 Deum
462 4830 539 4887 inter
552 4845 622 4887 reos
637 4846 773 4903 pensum,

108 4913 145 4972 Et
158 4916 286 4974 dolendo
300 4919 415 4991 perdidi
430 4934 505 4991 pene
521 4935 618 4976 meum
630 4935 762 4977 sensum.

144 5005 293 5064 indolere
304 5009 432 5063 maximo
447 5007 554 5065 Filium
570 5009 716 5079 videbam,

107 5093 144 5151 Et
153 5094 263 5167 ,juvare
277 5097 396 5168 penitus
407 5113 475 5155 eum
489 5114 548 5155 nou
564 5097 707 5154 valebam.

107 5181 252 5256 Gemitus,
271 5186 411 5256 suspiria,
423 5186 574 5259 singultus
589 5188 723 5256 edebam,

108 5271 268 5343 Laorymas
284 5273 462 5344 multiplices
477 5291 576 5331 amare
591 5275 759 5332 tundebam.

143 5358 211 5414 Vidi
226 5363 358 5416 sanctam
374 5362 481 5419 taciem
499 5367 527 5419 st
541 5364 723 5434 deliciosam,

106 5444 378 5521 Plusquamlingua
393 5451 537 5520 exprimat
551 5452 678 5522 dulcem,
691 5453 854 5525 gratiosam

106 5532 207 5589 lliultis
222 5551 276 5606 pro
291 5538 440 5610 angustiis
455 5543 544 5595 totam
559 5541 763 5613 lacrymosam.

107 5617 305 5698 cruentatam,
321 5624 451 5697 lividam,
468 5644 523 5683 noc
538 5643 597 5684 nou
613 5629 803 5699 maculosam.

1033 3678 1142 3737 Tecum
1158 3680 1204 3736 iac
1218 3680 1302 3739 obire
1316 3697 1363 3738 me
1377 3698 1431 3753 per
1444 3683 1533 3739 istum
1548 3698 1687 3757 agonem,

995 3766 1066 3833 Quae
1080 3772 1110 3824 te
1124 3769 1222 3840 ipsum
1232 3769 1293 3827 alui
1305 3772 1343 3827 ad
1358 3771 1433 3831 hanc
1448 3772 1631 3842 passionem,

975 3879 977 3884 ·
996 3855 1070 3929 Ego,
1085 3856 1154 3927 beu,
1170 3858 1277 3917 lactavi
1290 3862 1320 3915 te
1334 3860 1371 3915 ad
1386 3861 1577 3929 occisionem,

998 3945 1055 4000 Fac
1072 3961 1128 4017 me,
1145 3962 1263 4018 precor,
1279 3949 1422 4005 commori
1436 3964 1489 4019 per
1508 3951 1756 4021 compassionem.

1033 4033 1065 4092 in
1080 4036 1108 4092 te
1124 4035 1328 4106 impassibilis,
1346 4036 1401 4094 Fili
1417 4038 1466 4110 mi,
1479 4036 1577 4104 inisti;

996 4122 1101 4178 Totum
1116 4122 1173 4181 hoc
1188 4125 1267 4197 quod
1286 4126 1406 4197 pateris,
1424 4127 1460 4182 de
1475 4142 1521 4184 me
1535 4129 1738 4200 assumpsisti.

997 4210 1076 4284 Ergo
1086 4210 1132 4268 isc
1146 4216 1178 4268 ut
1193 4214 1304 4270 moriar
1315 4217 1413 4271 tecum
1429 4214 1511 4272 caede
1525 4215 1614 4285 tristi,

994 4299 1067 4365 Quia
1081 4303 1110 4357 te
1125 4301 1251 4371 exposui
1264 4302 1338 4358 dirae
1352 4303 1439 4358 morti
1453 4304 1513 4358 isti.

1029 4387 1070 4444 Oi
1088 4390 1156 4461 quis
1171 4389 1220 4446 det
1235 4395 1267 4447 ut
1278 4390 1401 4447 subeam
1417 4406 1471 4462 pro
1486 4395 1525 4461 to,
1535 4391 1620 4463 iesu,
1637 4399 1770 4467 mortem,

993 4473 1088 4548 Cujus
1102 4491 1139 4532 ex
1155 4492 1201 4534 me
1220 4478 1361 4534 miseram
1375 4485 1406 4537 tu
1422 4480 1577 4550 sumpsisti
1593 4484 1732 4538 sortem?

949 4550 977 4615 D
993 4563 1058 4635 Fili,
1075 4581 1128 4621 cur
1137 4567 1283 4638 permittis
1299 4583 1345 4624 me
1361 4583 1431 4625 esso
1445 4584 1524 4625 nunc
1539 4573 1597 4625 iam
1613 4569 1745 4628 fortem?

994 4653 1089 4726 Rogo,
1106 4655 1258 4711 moriendo
1270 4655 1317 4712 iac
1331 4672 1378 4712 me
1393 4659 1473 4713 tuam
1489 4661 1670 4715 consortem.

1027 4742 1129 4798 Omea
1145 4743 1254 4815 laetitia,
1272 4744 1365 4815 salus,
1383 4761 1453 4816 spes
1469 4750 1497 4801 et
1512 4747 1582 4812 vita,

992 4830 1076 4900 iesu,
1094 4846 1147 4886 cur
1161 4833 1307 4904 relinquis
1321 4848 1367 4889 me
1383 4834 1547 4891 desolatam
1562 4836 1622 4891 itai

993 4920 1052 4975 Cur
1066 4919 1132 4975 sine
1147 4920 1256 4976 auxilio
1272 4937 1340 4977 sum
1354 4923 1384 4977 in
1398 4924 1495 4993 poenis
1512 4923 1591 4979 sita?

996 5007 1070 5077 Heu,
1087 5024 1152 5063 mea
1167 5009 1272 5064 solatia
1288 5014 1393 5066 cuncta
1407 5013 1477 5066 sunt
1488 5011 1579 5067 finita.

1028 5095 1102 5162 Quis
1117 5097 1188 5152 mitri
1199 5097 1236 5153 de
1251 5101 1359 5155 caetero
1374 5099 1528 5169 praestabit
1542 5099 1700 5157 solamen?

993 5185 1134 5257 Digncris
1149 5185 1251 5243 audire
1260 5202 1340 5243 nunc
1355 5191 1518 5243 maternum
1532 5203 1708 5261 gravamen,

993 5272 1076 5328 Etad
1087 5274 1184 5330 minus
1199 5275 1236 5330 da
1251 5274 1321 5331 mibi
1338 5275 1457 5348 aliquod
1473 5276 1609 5334 levamen
1626 5297 1632 5332 ι

992 5361 1076 5432 Vide,
1093 5363 1170 5432 vide,
1187 5361 1242 5418 Fili
1258 5365 1307 5436 mi,
1325 5366 1488 5421 maternum
1504 5380 1660 5423 vexamen.

1027 5452 1109 5508 Tunc
1123 5452 1224 5524 iesus,
1241 5467 1288 5509 ma
1302 5453 1428 5510 audiens
1443 5458 1503 5510 tam
1518 5454 1725 5514 indesinenter

991 5542 1160 5612 Suspirare,
1175 5556 1296 5614 gemere
1311 5546 1339 5598 et
1354 5543 1425 5598 ilere
1440 5542 1583 5615 dolenter,

992 5629 1172 5702 intuensque
1187 5632 1306 5686 anxium
1323 5646 1420 5687 meum
1437 5635 1637 5703 corpulentae
