3900 6112
177 288 235 353 183
618 283 753 346 GESTA
772 280 1037 347 PONTIFICUM
1060 268 1443 345 CAMERAOENSIUM.
1583 345 1587 351 ,
1835 285 1895 351 184

175 488 276 543 utilem
290 502 360 541 esse
372 487 519 554 credebat,
532 499 654 555 sumque
664 482 850 538 commodum
862 479 1002 534 fidelitati.
1017 460 1047 520 Α
1060 494 1131 533 vero
1155 479 1225 533 dum
1255 480 1292 533 ad
1319 478 1465 534 civitatem
1489 481 1713 551 propinquaret,
1744 481 1894 536 mandavit

176 577 231 631 His
246 573 590 630 auditisomnesassensi
602 577 681 641 sunt,
691 574 896 642 praeterunum
906 568 1004 622 archi·
1060 567 1196 637 iohanni,
1214 568 1317 636 utipse
1328 568 1412 622 etsui
1427 585 1444 622 a
1462 568 1576 623 civitate
1588 570 1711 640 exirent,
1722 573 1751 625 et
1767 569 1891 626 liberum

175 666 341 732 diaconum,
358 663 488 717 Cuouem
502 658 542 703 ³1⁶
556 662 684 723 nomina,
702 661 752 730 qui
767 673 837 712 mox
851 658 1005 711 convictus
1059 655 1210 709 introitum
1225 656 1364 725 episcopo
1376 656 1505 710 venienti
1515 657 1727 727 permitterent.
1739 658 1891 713 lohannes

176 759 222 808 est
238 752 456 806 contradixisse
472 750 581 804 invidia
595 750 704 818 potius,
721 762 808 817 quam
825 745 882 799 ulla
897 745 1008 799 aliare·
1058 747 1156 798 autem
1170 745 1239 814 quia
1255 744 1457 799 contradicere
1468 760 1561 801 ausus
1573 762 1632 801 non
1642 749 1714 816 erat,
1722 747 1892 817 adimplevit

176 843 254 895 tione
271 840 374 905 (Mart.
399 838 454 907 at).
479 839 586 908 Sicque
608 839 753 891 annuente
779 835 836 889 isto
858 850 925 888 cum
940 833 1006 887 aliis
1059 832 1176 886 comitis
1192 832 1301 886 domini
1318 833 1366 886 sui
1380 832 1547 887 mandatum
1557 836 1726 905 peremnia,
1744 835 1895 907 sicutjus·

177 928 324 996 omnibuS,
335 927 664 996 donavitepisoopatum
671 922 1007 978 Cameracensemdom-
1060 935 1113 974 sus
1130 919 1233 974 fuerat.
1245 919 1367 974 Intravit
1377 921 1467 991 igitur
1477 922 1793 1010 episeopuscivitatem
1809 940 1892 980 suam

176 1032 215 1071 no
231 1016 381 1070 Lietberto
397 1015 557 1085 imperator
572 1015 772 1068 llomanorum
788 1011 935 1065 Hearicus
957 1025 1008 1064 se·
1060 1008 1134 1062 duce
1151 1008 1255 1062 comite
1279 1024 1345 1062 cum
1364 1024 1472 1081 magna
1494 1010 1598 1081 gloria,
1625 1015 1653 1066 ct
1676 1012 1825 1083 expulsus
1849 1016 1894 1068 est

177 1105 301 1160 eundus.
314 1104 437 1158 Videres
454 1103 544 1174 igitur
553 1116 637 1155 omne
645 1101 783 1170 palatium
794 1099 902 1171 gaudio
912 1098 1007 1167 reple·
1061 1095 1253 1150 adversarius
1270 1096 1336 1166 ejus
1351 1097 1504 1152 lohannes
1518 1113 1585 1153 eum
1599 1115 1706 1171 magna
1718 1101 1893 1172 ignominia.

175 1196 238 1248 tum
253 1207 322 1247 esse
337 1190 564 1259 etexultatione,
576 1193 604 1243 et
614 1189 802 1258 incipientem
812 1187 910 1257 ipsum
921 1187 1007 1240 etiam
1095 1182 1122 1238 8.
1140 1184 1222 1254 (Gap.
1236 1183 1516 1254 66.)·Poutifexvero
1527 1186 1622 1258 ejecto
1639 1188 1773 1244 iohanne
1793 1204 1897 1260 preca-

175 1281 382 1350 imperatorem
402 1279 441 1334 Te
456 1279 548 1333 Deum
563 1278 724 1344 laudamus,
734 1276 876 1346 prosequi
891 1274 1007 1345 episao·
1060 1288 1134 1327 vens
1152 1273 1180 1326 in
1191 1272 1332 1343 futurum,
1345 1277 1373 1327 et
1387 1275 1505 1343 timeae,
1518 1276 1609 1330 nevel
1623 1276 1672 1332 ille
1682 1277 1837 1333 lohannes
1847 1278 1894 1333 vel

175 1384 245 1439 pum
260 1384 327 1422 cum
338 1367 417 1423 clero
433 1371 460 1420 et
475 1366 582 1436 populo
598 1381 694 1436 usque
710 1365 739 1418 in
750 1364 927 1432 aecclesiam,
940 1377 1007 1416 eum
1061 1360 1184 1431 quilibet
1192 1361 1326 1417 tirannus
1338 1362 1406 1417 huie
1420 1363 1527 1417 similis
1538 1365 1568 1418 in
1582 1366 1801 1422 castellaturam
1815 1367 1897 1421 illam

175 1455 267 1525 hujus
282 1455 361 1525 ymni
375 1455 562 1526 jubilatione.
585 1454 791 1525 llagnisseatus
811 1455 857 1505 est
877 1449 1007 1520 pontifex
1061 1452 1110 1503 aut
1125 1450 1154 1502 vi
1168 1452 1218 1503 aut
1236 1450 1356 1522 ingenio
1376 1451 1508 1521 intraret,
1525 1456 1554 1506 ct
1568 1457 1671 1523 postea
1684 1454 1787 1525 justus
1805 1456 1896 1511 heres

175 1558 277 1615 araga
292 1546 321 1597 et
335 1543 520 1613 principibus
541 1541 608 1613 ojus
623 1542 653 1595 in
668 1556 775 1611 magna
791 1538 897 1610 gloria,
914 1540 943 1592 et
957 1553 1006 1592 re·
1021 1500 1047 1561 B
1062 1551 1125 1590 eam
1141 1542 1280 1608 repetens
1295 1538 1363 1594 inde
1378 1540 1481 1594 turbas
1502 1539 1626 1608 faceret,
1642 1543 1719 1597 ultro
1736 1543 1897 1615 lingonam

175 1635 279 1701 ceptus
294 1635 340 1686 est
361 1647 378 1684 a
400 1631 465 1684 suis
482 1645 548 1685 eum
565 1631 726 1701 gratiarum
746 1628 859 1682 actione
875 1628 903 1679 et
917 1625 1008 1679 letitia
1061 1624 1189 1679 Gualteri
1207 1625 1359 1681 castellani
1375 1627 1503 1682 defuncti
1520 1632 1666 1698 nepotem,
1682 1645 1717 1686 ao
1732 1631 1897 1705 quodlegi·

175 1735 293 1791 magna.
309 1719 455 1787 Pontifex,
473 1717 549 1773 faeta
564 1718 702 1773 fidelitate
712 1716 893 1787 imperatori,
910 1717 937 1769 at
948 1729 1008 1769 om·
1059 1713 1149 1769 timus
1164 1713 1253 1769 heres
1268 1719 1340 1783 erat,
1357 1716 1472 1785 aseivit,
1483 1717 1569 1786 eique
1585 1718 1805 1774 castellaturam
1814 1720 1897 1775 illam

175 1809 264 1863 nibus
275 1807 508 1877 competentibus
524 1806 700 1876 adimpletis,
713 1805 867 1877 satagebat
882 1804 918 1858 ad
935 1803 1005 1858 civi·
1060 1802 1221 1858 coacessit.
1239 1801 1274 1857 Et
1290 1803 1359 1874 quia
1376 1804 1432 1858 iste
1448 1804 1535 1876 Hugo
1550 1805 1647 1860 adhuc
1662 1822 1736 1876 puer
1748 1812 1824 1878 erat,
1841 1809 1896 1864 sed

175 1898 264 1952 tatem
279 1911 363 1950 suam
379 1895 488 1950 reverti
502 1892 586 1965 (439).
1058 1891 1255 1961 propinquum
1273 1891 1420 1962 quendem
1431 1891 1586 1946 Ansellum
1594 1894 1668 1964 (441)
1683 1895 1814 1965 nomine,
1829 1913 1896 1953 mo·

210 1985 237 2038 5.
254 1983 332 2038 Sane
345 1982 498 2038 lohannes
516 1982 575 2052 ille,
592 1982 685 2053 quisi
706 1982 842 2037 infensus
857 1979 1009 2036 Cameraei
1059 1979 1142 2033 ribus
1159 1979 1288 2034 etarmis
1303 1980 1467 2051 egregium,
1484 1980 1622 2050 habebat,
1640 1982 1732 2055 hujus
1748 1986 1896 2041 custodiae

174 2073 370 2140 remanserat,
383 2071 702 2140 audivitpraecurrente
713 2069 801 2138 fama,
813 2068 1009 2138 quodfactum
1058 2083 1183 2137 puerum
1198 2084 1266 2122 cum
1279 2068 1357 2122 bono
1374 2067 1441 2139 ejus
1459 2067 1533 2139 (tta)
1548 2071 1712 2141 commisit3
1728 2088 1818 2144 quem
1832 2074 1896 2129 An·

175 2160 281 2227 fuerat,
294 2159 362 2230 quia
373 2159 499 2214 domnus
515 2158 684 2214 Lietbertus
700 2159 821 2226 accepto
837 2157 1008 2225 episcopatu
1058 2155 1153 2210 sellus
1173 2157 1222 2210 ille
1241 2171 1336 2226 usque
1353 2156 1389 2211 ad
1410 2156 1587 2226 praefinitum
1607 2162 1724 2230 tempus
1741 2162 1851 2231 optime
1867 2167 1897 2218 et

174 2247 262 2302 laetus
277 2247 435 2302 remeabat.
448 2246 511 2301 Hac
524 2262 578 2317 pro
591 2261 681 2301 causa
696 2245 782 2300 valde
797 2244 945 2311 irascitur,
962 2258 1009 2297 se·
1059 2243 1183 2298 fideliter
1199 2245 1285 2298 rexit.

175 2349 302 2406 eumque
316 2335 366 2390 diu
381 2337 505 2404 reputat,
518 2335 589 2405 quid
604 2335 681 2390 facto
698 2351 773 2406 opus
789 2335 828 2388 sit
837 2329 888 2386 3¹⁷.
902 2331 1009 2386 Postea
1095 2329 1122 2386 9.
1146 2332 1298 2388 lohannes
1322 2333 1428 2405 igitur,
1460 2335 1647 2391 castellatura
1669 2352 1757 2407 quam
1783 2339 1895 2411 injuste

175 2423 319 2478 satellites
329 2424 358 2478 in
371 2438 459 2477 unum
471 2420 623 2493 conv'ocat,
633 2423 738 2494 eisque
754 2426 903 2478 secretum
919 2421 1009 2475 animi
1060 2426 1256 2491 usurpaverat
1267 2423 1411 2492 privatus,
1424 2438 1478 2478 nec
1493 2423 1651 2494 quiequam
1662 2427 1730 2480 mali
1746 2428 1895 2484 adversus

175 2511 222 2565 sui
237 2511 377 2581 insinuat,
397 2511 514 2580 dicens,
540 2527 573 2567 se
589 2512 739 2567 Lietberto
755 2527 849 2582 nuper
867 2509 1008 2580 episeopo
1023 2549 1048 2610 C
1062 2510 1235 2580 episcopum
1243 2510 1365 2579 proinde
1379 2527 1556 2582 presumens
1570 2512 1895 2585 fecere—prohibitus

174 2598 253 2654 facto
268 2600 382 2654 nullum
405 2600 557 2656 introitum
579 2601 707 2655 civitatis
726 2599 895 2656 Cameracae
910 2597 1009 2651 indul·
1062 2599 1139 2653 cuim
1155 2601 1218 2653 erat
1232 2614 1248 2652 a
1264 2600 1370 2654 comite
1383 2628 1417 2639 -
1436 2600 1534 2669 ipsum
1549 2602 1685 2657 comitem
1701 2602 1894 2675 Balduinum,

174 2701 258 2759 gere,
273 2688 333 2743 nisi
349 2703 382 2742 se
397 2688 590 2743 castellanum
605 2690 688 2759 prius
704 2690 801 2759 ipsius
816 2687 944 2742 civitatis
954 2699 1008 2739 vo·
1062 2687 1150 2758 eujus
1164 2687 1257 2758 ligius
1268 2687 1341 2757 (443)
1352 2688 1438 2744 miles
1452 2693 1525 2758 erat,
1538 2690 1704 2763 dereliquit,
1716 2696 1745 2747 et
1759 2693 1798 2748 ad
1808 2694 1896 2765 impe

176 2777 265 2831 luerit
279 2775 388 2831 facere.
405 2777 542 2848 Precepit
556 2777 794 2850 igituromnibus
804 2776 874 2843 illis,
891 2776 1010 2844 paratos
1062 2779 1189 2829 retorem
1205 2776 1404 2830 Romanorum
1420 2777 1582 2832 Hernicum
1604 2795 1637 2834 se
1656 2780 1791 2851 contulit,
1808 2799 1895 2854 quem

176 2879 245 2920 esse
261 2879 380 2936 semper
395 2865 425 2920 in
442 2866 548 2937 armis,
565 2865 601 2920 ad
617 2866 817 2936 repellendum
839 2863 1011 2933 episcopum
1063 2864 1176 2918 sciebat
1199 2868 1268 2919 tunc
1292 2866 1434 2935 temporis
1455 2866 1606 2921 inimicum
1625 2883 1694 2923 esse
1717 2867 1895 2928 Flandrensi

176 2952 269 3023 illum,
286 2950 567 3009 nisisibi³18hocin
578 2954 654 3009 dono
674 2953 863 3009 satisfecerit.
874 2951 1012 3007 Deinma-
1062 2952 1170 3006 comiti.
1187 2951 1286 3024 Hujus
1310 2953 1427 3024 quidem
1447 2956 1533 3009 miles
1549 2953 1689 3026 effectus,
1707 2958 1811 3014 sciens
1826 2961 1895 3032 quia

176 3044 252 3094 trem
271 3042 438 3097 aecclesiam
449 3045 561 3097 sanctae
572 3042 673 3097 Mariae
688 3042 832 3097 violenter
846 3040 965 3107 invasit,
983 3039 1011 3091 et
1062 3041 1221 3110 imperator
1235 3041 1396 3097 secundam
1406 3042 1617 3112 profectionem
1629 3044 1658 3097 in
1672 3042 1842 3103 Flandriam
1850 3049 1896 3104 ad-

175 3124 1009 3198 ejectiscanonicis,thesaurosaecclcsiaeetquodcumque
1062 3144 1170 3183 versus
1191 3130 1366 3184 Balduinum
1385 3127 1572 3201 ³²1pararet,
1596 3132 1731 3202 promisit
1752 3136 1795 3205 ei,
1816 3137 1895 3208 quod

174 3213 256 3269 intus
271 3215 393 3287 invenit,
410 3216 513 3271 ditioni
529 3233 592 3272 suae
603 3217 790 3287 mancipavit,
808 3215 1010 3283 custodesque
1062 3217 1222 3271 exercitum
1239 3233 1326 3272 suum
1341 3217 1410 3272 illuc
1421 3219 1588 3289 deduceret,
1601 3222 1653 3275 sia
1669 3222 1831 3293 Lietberto,
1849 3226 1896 3279 cui

177 3313 251 3356 suos
265 3307 395 3356 armatos
413 3302 486 3356 inibi
506 3304 615 3373 posuit.
636 3304 793 3359 Basilicam
817 3304 915 3373 itaque
936 3314 1008 3370 pou·
1061 3305 1177 3359 noviter
1190 3306 1392 3375 episcopatum
1407 3307 1538 3376 dederat,
1555 3309 1775 3365 castellaturam
1789 3313 1895 3369 Came·

175 3385 313 3442 titlcalem
338 3403 406 3443 oum
429 3389 572 3444 militibus
598 3391 662 3445 suis
684 3391 811 3459 introiit,
837 3393 865 3444 et
886 3401 1008 3442 uxorem
1061 3396 1197 3449 recensis
1214 3395 1342 3448 civitatis
1358 3396 1421 3449 dari
1437 3397 1495 3451 sibi
1511 3397 1643 3453 fecisset,

177 3489 261 3528 suam
285 3474 316 3529 in
339 3490 455 3531 camera
475 3478 624 3546 pontificis
652 3478 859 3547 introducens,
884 3479 1007 3532 stratum
1097 3483 1141 3537 10.
1158 3483 1240 3553 (Cap.
1252 3483 1310 3553 67.)
1325 3483 1379 3538 llis
1397 3484 1505 3539 auditis
1520 3487 1691 3557 imperator,
1707 3490 1778 3559 quie
1793 3490 1823 3545 in
1834 3494 1894 3546 ter-

176 3575 265 3617 suum
274 3561 304 3616 in
314 3562 389 3620 lecto
404 3564 564 3635 pontificali
572 3567 669 3636 parari
685 3566 763 3636 fecit,
781 3565 897 3636 sibique
913 3568 941 3622 et
955 3581 1006 3620 sa·
1061 3586 1122 3624 ram
1147 3571 1262 3626 comitis
1286 3572 1517 3642 depopulaturus
1541 3576 1643 3631 venire
1672 3576 1825 3633 desiderat
1843 3576 1892 3649 Μ,

175 3648 318 3706 tellitibus
334 3650 399 3706 suis
414 3651 450 3706 de
458 3652 676 3722 pontificalibus
692 3653 860 3724 sumptibus
874 3654 1006 3725 precepit
1060 3659 1147 3714 laetus
1163 3659 1300 3730 efficitur,
1313 3661 1454 3716 estimans
1470 3677 1503 3716 se
1519 3662 1605 3718 facile
1620 3664 1845 3734 impetraturum
1858 3667 1893 3722 ab

175 3737 337 3794 ministrari
353 3739 437 3810 (ltu).
1060 3748 1211 3817 episcopo,
1224 3748 1324 3818 quoda
1335 3749 1689 3822 lohannepostulabatur.
1698 3754 1894 3827 Deniquenec

210 3823 238 3879 6.
254 3825 330 3897 (cap.
348 3825 406 3895 65.)
423 3826 537 3882 Interea
556 3827 625 3882 dum
641 3828 705 3883 haec
721 3832 893 3901 agerentur,
912 3846 1008 3886 novus
1059 3835 1183 3890 multum
1198 3837 1340 3907 temporis
1357 3837 1498 3907 interfuit,
1517 3855 1584 3894 cum
1604 3840 1775 3912 imperator,
1791 3848 1893 3914 parato

178 3911 288 3968 civitati
301 3915 518 3986 appropinquet
532 3917 703 3987 episcopus.
715 3917 768 3972 Cui
780 3918 932 3975 lohannes
942 3936 1009 3974 cum
1060 3925 1191 3979 exercitu
1207 3928 1235 3979 et
1250 3926 1383 3981 iohanne
1399 3927 1520 3982 ductore
1536 3930 1704 3997 constituto,
1722 3935 1857 4001 expecto
1867 3938 1895 3988 et

174 4006 278 4070 parato
294 4018 458 4059 occurrens
470 4006 611 4073 exercitu,
629 4008 729 4076 portas
744 4005 859 4075 clausit,
877 4012 905 4063 et
918 4009 1007 4082 longe
1059 4014 1198 4083 petitione
1214 4013 1291 4085 ejus,
1307 4018 1339 4069 ut
1353 4015 1381 4068 in
1397 4014 1610 4071 Flandrensem
1621 4018 1744 4086 patriam
1755 4016 1796 4062 32³
1806 4021 1893 4077 deve-

176 4085 351 4158 reppulit³1⁹
362 4089 399 4144 ab
414 4090 546 4146 introitu.
556 4091 724 4163 Episcopus
739 4093 837 4164 itaque
847 4095 884 4149 ad
899 4111 1008 4151 novum
1059 4101 1144 4170 niret,
1155 4101 1210 4156 iter
1219 4103 1392 4174 aggreditur
1407 4106 1465 4173 (au.
1484 4104 1791 4175 1054).Pertransiens
1802 4109 1895 4181 igitur

175 4172 335 4232 Castellum
349 4180 462 4234 sanetae
477 4178 578 4235 Mariae
592 4181 752 4251 divertens,
770 4197 837 4236 eum
852 4183 964 4240 honore
980 4188 1008 4241 et
1060 4191 1157 4243 omnia
1179 4191 1382 4261 interjacentia
1407 4193 1454 4246 sui
1473 4193 1557 4264 regni
1581 4193 1662 4264 loca,
1691 4198 1830 4264 pervenit
1858 4198 1894 4254 ad

173 4261 274 4320 letitia
287 4265 430 4338 recipitur
444 4283 461 4322 a
477 4269 552 4324 suis.
1059 4277 1238 4348 lltaentltt),
1247 4280 1343 4333 vicum
1354 4280 1499 4350 quendam
1511 4297 1603 4353 super
1613 4281 1751 4338 Scaldum
1760 4285 1893 4355 fluvium,

209 4351 236 4407 'l.
253 4352 356 4426 ibique
370 4355 539 4427 aliquandiu
549 4357 667 4414 mansit.
679 4359 773 4415 donec
781 4360 1007 4419 Flandrensium
1059 4380 1119 4420 non
1143 4366 1263 4438 longius
1278 4383 1366 4438 quam
1387 4369 1504 4423 duobus
1519 4370 1640 4425 milibus
1661 4387 1678 4425 a
1698 4372 1893 4446 Valentianis,

176 4441 548 4516 eomesBalduinusarege
559 4446 741 4502 Francorum
751 4454 907 4506 revertens
917 4455 945 4506 et
955 4467 1009 4520 per
1059 4454 1110 4508 ubi
1124 4457 1229 4524 pontes
1240 4455 1357 4511 volebat
1372 4456 1480 4528 facere,
1492 4459 1519 4512 et
1528 4458 1573 4513 sic
1588 4460 1618 4513 in
1628 4462 1737 4513 terram
1744 4461 1894 4534 Balduini,

174 4526 274 4597 ipsum
292 4526 452 4584 Castellum
470 4534 626 4588 transitum
643 4535 768 4605 hahens,
786 4552 853 4591 eum
867 4538 908 4591 ibi
923 4540 1007 4594 inve·
1059 4557 1126 4614 qum
1136 4539 1176 4583 ³2²
1187 4559 1312 4612 presens
1321 4546 1762 4618 transitossumineoccurrebat,
1771 4549 1894 4606 intrare.

175 4614 218 4669 nit
231 4610 281 4681 ³²⁰,
297 4616 326 4669 et
339 4615 376 4671 de
391 4617 543 4689 episcopio
552 4619 619 4690 ejus
629 4621 716 4677 laetus
727 4623 859 4694 effectus,
869 4629 1008 4697 usquead
1059 4629 1117 4685 Sed
1129 4630 1289 4687 Balduinus
1303 4648 1405 4688 comes
1418 4633 1538 4688 alteram
1550 4639 1661 4704 partem
1675 4636 1748 4706 ripae
1760 4653 1829 4692 cum
1840 4656 1892 4694 suo

103 4752 108 4762 ,
176 4700 1007 4770 civitatemCemeracensemeumsecumdeduxit.Comes
1060 4720 1191 4773 exercitu
1201 4719 1264 4789 jam
1279 4727 1544 4793 preoccupaverat,
1561 4734 1615 4793 per
1629 4739 1717 4794 quam
1732 4725 1893 4797 imperator

830 4861 977 4927 VARlAE
999 4866 1232 4931 LECTIONES

208 5028 249 5074 ³¹⁶
263 5033 304 5089 ita
319 5033 345 5090 4.
361 5035 387 5091 7.
405 5036 578 5094 VitaLietb.
595 5037 767 5097 Chunomen
782 5040 821 5099 θ’.
858 5041 897 5084 3¹⁷
913 5048 954 5103 ita
968 5047 994 5103 7.
1018 5048 1081 5102 Vita
1097 5049 1214 5115 Lietb.,·
1229 5065 1304 5119 opus
1328 5051 1367 5106 sit
1382 5051 1461 5106 factu
1484 5051 1511 5106 ⁶2.
1529 5052 1566 5107 2‘.
1604 5051 1643 5097 ³¹8
1657 5053 1743 5108 deest
1758 5054 1785 5108 7.
1800 5051 1890 5113 ³1⁹ita

173 5103 297 5233 tlramvilm
312 5105 589 5252 [ff‘gieffipqllllill.
615 5111 651 5166 2¹,
690 5107 984 5176 waranceras&
1022 5116 1211 5175 ³”comitem
1227 5120 1311 5175 addit
1326 5121 1352 5175 7.
1391 5118 1633 5179 32²desiderabat
1653 5123 1680 5178 7.
1718 5120 1892 5196 3³³provin·

949 5288 1089 5352 NOTAE.

209 5438 283 5512 (439)
303 5442 377 5498 Haec
392 5446 488 5499 omnia
503 5447 633 5505 Coloniae
650 5453 712 5506 aeta
728 5453 822 5507 fuisse
839 5453 868 5508 in
883 5454 930 5509 die
941 5470 1006 5525 pas·
1094 5455 1154 5526 (441
1184 5458 1225 5512 De
1242 5459 1458 5515 llibodimonte.

172 5509 236 5565 chae
252 5516 351 5568 namet
367 5515 513 5572 Rodulfus
528 5521 558 5573 in
573 5520 636 5574 Vita
653 5525 748 5577 sancti
764 5524 917 5579 liietberti.
1104 5527 1156 5582 444
1183 5529 1243 5584 Son
1258 5530 1338 5598 bien,
1351 5531 1370 5585 i.
1387 5547 1416 5601 q.
1434 5533 1657 5602 possessiones.

209 5581 283 5653 (440)
312 5583 390 5639 idem
411 5601 501 5657 supra
527 5589 548 5644 l.
580 5590 640 5645 101.
666 5599 804 5652 narratur
835 5596 870 5649 de
895 5595 1004 5650 Kerolo
1092 5530 1356 5740 {ttdlLedigmam

173 5649 259 5708 duce.
1104 5668 1165 5738 444)
1182 5671 1291 5742 Maing.
1308 5673 1350 5727 Lu
1366 5671 1457 5727 Gunv.
