3900 6112
117 327 178 398 m

768 313 966 382 VlCTOBlS
988 308 1032 374 Ill
1055 306 1183 375 PAPAE

1781 290 1838 358 stt

105 554 173 593 eum
188 535 369 590 ementatum
381 546 415 584 ue
425 529 604 583 seminecem
613 522 784 592 relinquens
794 515 948 587 disparuit·
965 502 986 565 h
1010 510 1099 566 timos
1115 510 1256 564 exlatere
1278 523 1332 562 suo
1353 506 1434 560 viros
1458 503 1587 575 Capuam
1608 500 1727 556 mittere
1741 498 1843 570 placuit

108 627 240 696 Cumque
257 623 358 694 plures
376 619 411 672 ad
428 619 586 672 clamorem
608 612 689 666 uocis
707 610 785 663 illius
807 609 950 675 obstupe-

110 715 180 771 facti
206 712 428 770 concurrerent,
457 708 569 761 leonem
591 701 709 772 quidem
733 699 850 752 minime
867 695 950 748 vide-

110 808 190 871 runt,
209 800 262 855 sed
280 801 455 852 ementatum
480 811 511 846 nc
529 793 707 845 seminecem
730 786 905 841 monachum
923 783 952 836 iu

108 898 186 949 terra
208 891 389 959 prostmtum
420 883 604 936 invenerunt.
631 879 729 947 ltaque
754 891 820 929 eum
847 887 950 927 euma

39 1006 42 1010 ’
109 984 189 1035 terra
215 978 374 1039 elevarent,
401 969 551 1041 paululum
572 970 690 1035 recepto
712 964 829 1034 spiritu,
847 963 951 1014 cuncta

108 1084 176 1139 quae
206 1065 263 1117 sibi
286 1061 454 1115 acciderant
484 1073 537 1126 pcr
563 1055 695 1109 ordinem
724 1051 835 1122 pandit,
861 1051 889 1102 ct
919 1042 951 1100 ul

55 1190 56 1194 =
114 1152 291 1226 quantocius
309 1165 341 1202 se
358 1148 392 1200 ad
407 1145 618 1200 monasterium
635 1142 819 1208 reducerent,
836 1137 952 1208 propin-

109 1260 185 1316 quos
196 1258 229 1295 ae
247 1239 360 1291 viciuos
371 1237 478 1289 obnixe
492 1235 629 1304 precatus
640 1233 694 1285 est.
707 1226 887 1298 l‘ropinquis
900 1225 951 1296 igi-

113 1330 240 1400 turejus
264 1322 629 1393 votoobtemperantiluis,
659 1319 693 1372 ad
724 1317 825 1371 cellam
858 1314 950 1385 liujus

115 1418 209 1474 nostri
226 1414 405 1481 monasterii,
428 1429 493 1482 quae
512 1412 611 1464 eorrtra
621 1407 800 1461 asculanum
811 1402 950 1474 oppidum

117 1508 173 1562 sita
189 1510 244 1573 est,
262 1521 327 1558 eum
337 1504 537 1572 portaverunt,
549 1499 647 1567 ibique
658 1499 724 1566 post
740 1493 888 1564 paululum
901 1507 949 1544 re-

114 1599 252 1665 cuperata
268 1593 404 1656 sanitate,
416 1589 473 1643 hue
488 1588 523 1641 ud
533 1586 742 1640 monasterium
753 1588 798 1637 est
807 1595 950 1636 reversus

113 1701 148 1738 ae
163 1700 198 1738 ex
215 1684 377 1753 perpetrata
404 1677 498 1747 eulpa,
515 1675 684 1745 poeiiitentia
702 1675 831 1742 accepta,
848 1669 951 1739 plures

114 1775 217 1842 postea
234 1771 262 1823 in
278 1771 388 1822 sancire
405 1764 643 1819 conversationis
654 1761 755 1815 habitu
766 1761 951 1813 vixitannes.

155 1857 341 1928 Theophilus.
372 1853 533 1908 Monachus
562 1853 628 1919 isto,
659 1855 690 1903 ut
714 1849 810 1917 videa,
841 1847 951 1901 ideireo
968 1875 990 1936 Β

115 1947 204 2013 leoni,
218 1946 244 1998 id
262 1949 307 1998 est
323 1944 448 2009 diaholo,
463 1940 620 1994 visibiliter
635 1937 669 1991 ud
687 1940 802 2005 tempus
828 1928 952 1987 traditus

116 2038 173 2102 est,
192 2037 221 2086 ut
243 2030 430 2101 postmodum
452 2026 640 2081 invisibiliter
665 2025 700 2077 ab
719 2022 785 2093 ejus
808 2023 952 2091 potestate

114 2122 236 2176 liberari
253 2121 464 2189 inperpetuum
481 2119 655 2169 mereretur.

152 2209 341 2265 Desiderias,
363 2207 414 2258 Vis
444 2206 529 2258 etiam
556 2207 584 2256 ut
605 2218 722 2256 narrem
746 2201 797 2255 tihi
826 2198 953 2270 qualiter

121 2299 307 2369 omnipotens
324 2297 402 2349 Beus
418 2295 474 2348 hoc
489 2292 700 2347 monasterium
712 2291 747 2344 de
763 2293 952 2359 tyrannorum

119 2388 255 2442 manibus
286 2400 404 2454 semper
433 2384 549 2452 eripuit,
579 2385 666 2451 atque
695 2380 731 2432 ab
768 2377 954 2431 inimieorum

120 2475 318 2540 intestatione,
342 2472 454 2525 meritis
475 2472 552 2524 beati
581 2470 614 2523 Ι).
643 2467 802 2536 Benedicti,
833 2466 953 2519 dextera

120 2561 184 2601 sure
200 2545 361 2598 divinitatis
377 2544 530 2611 protexit?

157 2631 343 2702 Theophilus.
357 2628 449 2683 Narra
464 2629 631 2699 quodlibetg
649 2626 725 2679 inam
740 2625 829 2678 alacri
845 2623 952 2691 animo,

118 2723 222 2776 devota
232 2723 326 2772 mente
338 2719 514 2789 attentisque
523 2717 644 2770 nuribus
655 2731 699 2768 me
712 2717 814 2768 erineta
824 2713 888 2766 lure
904 2727 954 2765 au·

119 2811 228 2865 euitare
243 2810 390 2877 pretiteor.

154 2896 343 2952 Desiderius.
362 2894 552 2964 Pandulphus
568 2893 723 2962 Capuanus
738 2891 878 2961 princeps
899 2888 955 2958 (17)

119 2978 953 3056 rirpolentissimusacditissimnsluit,quilatrocinando,

120 3076 278 3130 humanum
295 3074 471 3143 sauguinem
494 3072 653 3140 tundendo,
674 3071 818 3137 eivitateS,
848 3068 953 3137 oppida

120 3181 154 3219 ae
170 3164 293 3218 aliorum
311 3162 420 3232 praedia
436 3161 626 3214 circumcirca
640 3160 816 3213 manentium
830 3157 954 3211 erudeli-

130 3250 703 3318 eraulerens,suoscibiliditdominalui:
725 3239 993 3318 quiquestuprn,C

121 3343 230 3411 caedes,
248 3341 366 3410 rapinas
382 3339 649 3406 distractionesque
659 3337 801 3391 bonorum
814 3337 955 3390 ecelesia-

92 3460 97 3467 ν
120 3448 185 3485 rum
201 3430 289 3483 multa
306 3445 359 3497 per
374 3432 514 3498 tempera,
539 3427 652 3497 absque
669 3427 725 3478 ulla
752 3425 951 3494 miseratione,

121 3517 328 3572 insatiabiliter
351 3515 492 3569 excreuit.
522 3515 614 3584 Igitur
628 3530 694 3568 eum
724 3514 866 3583 plurimas
882 3530 954 3584 opes

119 3606 229 3659 Christi
239 3605 376 3659 eeclesiis
388 3603 529 3673 diripiens
545 3603 727 3672 abstulisset,
739 3604 834 3656 onmia
844 3607 952 3672 eastra,

120 3693 205 3747 villas
222 3691 471 3762 aeprrediahujus
482 3692 670 3744 iiionastereii
681 3693 836 3761 eupiditate
848 3693 955 3747 ductus

127 3782 273 3852 sacrilega
290 3781 420 3844 abstulit,
438 3782 476 3833 ita
499 3785 528 3833 ut
557 3797 609 3833 uec
626 3797 715 3835 unum
739 3783 882 3835 rusticum
906 3782 955 3852 qui

120 3886 189 3924 rura
207 3870 326 3937 coleret,
340 3870 386 3923 vel
397 3886 463 3922 rura
478 3885 566 3939 quiea
584 3870 694 3922 rustico
707 3869 882 3938 colerentur,
895 3886 956 3924 mo·

124 3959 228 4012 nuebis
245 3958 425 4028 reliquisset.
437 3958 651 4027 lnsuperetiam
660 3974 774 4012 onmem
785 3960 956 4013 thesaurum

124 4048 215 4119 hujus
232 4049 418 4102 munastereii
436 4048 574 4102 auterens
591 4049 761 4116 asportavit,
780 4064 813 4100 ue
832 4049 860 4101 in
876 4064 954 4115 aree,

123 4155 208 4208 quam
226 4155 282 4190 uon
300 4137 386 4208 leuge
401 4138 562 4205 atlapuaua
579 4138 662 4204 urbe,
680 4139 707 4189 in
734 4141 831 4191 inante
861 4120 955 4207 quiS.

123 4228 247 4298 Agatha
264 4227 401 4296 iuurtpris
418 4227 524 4278 dieitur
539 4225 605 4294 iltlji,
623 4231 838 4292 construxerat,
857 4228 958 4297 inqua

122 4316 210 4368 multa
226 4316 318 4384 spolia
331 4315 539 4383 orphanorum,
559 4315 710 4367 riduaram
722 4319 749 4368 et
763 4316 957 4368 ecclesiarum

122 4418 155 4456 ac
166 4421 327 4474 pauperum
343 4403 628 4469 intulerat‚eamlens
643 4405 782 4473 reposuit.
799 4404 870 4458 llum
887 4420 957 4458 vero

121 4491 181 4562 jam
198 4493 383 4560 omnipotens
401 4493 479 4545 lleus
491 4493 577 4544 tantis
595 4492 759 4545 sceleribus
776 4493 958 4547 linemrellet

124 4582 285 4651 imponere,
302 4585 328 4634 el
344 4581 481 4650 laeiq’mai
498 4586 524 4633 cl
545 4597 633 4634 voees
650 4582 834 4650 pupillorum,
855 4583 959 4635 vidua·
973 4605 995 4655 Ι·)

124 4686 189 4722 rum
207 4687 240 4722 ae
260 4685 432 4738 pauperum,
460 4685 513 4722 nee
538 4686 595 4722 non
617 4671 766 4723 orationes
796 4688 960 4742 precesque

125 4774 282 4813 servorum
299 4758 361 4826 Bei,
379 4757 407 4810 in
424 4761 583 4827 conspeetu
597 4759 761 4813 lliviiiitatis
776 4760 841 4829 ejus
858 4776 961 4834 essent

123 4846 275 4914 admissae,
294 4846 518 4915 sicutseriptuiu
529 4848 589 4898 est:
605 4848 662 4899 Cei·
674 4849 757 4917 repis
771 4848 893 4902 inruenti
905 4851 963 4907 liei

123 4934 960 5008 estll’i·0r.xxi,‘l):Conradiimperatorismeritiiuspira·

123 5024 173 5093 rit,
193 5028 221 5077 ut
237 5024 271 5077 ad
297 5024 489 5077 vindicandus
506 5021 572 5092 ejus
589 5025 732 5078 eeclesias
751 5041 783 5078 ae
800 5025 835 5079 de
861 5032 961 5098 tri-un-

122 5127 227 5165 uorum
245 5112 379 5164 iiiauibns
396 5112 544 5166 eruendas
558 5110 665 5166 ltaliam
684 5114 820 5169 revisens
838 5117 961 5171 Bauium

124 5199 235 5252 ueniret
264 5202 351 5261 (anim
380 5201 670 5273 1038›.t22umigttu1·
694 5218 800 5273 magno
830 5205 961 5260 exercitu

123 5292 305 5358 congregato
314 5288 601 5359 ltaliamiugrediens
612 5291 733 5344 itonam
746 5293 888 5363 venisset,
906 5310 960 5366 op-

159 5443 216 5515 (tt)
229 5445 320 5499 Istum
331 5447 536 5516 pandulphum
546 5449 640 5504 tuisse
652 5454 787 5522 quartum
801 5453 963 5525 principem

126 5515 307 5597 Capuanum,
324 5518 375 5599 qui
390 5518 461 5572 obiit
476 5535 523 5573 an.
543 5521 619 5590 1050,
641 5523 726 5577 docet
742 5524 963 5582 eruditissimus

124 5587 228 5641 Camil.
247 5588 524 5661 Pereg.1nllistor.
542 5593 707 5663 principum
730 5594 863 5668 Laugob.
916 5597 961 5654 'us

126 5662 210 5732 gesta
226 5662 329 5718 recitat
347 5661 407 5717 beo
423 5665 492 5732 ost,
507 5662 559 5717 lib.
577 5680 596 5718 ii
608 5679 670 5736 cap.
688 5663 732 5738 60,
750 5663 847 5739 etue
863 5672 889 5724 et
930 5687 963 5725 a·

1011 596 1328 668 Pandulphoprineipi,
1342 592 1559 664 eui,utbonaS,
1571 590 1725 647 Benedicti
1738 587 1841 658 injuste

1013 703 1080 741 ase
1109 677 1298 739 ablata'omni
1322 684 1487 752 postposita
1504 698 1596 749 mora,
1614 679 1796 742 restitueret,
1817 679 1841 729 et

1012 775 1128 829 nobiles
1141 773 1186 827 vel
1203 772 1363 843 cujuslibet
1375 771 1494 842 generis
1506 770 1597 838 virae,
1612 783 1691 839 quos
1703 770 1802 834 captos
1811 779 1838 817 ae

1012 877 1118 932 magno
1131 861 1203 914 terri
1219 860 1348 929 pondere
1370 873 1521 912 connexos
1542 857 1652 910 multos
1676 854 1707 908 in
1731 868 1834 907 earcere

1012 949 1172 1017 detinebat,
1202 949 1368 1016 dimitteret,
1400 961 1564 1017 omnesque
1585 959 1636 999 res
1661 942 1776 996 illorum
1798 941 1831 994 eis

1012 1037 1186 1092 festinanter
1201 1037 1346 1104 redderet,
1359 1051 1412 1106 per
1422 1035 1542 1090 eosdem
1559 1035 1640 1087 viros
1652 1032 1744 1085 voluit
1759 1032 1828 1101 impr·

1012 1142 1077 1179 rure
1094 1145 1103 1189 ,·
1119 1141 1184 1177 nam
1197 1124 1333 1178 voluntas
1347 1124 1482 1178 veniendi
1499 1122 1534 1176 ad
1547 1122 1601 1175 has
1616 1123 1717 1190 partes
1734 1119 1826 1171 mininie

1013 1215 1108 1268 animo
1129 1212 1196 1283 ejus
1212 1213 1371 1282 insederat,
1388 1213 1415 1266 si
1431 1226 1464 1265 ea
1479 1210 1622 1281 perficere
1650 1212 1752 1278 posset
1775 1223 1823 1276 qua

1013 1302 1217 1373 perpraelatos
1241 1301 1323 1355 viros
1343 1301 1437 1355 cidem
1460 1298 1631 1368 l‘andulplio
1648 1296 1820 1368 praecipiebat.

1013 1392 1071 1445 Sed
1087 1392 1167 1444 Deus
1179 1391 1375 1460 omnipotens
1393 1389 1442 1458 qui
1453 1403 1505 1441 eor
1520 1387 1687 1441 Pharaonis
1704 1385 1819 1437 indui-avit

1014 1479 1146 1533 olimulta
1157 1495 1222 1548 quea
1235 1478 1263 1531 in
1276 1478 1415 1547 populum
1426 1477 1478 1530 Bei
1487 1477 1552 1530 sine
1564 1491 1655 1529 eausa
1666 1475 1818 1544 irrogaverat

1014 1569 1097 1633 mala,
1116 1572 1146 1620 ut
1163 1568 1237 1621 hlosi
1247 1566 1490 1635 serrosuosigua
1501 1564 1669 1635 etprodigia
1680 1563 1818 1615 mirabiliter

1014 1656 1180 1710 ostendenti
1190 1654 1542 1723 nouerederetlllrods,
1554 1654 1592 1722 l),
1601 1652 1743 1705 induravit
1756 1650 1816 1703 etim
1860 1644 1864 1655 ‘

1014 1741 1382 1813 eteoristiusnejussioni
1402 1738 1816 1812 imperatoriaeobedirett'un-

1014 1849 1070 1902 quo
1086 1831 1482 1902 iiquimissiabimperatorc
1494 1826 1816 1898 luerantCapuamveuis·
1861 1882 1864 1917 Ι

1015 1925 1090 1988 sont,
1099 1917 1563 1989 mulliscumeodeml’andulpbo
1576 1914 1815 1971 verbislrustmlu·

1015 2006 1814 2079 bilisiadimperatoremsineetiectureversisunthtrero

1014 2100 1376 2169 postquamimperatorse
1386 2100 1584 2168 contemptum
1598 2114 1614 2150 a
1626 2096 1751 2166 principe
1758 2092 1813 2159 vidit,

1016 2189 1060 2240 ira
1077 2191 1252 2254 commotus
1267 2188 1358 2241 lloma
1373 2187 1505 2240 exercitu
1520 2189 1598 2239 mota
1608 2185 1766 2257 egrediens,
1779 2180 1814 2233 ta·

1016 2276 1114 2329 sinum
1132 2276 1219 2329 venit.
1239 2291 1272 2328 uc
1288 2275 1323 2327 ad
1336 2274 1368 2328 B.
1382 2275 1413 2328 P.
1431 2273 1583 2328 Benedicti
1599 2273 1815 2326 liminaeoaseeu·

1016 2365 1066 2417 dit.
1083 2363 1170 2417 Facta
1187 2364 1259 2417 liora
1275 2362 1566 2432 lrutrumeapitulum
1582 2361 1708 2429 intravit,
1720 2373 1814 2430 congre·

1017 2453 1153 2523 gulisque
1171 2453 1198 2504 iu
1230 2451 1486 2519 uaumlratrihus,
1518 2454 1667 2518 utprese
1696 2448 1814 2502 Bomiuun

1018 2544 1218 2609 precarentur,
1232 2541 1347 2611 rogavit
1359 2556 1366 2609 3
1379 2540 1478 2610 ibique
1494 2554 1593 2594 eoram
1612 2539 1657 2592 eis
1674 2538 1756 2591 Deum
1769 2535 1815 2587 bea·

1017 2637 1138 2698 tumque
1154 2629 1345 2682 Benedictum
1361 2644 1417 2681 non
1434 2628 1470 2681 ob
1486 2626 1565 2679 uliud
1581 2642 1614 2681 se
1626 2626 1662 2680 ad
1678 2627 1729 2680 has
1746 2625 1814 2694 partes

1019 2718 1150 2786 venisse,
1167 2718 1224 2771 nisi
1238 2722 1268 2771 ut
1283 2716 1349 2788 ejus
1366 2716 1575 2770 monasterium
1591 2715 1627 2769 de
1643 2731 1727 2768 maim
1741 2711 1816 2785 erude-

1018 2807 1125 2860 lissimi
1143 2805 1256 2876 tpranni
1271 2806 1407 2875 eriperet,
1419 2806 1604 2859 testatusest.
1616 2798 1816 2858 Beindebcuedi-

1018 2895 1114 2949 ctione
1130 2895 1217 2964 petita
1228 2894 1294 2947 iude
1306 2893 1700 2965 ingressustlapuanivenit;
1709 2891 1817 2946 satellites

1019 2999 1088 3037 vero
1103 2983 1217 3053 praelati
1241 2982 1398 3052 principie,
1416 2983 1465 3053 qui
1489 2982 1661 3037 monasterii
1682 2981 1752 3035 hona
1774 2976 1818 3047 ejus

1017 3072 1142 3141 imperio
1159 3071 1194 3124 ad
1211 3070 1256 3125 sui
1267 3087 1354 3125 usum
1369 3071 1547 3139 detinebant,
1565 3074 1718 3141 postquam
1729 3070 1760 3123 de
1779 3069 1819 3119 itu·

1020 3161 1099 3231 gusti
1115 3160 1242 3215 adventu
1259 3160 1412 3214 certificati
1438 3161 1653 3228 cognoverunt,
1678 3173 1771 3214 omnes
1783 3155 1820 3207 bue

1021 3249 1148 3319 illucque
1166 3249 1315 3319 fugientes
1331 3248 1461 3318 dispersi
1477 3251 1556 3302 sunt.
1574 3243 1822 3318 Siequelactuncst

1021 3341 1050 3390 ut
1066 3338 1275 3391 monasterium
1292 3339 1388 3392 omnis
1404 3343 1512 3405 castra,
1529 3337 1616 3391 villas
1632 3354 1665 3391 ac
1676 3328 1822 3407 praediasibi

1021 3427 1114 3479 abluta
1131 3442 1189 3480 uno
1204 3427 1250 3480 dio
1274 3426 1429 3497 reciperet,
1447 3429 1475 3480 et
1490 3442 1523 3480 ea
1540 3442 1607 3498 quaa
1623 3426 1663 3481 ibi
1679 3427 1715 3479 ad
1729 3425 1823 3477 alienum

1020 3531 1106 3569 usum
1122 3515 1247 3569 ministri
1264 3515 1410 3570 scelerum
1432 3520 1690 3588 congregaverant
1704 3515 1732 3568 in
1749 3507 1823 3567 moiu-

1020 3606 1140 3659 eborum
1158 3608 1332 3675 potestatem
1344 3605 1526 3660 devenirent.
1545 3604 1631 3659 Unde
1646 3606 1692 3659 eis
1708 3605 1827 3658 mihicou.

1021 3695 1249 3765 tigissevidetur
1261 3694 1417 3766 illudquod
1430 3694 1501 3747 BP.
1510 3694 1689 3749 Benedictus
1701 3693 1824 3764 discipulis

1020 3784 1085 3837 suis
1097 3800 1131 3838 ex
1152 3784 1248 3854 inopia
1265 3783 1568 3854 panumtrislantibus
1584 3784 1823 3856 olimprrediveiat:

1023 3872 1059 3925 Ut
1075 3872 1162 3927 bodie
1172 3872 1280 3942 miuus,
1291 3873 1497 3926 erastinaveio
1509 3873 1693 3929 abundanter
1704 3873 1825 3929 habereut.

1024 3961 1172 4015 l’raelutus
1184 3962 1275 4032 igitur
1288 3961 1825 4035 AugustusCapuamingressuseidcn

1025 4050 1193 4119 l'amlulpho
1210 4050 1392 4120 principatus
1407 4051 1550 4106 bonorem
1567 4050 1717 4122 auferere,
1733 4053 1824 4106 alterum

1024 4141 1051 4191 in
1068 4140 1163 4193 locum
1180 4139 1247 4209 ejus
1263 4140 1423 4193 constituit.
1437 4139 1504 4208 lpse
1515 4156 1587 4194 vere
1600 4141 1629 4195 in
1645 4150 1824 4210 arcemque

1023 4231 1050 4280 in
1063 4234 1160 4281 moute
1176 4231 1205 4281 S.
1222 4228 1345 4299 Agalhae
1356 4228 1493 4299 martyris
1505 4245 1621 4284 summo
1634 4231 1730 4286 studio
1741 4227 1824 4284 munie-

1025 4320 1077 4384 rat,
1093 4333 1128 4370 ex
1145 4318 1245 4371 cadem
1255 4317 1462 4388 urbetugienS,
1474 4319 1646 4374 secontulit.
1660 4319 1741 4375 [finde
1754 4316 1824 4372 dii-ini

1023 4406 1216 4476 dispositione
1237 4407 1359 4478 contigit
1382 4409 1412 4461 ut
1440 4409 1537 4461 omnia
1563 4425 1631 4479 quoe
1647 4404 1823 4468 latrocinando,

1026 4496 1194 4565 3ejcrando,
1213 4496 1427 4566 multorumque
1443 4512 1579 4552 cruorem
1596 4500 1743 4554 innoxium
1756 4493 1822 4550 chun·

1024 4580 1822 4657 dendo,iuultaperlemperauequisierat,inspatiounius

1024 4673 1195 4741 septimanae
1213 4674 1356 4727 amitteret
1373 4673 1524 4744 :nihilque
1535 4675 1594 4728 sibi
1610 4691 1647 4729 ex
1660 4679 1700 4730 tot
1714 4680 1740 4729 et
1762 4666 1822 4724 tantis

1024 4762 1178 4832 acquisitis
1194 4762 1371 4831 municipiis,
1383 4766 1491 4831 praeter
1505 4779 1604 4817 arcem
1616 4780 1701 4835 quum
1716 4754 1822 4833 pisatii-

1028 4867 1102 4919 mus,
1121 4855 1294 4917 remaneret,
1312 4855 1339 4904 et
1354 4853 1402 4921 qui
1415 4852 1522 4905 multos
1539 4853 1666 4908 aliorum
1681 4857 1764 4916 natos,
1777 4842 1821 4898 suit

1025 4932 1823 5012 ablatisrebuS,mendicarecoegerat,quiexeoertisunl

1025 5044 1119 5098 usque
1136 5026 1822 5103 liudielmeilluequemendicatumpergaut.llt³³

1025 5119 1119 5172 omnia
1132 5118 1501 5172 nieritisB.Benedietisibi
1512 5111 1820 5191 evenissequisduuiut

1025 5207 1113 5278 eujus
1125 5207 1189 5276 ipse
1201 5209 1285 5274 baua,
1299 5208 1397 5277 iniqua
1409 5208 1690 5278 ductuseupiditate,
1712 5199 1820 5262 distruxit·

1065 5296 1250 5367 Theophilus.
1269 5296 1379 5350 Deliae
1400 5312 1433 5351 re
1455 5298 1575 5352 minime
1591 5297 1769 5354 dubitandum
1785 5287 1821 5347 esi

1023 5474 1099 5522 ron,
1114 5474 1189 5512 anuo
1207 5456 1284 5526 1038,
1302 5475 1380 5513 num.
1396 5457 1423 5513 3.
1811 5515 1815 5524 1
1862 5512 1864 5527 Ι

1061 5529 1117 5598 (lu)
1139 5529 1224 5583 hlons
1247 5530 1277 5584 S.
1298 5531 1322 5584 a
1346 5529 1423 5586 athae
1442 5545 1521 5585 nune
1544 5529 1655 5586 dicitur
1674 5528 1704 5586 S.
1731 5519 1824 5583 Nicete-

1025 5601 1094 5732 laidi
1114 5600 1145 5656 S.
1161 5600 1290 5674 Capuan,
1344 5599 1406 5657 ioh.
1422 5600 1561 5658 monaehi
1574 5601 1607 5656 iu
1629 5604 1689 5659 not.
1705 5600 1740 5657 ad
1751 5597 1776 5653 S.
1791 5585 1826 5645 Ol·
