3900 6112
114 309 175 375 667
592 307 794 372 Uunbalcl
818 307 1120 374 GLUNIAGENSIS
1143 308 1353 374 uouacm.
1777 312 1829 380 ὅθ

115 513 145 570 in
160 513 283 585 privatis
298 513 404 568 diebus
419 512 537 567 fiebant.
557 513 653 566 Primo
669 525 804 581 namque,
821 508 900 581 quod
914 492 985 564 inst
1036 507 1183 580 Interroq.
1201 509 1272 565 Haec
1287 525 1405 582 quoque
1420 509 1535 566 licentia
1547 513 1576 566 et
1590 510 1665 566 bora
1683 511 1826 583 loquendi,

115 604 173 660 alio
188 604 254 659 loco
276 602 338 674 jam
355 618 414 657 non
428 602 516 671 tecm,
535 604 601 656 ante
622 603 784 655 nocturnos
799 614 857 652 non
886 598 944 652 nisi
1001 597 1210 668 quamprolixa
1224 599 1300 654 solet
1315 600 1409 654 esse?

115 692 283 763 quindecim
299 691 413 746 cantica
427 690 574 763 graduum
589 689 735 756 dicuntur,
750 702 826 758 quos
839 691 868 742 at
884 703 941 741 ma·
1037 687 1130 758 Resp.
1145 686 1187 741 Eo
1199 692 1330 759 tempore
1345 703 1404 760 quo
1421 688 1550 759 primum
1564 689 1601 745 ed
1617 690 1827 746 monasterium

114 780 215 834 tutinae
230 779 333 834 laudes
348 782 521 850 sequuntur,
538 776 618 832 nullo
633 792 758 847 prorsus
774 775 887 847 psalmo
900 775 941 830 in·
1002 777 1080 846 veni,
1094 776 1235 832 sacerdos
1246 778 1295 848 qui
1304 778 1447 848 privatam
1462 778 1586 834 missam
1597 780 1721 834 canmre
1731 780 1826 852 voluit,

115 869 268 938 terposit03
284 868 337 922 sed
365 870 432 937 post
446 866 602 921 matutinas
622 864 726 920 laudcs
750 867 778 919 et
801 864 875 918 aliae
891 864 942 920 bo·
1001 864 1095 936 potuit
1115 881 1178 922 eam
1190 865 1306 923 interim
1329 865 1428 933 unire
1443 866 1522 940 qirod
1540 870 1640 923 tamen
1652 867 1744 923 modo
1770 883 1832 926 raro

115 971 177 1023 ras,
194 956 393 1011 deconsuetis
408 955 532 1025 psalmis
548 953 902 1024 remanentduo,primus
916 955 944 1008 et
1003 955 1155 1026 contingit,
1185 955 1254 1025 quia
1281 955 1434 1011 multitudo
1461 954 1584 1012 fratrum
1616 956 1789 1025 acervavit;
1814 975 1830 1013 a

116 1044 276 1112 secundus,
293 1046 321 1099 et
340 1045 415 1098 inter
437 1059 543 1114 preces
558 1041 692 1114 psalmus
707 1042 876 1113 Miserere,
892 1042 942 1114 qui
1002 1043 1110 1115 quibus
1125 1042 1239 1098 dumad
1249 1046 1404 1116 utramque
1419 1043 1541 1099 missam
1552 1044 1688 1117 offertur,
1698 1045 1830 1117 dumpax

115 1134 210 1187 tamen
227 1134 294 1202 post
312 1133 435 1202 primam
461 1148 520 1187 non
540 1132 681 1187 omittitur
708 1148 761 1203 pro
786 1131 943 1187 abbatibus
1002 1134 1088 1188 detur
1102 1136 1131 1187 et
1145 1132 1380 1202 accipitur,'dum
1398 1133 1428 1187 in
1443 1132 1570 1204 capitulo
1585 1134 1622 1189 de
1638 1149 1700 1190 uno
1723 1137 1773 1190 ant
1785 1136 1826 1191 al·

114 1221 225 1275 nostris
236 1222 457 1291 deiunctia,nec
469 1221 642 1276 matutinum
657 1221 872 1292 detunctorum,
888 1238 944 1277 nec
1001 1224 1064 1276 tero
1076 1221 1132 1276 hoc
1147 1224 1176 1277 et
1189 1220 1261 1276 illud
1275 1221 1462 1293 reclamatur,
1476 1223 1547 1278 dam
1556 1223 1646 1278 tantis
1660 1223 1692 1278 in
1707 1223 1830 1281 reiecto-

114 1309 195 1364 Deus
209 1309 404 1379 auribus,nec
419 1314 485 1380 post
496 1311 618 1381 primam
634 1311 860 1383 septempsalmi
877 1328 943 1367 cunr
1003 1312 1046 1365 rio
1058 1310 1195 1379 servitur,
1203 1324 1262 1365 non
1278 1311 1473 1381 minimapars
1488 1310 1751 1381 expenditurdiei;
1767 1328 1830 1383 quar

114 1397 178 1452 suis
189 1397 383 1467 appendiciis,
393 1402 460 1468 post
469 1399 601 1469 psalmos
609 1415 662 1470 pro
674 1399 943 1456 tricenarioreeens
1000 1402 1098 1454 tamen
1112 1400 1230 1472 singula
1244 1399 1347 1455 ordine
1363 1399 1558 1457 nostrosalvo
1567 1403 1595 1454 et
1607 1401 1727 1472 integro
1742 1416 1830 1456 rema·

113 1484 243 1540 defuncti
264 1486 420 1542 dormitum
448 1487 573 1541 adlecta
595 1488 792 1557 revertuntur,
811 1489 869 1543 nisi
884 1493 943 1544 tarn
1000 1503 1071 1543 nere
1096 1503 1155 1544 non
1182 1492 1319 1558 possunt.
1349 1489 1474 1560 Propter
1501 1488 1580 1561 quod
1596 1488 1671 1544 hora
1698 1488 1832 1561 loquendi

114 1574 192 1629 clara
208 1574 317 1629 sitdies
328 1574 530 1646 utjamlittera
545 1575 681 1648 dignosci
697 1577 793 1648 possit
808 1579 838 1632 in
853 1578 941 1635 libro.
1000 1577 1174 1633 necessario
1186 1577 1282 1650 magis
1297 1579 1344 1633 est
1357 1577 1546 1648 brevis3etsi
1556 1577 1656 1633 minus
1671 1577 1832 1650 aliquantu·

112 1662 196 1729 Quod
225 1664 252 1719 si
266 1679 372 1719 aurora
394 1663 520 1734 primum
536 1664 637 1736 incipit
653 1682 794 1737 apparere
811 1667 943 1722 calceant
1000 1666 1058 1720 lum
1075 1666 1232 1737 loquimur,
1254 1666 1284 1719 in
1299 1665 1356 1720 boc
1371 1664 1486 1720 ordinis
1506 1664 1625 1738 quidem
1640 1680 1731 1723 nemo
1745 1666 1830 1722 sentit

114 1767 157 1823 se,
174 1755 202 1807 et
216 1752 289 1807 nibil
297 1754 441 1807 exuentes
448 1752 573 1823 pedibus
582 1756 665 1809 extra
676 1755 782 1810 lectum
794 1757 943 1826 protensis
1000 1754 1831 1828 nullumessedetrimentum.Pulsatosignoadtertiamet

116 1841 269 1913 itajaoent,
283 1841 453 1912 usquedum
462 1843 592 1896 sonitum
600 1842 813 1916 audiant,quod
823 1847 943 1919 signum
960 1844 1226 1927 Borationaiacta,
1242 1843 1385 1898 sedentia
1401 1842 1493 1897 obuio
1507 1842 1751 1916 legantesusque
1761 1843 1827 1899 duaa

114 1932 161 1985 est
174 1929 328 2002 surgendi,
345 1929 394 2000 qui
411 1931 439 1984 et
453 1929 505 1984 tali
518 1946 637 2002 semper
651 1931 723 1988 bora
751 1934 816 1990 ileri
845 1936 941 2007 debet,
1000 1932 1142 1987 sacerdos
1155 1932 1246 1987 etalii
1261 1932 1297 1987 ad
1312 1930 1436 1987 missam
1459 1931 1599 1988 servituri
1624 1934 1697 1988 sunt
1724 1933 1829 1988 vestiti

114 2020 145 2074 ut
159 2021 315 2089 postquam
344 2033 449 2073 manus
461 2033 533 2073 suas
554 2019 646 2074 irater
657 2023 686 2075 et
707 2022 812 2077 taciem
827 2024 942 2095 laverit,
998 2022 1069 2076 Post
1080 2021 1203 2076 inissem
1214 2021 1358 2076 sedentia
1374 2020 1829 2094 claustroiterumlegenteaeum

114 2109 201 2179 caput
214 2107 337 2177 pexerit,
354 2109 383 2162 et
396 2106 426 2160 in
436 2107 564 2162 ecclesia
581 2111 641 2163 tres
656 2111 806 2167 orationes
826 2112 941 2183 iecerit,
999 2125 1105 2179 magna
1120 2109 1277 2181 disciplina
1289 2113 1318 2165 et
1333 2110 1462 2177 silentio,
1479 2124 1575 2181 usque
1590 2109 1662 2164 dum
1676 2109 1772 2180 pueri,
1786 2124 1832 2164 ae-

114 2193 941 2272 etinclaustrosedeastantumridereincipiat,utlegere
999 2200 1084 2268 cepto
1099 2197 1828 2271 miste,dereicctorioexeant,etaltavecelegere

111 2285 217 2358 possit.
999 2288 1179 2342 adoriantur.
1190 2285 1271 2352 Quos
1287 2302 1352 2342 cum
1363 2288 1489 2358 primum
1498 2291 1602 2356 custos
1612 2288 1768 2343 eccclesia
1781 2304 1825 2343 aa·

145 2375 295 2448 Interroq.
326 2375 361 2430 Et
389 2376 455 2431 istae
477 2379 540 2431 tres
566 2392 642 2449 quas
674 2376 752 2432 dicis
780 2381 941 2452 orationes,
999 2377 1094 2448 dierit,
1107 2377 1250 2432 statimad
1265 2378 1384 2431 sextam
1401 2376 1519 2449 signum
1528 2376 1651 2448 pulsare
1661 2376 1819 2433 nonterdat

112 2464 190 2520 scire
205 2464 467 2536 relimquuamodi
481 2465 693 2537 essedebeant,
707 2468 741 2522 et
756 2467 944 2540 cujusquan·
999 2466 1033 2520 Et
1049 2482 1085 2521 ne
1101 2469 1187 2536 putcs
1204 2481 1259 2520 uos
1269 2465 1345 2520 ultra
1364 2465 1482 2519 modum
1497 2464 1610 2537 vigiliis
1625 2466 1759 2538 gravari,
1774 2480 1816 2537 pre

118 2553 211 2608 itatis.
998 2569 1033 2609 eo
1048 2556 1126 2627 quod
1143 2555 1272 2625 noxiam
1288 2554 1390 2624 incipit
1404 2556 1462 2608 tam
1476 2553 1578 2609 brevis
1593 2568 1675 2622 esse,
1688 2558 1716 2609 et
1730 2558 1811 2609 umen

149 2642 238 2715 Reep.
249 2640 335 2699 Certe
349 2644 429 2715 quod
443 2659 499 2716 ego
510 2644 613 2714 sciam,
630 2645 730 2700 nullus
744 2645 850 2700 medua
875 2661 942 2702 cer·
996 2648 1065 2716 post
1082 2644 1239 2699 matutinos
1249 2643 1335 2699 solite
1346 2643 1578 2697 nonminoretur
1587 2642 1760 2712 psalmodia;
1769 2658 1812 2696 ma·

115 2732 163 2785 tus
176 2734 221 2786 est
236 2730 280 2787 ais
295 2731 449 2801 praefixus,
465 2733 603 2803 quianon
617 2735 812 2789 communiter
825 2735 944 2805 llunt,et
994 2731 1056 2803 jori
1069 2732 1185 2787 custodi
1200 2731 1338 2788 ecclesiae
1352 2736 1400 2787 est
1414 2729 1581 2802 injunctum
1590 2731 1679 2802 quaai
1691 2747 1743 2801 pro
1752 2730 1810 2804 legi·

114 2820 320 2893 unusquisque
348 2837 415 2875 cum
437 2822 562 2890 primum
586 2822 700 2877 venerit
727 2822 758 2877 in
785 2823 941 2879 ecclesiam
995 2822 1065 2875 timo
1082 2823 1273 2892 sempiterno,
1291 2825 1321 2875 ut
1337 2821 1404 2892 ipse
1417 2819 1591 2891 providente
1602 2834 1657 2890 per
1670 2822 1810 2875 tutamur·

112 2909 182 2964 iacit
192 2925 244 2964 eas
260 2910 486 2982 singulariteret
501 2912 671 2981 separatim,
687 2927 764 2967 unus
778 2914 876 2967 tamen
891 2929 941 2968 se·
996 2912 1082 2964 tatem
1094 2914 1249 2981 postquam
1260 2908 1414 2979 prandium
1425 2907 1806 2979 iueritperactum,tunepri·

112 2999 228 3055 nicrum
244 3000 386 3054 novitium
398 3015 444 3056 me
459 3000 558 3056 docuit
572 3003 604 3056 ut
618 3004 732 3070 septem
746 3002 879 3071 psalmos
893 3003 941 3057 di·
997 2995 1804 3068 mumsitmediadies.Eodemquoquemomentosolent
1849 3034 1851 3039 -

111 3102 209 3144 cerem
224 3088 300 3144 inter
315 3089 397 3159 ipsas
421 3092 482 3144 tres
507 3090 667 3151 orationes)
688 3106 792 3146 verum
813 3091 940 3164 quisque
995 3103 1029 3143 se
1059 3087 1167 3142 iratres
1192 3086 1371 3159 generaliter
1398 3085 1434 3141 ad
1464 3085 1650 3157 pausandum
1671 3085 1805 3151 collocare,

110 3178 188 3250 quod
205 3178 331 3234 voluerit
344 3183 417 3248 oret,
435 3182 532 3233 umen
553 3183 710 3250 postquam
735 3182 817 3250 pueri
842 3181 878 3236 de
892 3197 940 3236 ec·
995 3192 1162 3249 quanquam
1191 3176 1265 3231 tales
1281 3175 1341 3230 sint
1363 3174 1459 3247 magis
1482 3174 1584 3229 intenti
1604 3174 1642 3230 ad
1666 3175 1812 3237 lectionem

111 3267 201 3322 olesia
213 3268 346 3337 exierint,
359 3270 389 3323 et
403 3267 504 3339 legere
519 3268 703 3338 incoeperint,
716 3268 741 3323 ai
757 3272 859 3340 postea
875 3284 940 3325 mo·
995 3282 1083 3340 quam
1109 3266 1144 3320 ad
1160 3264 1376 3336 pausationem.
1394 3263 1479 3318 Nona
1494 3267 1603 3332 autem,
1619 3263 1751 3336 adquam
1762 3276 1804 3318 auu

110 3371 172 3411 ram
189 3356 302 3424 iecerit,
319 3361 350 3410 ut
366 3372 423 3411 non
438 3360 467 3411 et
481 3356 546 3426 ipsc
560 3356 596 3411 ad
621 3355 776 3412 lectionem
792 3361 876 3412 exeat
888 3373 939 3414 se·
996 3372 1029 3411 se
1039 3355 1174 3423 levaturi,
1186 3353 1350 3413 adeotarda
1364 3352 1665 3423 eritutpcstquamin
1676 3349 1806 3408 refectorio
1848 3374 1851 3435 }

110 3444 191 3514 dere,
209 3444 294 3499 iacile
315 3445 437 3499 incurrit
455 3448 487 3498 ut
503 3445 531 3498 in
552 3445 678 3514 capitulo
707 3446 940 3514 reprebendatur
995 3443 1131 3509 biberint,
1148 3445 1177 3497 et
1198 3443 1305 3497 iterum
1321 3441 1460 3512 loquendi
1483 3440 1632 3496 licentiam
1661 3440 1803 3505 habuerint,
1849 3462 1851 3485 =

110 3533 182 3588 Cum
210 3537 306 3587 autem
332 3537 424 3587 ternae
445 3532 581 3587 similiter
604 3533 753 3588 orationes
783 3535 862 3603 liant,
885 3536 938 3590 sed
995 3533 1127 3588 eamdem
1149 3531 1290 3602 loquendi
1306 3530 1420 3597 boram,
1437 3529 1537 3585 ethoc
1555 3529 1740 3585 intervallum
1756 3530 1805 3582 nu

110 3621 305 3676 communiter
318 3623 385 3674 ante
400 3623 570 3689 nocturnos,
582 3624 688 3691 etpost
706 3622 938 3694 completorium,
994 3636 1138 3692 vesperas
1148 3636 1207 3675 non
1219 3620 1470 3689 immeritopotius
1480 3618 1606 3674 dixerim
1615 3618 1803 3689 nullumquam

110 3714 139 3766 et
154 3710 182 3763 in
217 3709 313 3763 bieme
328 3709 358 3762 in
372 3709 495 3778 privatis
512 3714 579 3765 ente
604 3711 728 3780 tertiam,
751 3711 787 3766 de
803 3711 850 3766 bis
866 3711 940 3766 forte
994 3726 1128 3783 parrum.
1145 3709 1261 3780 Saepius
1272 3723 1397 3779 namque
1407 3709 1580 3779 priusquam
1592 3722 1698 3763 omnes
1706 3708 1734 3762 in
1747 3706 1805 3761 olau-

67 3804 70 3808 ’
109 3813 234 3869 possum
249 3796 359 3867 aliquid
374 3796 452 3868 quod
472 3798 630 3867 quaesieris
644 3798 756 3855 dicere.
782 3799 856 3854 Nam
871 3816 939 3872 quae
995 3798 1248 3869 stroconsideant,
1260 3802 1288 3852 et
1298 3795 1804 3868 aliquisiretrumvelunumverban

109 3891 177 3958 post
192 3885 415 3955 completorium
431 3885 512 3953 liunt,
529 3887 565 3942 de
581 3887 629 3942 bis
655 3903 804 3959 nunquam
822 3904 867 3945 me
885 3905 940 3945 au·
995 3890 1093 3958 iaciat,
1105 3887 1240 3958 pulsetur
1247 3888 1366 3958 signum
1376 3886 1411 3940 ad
1421 3900 1576 3957 vesperas,
1592 3889 1622 3941 et
1630 3900 1701 3941 ecoe
1714 3879 1804 3940 ibiliuit

110 3976 207 4032 diente
223 3975 419 4046 quaestioerat
433 3980 463 4030 ut
477 3977 604 4046 amplius
619 3977 778 4048 quidquam
792 3978 828 4032 ed
839 3979 938 4049 singu·
995 3976 1144 4049 loquendi.
1159 3976 1268 4031 Postea
1279 3978 1541 4048 quecunquasunt
1550 3973 1692 4048 gerenda,
1705 3979 1804 4044 perrari

109 4065 154 4119 las
169 4080 258 4136 quam
272 4065 335 4119 sola
352 4064 504 4120 Dominica
519 4067 612 4121 oratio
628 4067 786 4121 diceretur.
804 4066 846 4122 De
873 4067 939 4122 aliis
996 4064 1140 4137 contingit
1157 4067 1188 4119 ut
1202 4080 1261 4120 non
1275 4065 1314 4118 ita
1325 4067 1467 4136 gerantur
1477 4066 1508 4118 ut
1523 4077 1614 4118 unum
1625 4065 1693 4133 post
1706 4061 1805 4117 alteram

109 4169 176 4209 cum
189 4153 415 4224 qumstioesset,
428 4158 463 4207 od
476 4155 608 4210 ultimum
624 4155 731 4210 domno
746 4155 843 4210 abbati
860 4171 939 4210 com·
996 4152 1364 4209 nihilomninodilleratur.
1378 4152 1512 4208 Pulsatio
1529 4166 1657 4223 namque
1671 4152 1804 4224 signorum

108 4242 218 4313 placuit
231 4244 261 4297 et
275 4241 332 4296 hoc
347 4241 485 4296 diitlnivit
500 4245 531 4296 ut
553 4243 589 4297 ad
606 4243 687 4314 ipsas
708 4258 825 4314 quoque
841 4242 939 4298 Oratio
995 4243 1083 4298 citius
1097 4240 1801 4312 estfacta,nibilaliudinterimbabentibusagert

109 4331 260 4386 [lominica
286 4331 442 4400 diceretur,
473 4331 526 4386 sed
556 4333 682 4401 tractim,
712 4330 882 4403 diligenter,
911 4336 940 4386 et
995 4329 1803 4403 nisiquodinchorosedentetleguntPostvesperab

107 4422 216 4474 attente
232 4436 237 4473 :
256 4423 285 4474 et
298 4423 395 4475 tannen
408 4420 463 4474 rite
483 4419 540 4473 illae
555 4420 705 4475 orationes
733 4423 799 4474 ante
823 4421 939 4475 tertiam
995 4436 1089 4490 omna,
1105 4423 1173 4489 post
1186 4435 1311 4488 coenam,
1324 4434 1408 4474 ooeua
1422 4419 1615 4486 servitoruu13
1632 4420 1700 4487 post
1713 4418 1805 4470 caenam

107 4524 166 4564 noa
182 4508 279 4564 solent
295 4513 352 4563 tam
362 4509 565 4579 brevesquam
580 4508 617 4563 ad
627 4508 851 4578 completorium
875 4511 939 4563 ter·
995 4510 1184 4578 servitorum,
1207 4508 1336 4563 olilcium
1351 4522 1406 4578 pro
1420 4505 1585 4576 defunctis3
1599 4510 1669 4575 post
1684 4503 1804 4560 officiam

108 4597 223 4666 minari,
240 4611 295 4651 nec
310 4596 368 4652 illae
378 4600 446 4651 ante
461 4601 634 4668 nocturnos,
651 4597 777 4653 maxime
791 4597 823 4652 in
843 4599 939 4653 nocti·
955 4567 1122 4666 ¹'collatim
1138 4597 1218 4652 etita
1236 4597 1272 4652 ad
1288 4595 1526 4667 completorium.

106 4686 165 4743 bus
180 4685 378 4759 longioribus,
405 4691 463 4740 tam
486 4686 597 4741 breves
612 4702 700 4758 quam
721 4690 788 4742 ante
812 4689 936 4742 tertiam.
1296 4719 1425 4776 CAPUT
1441 4718 1521 4774 XIX·

108 4775 306 4847 Aliaequoque
317 4775 465 4831 orationes
477 4773 605 4846 singulis
616 4774 701 4831 horis
713 4776 936 4846 praemittendae,

107 4863 180 4919 nibil
195 4867 265 4921 suut
278 4864 406 4936 amplius
430 4879 517 4935 quam
542 4865 644 4919 eadem
659 4863 757 4919 Oratio
774 4864 936 4919 Dominica.

107 4953 152 5008 nd
168 4952 248 5009 solas
265 4968 408 5023 vesperas
427 4968 481 5023 pro
492 4952 611 5024 antiquo
626 4968 707 5009 more
719 4952 788 5023 plus
803 4952 937 5025 aliquau-

107 5041 200 5096 tulum
214 5043 428 5113 producuntur,
446 5045 476 5097 ut
491 5040 662 5111 Symbolum
677 5043 882 5112 apostolicum,
910 5043 937 5097 si
1033 5042 1065 5095 ln
1080 5041 1166 5098 tertia
1180 5044 1249 5111 post
1262 5040 1378 5095 Pascha
1393 5038 1557 5110 septimana
1579 5032 1811 5109 responsoriadt

107 5129 234 5200 uidetur,
247 5132 344 5199 possit
359 5131 476 5203 apponi.
493 5131 548 5186 His
572 5135 654 5186 extra
670 5131 802 5185 ordinem
817 5146 869 5201 pro
890 5132 937 5185 in·
999 5128 1462 5203 Apocalypsiinchoataperduas
1473 5128 1655 5198 septimanas
1665 5127 1816 5182 maronia.

997 4829 1041 4883 lu
1056 4828 1147 4883 tertia
1169 4827 1351 4883 bebdomada
1368 4830 1437 4899 post
1452 4824 1580 4894 Pascba,
1607 4830 1637 4879 et
1650 4824 1688 4880 de
1708 4813 1807 4879 ceteris

1157 4915 1295 4989 usquead
1309 4915 1524 4971 decensionem
1540 4914 1672 4969 Domini.

7 5274 17 5287 ,
107 5218 311 5290 terrogatione
329 5225 375 5273 tua
384 5221 516 5290 insertis,
533 5219 720 5275 intendamus
744 5220 778 5274 nd
794 5220 936 5274 circulum
998 5221 1105 5276 Postea
1134 5219 1338 5290 responsoria,
1360 5216 1396 5272 Si
1418 5215 1639 5285 oblituaiuero,
1669 5210 1819 5287 usquead

108 5319 195 5375 quem
218 5305 288 5360 mibi
313 5309 506 5378 proposuisti,
523 5313 552 5363 et
579 5323 633 5379 pro
657 5323 716 5381 quo
737 5324 794 5363 non
814 5324 937 5377 possum
999 5309 1215 5364 escensionem
1234 5307 1359 5361 Domini.
1377 5306 1509 5378 Utraque
1522 5306 1620 5360 auum
1637 5300 1823 5375 responsaria

107 5407 167 5448 non
186 5393 333 5449 sollicitas
348 5409 428 5462 esse,
444 5397 618 5467 usquedum
637 5400 786 5469 uteunque
806 5396 938 5467 perilcia-
998 5403 1154 5470 postquam
1164 5397 1195 5452 in
1211 5412 1269 5452 una
1284 5395 1437 5451 Dominioa
1452 5394 1560 5449 luerint
1576 5397 1703 5448 canum
1719 5394 1752 5449 in
1779 5406 1824 5448 aa·

107 5483 165 5551 tar,
196 5484 228 5538 ut
254 5483 380 5550 primam
412 5483 530 5555 letania,
559 5487 604 5540 sie
632 5486 769 5540 letaniam
804 5486 939 5557 sequitur
998 5486 1093 5542 cunda
1120 5486 1222 5541 ultima
1244 5484 1437 5556 responsoria
1450 5486 1665 5540 nocturnorum
1679 5484 1825 5538 mutantur

107 5570 201 5625 missa
216 5570 406 5642 matutinalia,
426 5573 585 5645 capitulum
609 5575 745 5646 sequitur
759 5573 877 5631 licentia
891 5573 937 5630 lo·
996 5575 1121 5632 cumbis
1136 5575 1313 5645 minoribus,
1322 5576 1354 5629 ut
1363 5577 1420 5644 eet,
1432 5571 1578 5629 Surrexit
1591 5570 1739 5627 Dominus
1745 5572 1832 5629 dese·

107 5659 227 5734 quendi.
991 5664 1096 5739 pulcre
1112 5663 1242 5721 alleluia.
1257 5663 1342 5730 Quod
1353 5663 1452 5734 ipsum
1462 5674 1581 5733 quoque
1597 5660 1697 5733 agitur
1712 5661 1825 5718 iuocta-
