3908 6112
133 360 200 421 717
431 360 781 430 CONSUETUDINES
804 366 1132 434 CLUNIACENSES.
1149 405 1186 418 -
1202 370 1330 435 LIBER
1351 373 1573 440 SECUNDUS.
1803 381 1863 447 718

115 569 183 623 hoe
199 558 259 613 sibi
278 559 422 615 vicarium
438 563 608 618 alterutrius
624 564 749 635 ordinis,
772 566 825 621 ut
818 583 848 621 ιιι
864 569 969 638 quarta
984 551 1010 615 Ᾰ
1027 585 1118 626 cornu
1133 570 1235 625 altaris
1249 576 1277 627 et
1291 574 1491 644 superficiem,
1510 577 1545 631 ad
1563 581 1627 633 extr
1630 596 1727 636 emam
1744 582 1862 638 sinistri

115 647 403 718 seriaetSebhat03
420 652 968 726 manuinteriusmissabenequeque
1027 658 1389 732 taciemetsupertleiem.
1415 663 1445 717 Si
1464 680 1536 719 vere
1558 666 1623 720 dies
1646 669 1741 724 tostus
1763 672 1858 744 adest,

114 745 157 799 in
171 736 345 806 fundorpse
361 737 437 792 calix
453 738 643 809 confricetur
661 756 696 795 ne
713 742 789 797 terte
805 744 968 814 aliquantu·
1026 749 1155 819 quinquo
1179 750 1228 803 illa
1249 751 1350 804 altaria
1371 752 1544 823 principalia
1563 770 1598 824 pr
1601 771 1697 811 oxima
1714 758 1858 831 incensat,

112 834 188 889 lum
205 823 323 879 fetiscat
332 829 456 896 propter
468 826 527 881 vini
540 829 675 883 crebram
687 830 877 886 inlusionem.
889 831 969 904 Ergo
1026 841 1054 891 ct
1069 837 1140 891 illud
1151 839 1186 892 ad
1197 839 1275 909 quod
1287 846 1449 895 contentus
1461 842 1497 896 ad
1509 860 1651 914 resperas
1663 849 1691 900 et
1701 848 1858 904 matutinas

114 916 243 977 lavatus
258 917 426 984 reportatur
439 918 468 969 et
482 920 602 986 ponitur
617 933 710 988 super
724 921 924 975 armariolum.
1025 924 1128 980 laudes
1145 927 1196 981 ivit
1212 928 1261 982 ubi
1277 936 1305 983 et
1321 945 1426 985 cereus
1442 932 1522 985 tnm'
1516 949 1545 987 ιιι
1559 936 1645 988 noete
1661 951 1748 1005 quam
1762 937 1793 990 in
1810 937 1858 993 die

163 1001 372 1057 Subdiaeonus
388 1005 534 1073 anticipat·
541 1005 641 1060 lavare
663 1023 779 1075 manue,
797 1009 856 1063 nt
849 1026 913 1079 ipsc
930 1011 967 1064 ad
1024 997 1115 1051 flfdssi

117 1090 272 1156 minister
265 1107 324 1144 rum
335 1091 437 1146 calicis
450 1093 489 1146 sit
499 1096 640 1164 peratus3
657 1112 745 1167 quem
755 1098 882 1166 interim,
897 1099 965 1153 dum
1059 1086 1226 1142 N0¹⁰¹¹dt¹m
1241 1092 1337 1144 autem
1352 1091 1454 1160 (ιῦθᾶ
1447 1108 1475 1145 ¹¹1
1491 1093 1629 1147 0m⁰¹b118
1647 1094 1752 1150 dwhtls
1769 1096 1857 1152 festis

122 1179 322 1252 Evangetium
337 1180 457 1252 legitur,
472 1183 623 1253 accipiens
636 1184 724 1238 simul
741 1202 806 1239 cum
818 1188 965 1257 corporali
1023 1178 1051 1229 et
1066 1175 1228 1231 Dominicis
1244 1178 1279 1231 ad
1295 1179 1436 1249 majorem
1454 1181 1576 1235 missam
1590 1184 1735 1252 praedicta
1752 1186 1856 1240 altaria

123 1276 157 1330 et
170 1272 283 1338 patena,
306 1271 459 1338 experitur
473 1271 499 1323 si
516 1271 585 1342 qnid
605 1287 690 1343 aquae
704 1274 735 1327 in
751 1273 801 1329 illo
824 1277 967 1332 remansit
1022 1263 1068 1317 bis
1085 1264 1285 1335 5⁰⁰⁰¹³S³⁰tt¹¹b
1303 1267 1718 1342 lit'ifflOVide'isssslP081qu‘lffl
1736 1274 1855 1329 00¹¹f08·

126 1362 204 1416 inter
216 1356 385 1427 lavandum,
402 1361 431 1413 et
451 1357 573 1415 effundit
589 1361 618 1415 in
634 1377 753 1416 caveam
776 1362 812 1417 de
828 1363 963 1420 lateritiis
1022 1353 1136 1407 sionem
1152 1371 1236 1408 suam
1248 1357 1390 1410 sacerdos
1401 1358 1581 1413 etdiaconns
1593 1359 1726 1430 iecerint,
1744 1365 1855 1433 etpost
1870 1376 1879 1408 ¹·

127 1446 235 1518 tegulis
250 1445 359 1501 tectam
369 1447 399 1502 in
413 1447 546 1518 proxime
562 1450 675 1519 altaris,
689 1450 766 1504 sicut
778 1452 870 1505 altera
886 1453 963 1509 saeta
1021 1440 1210 1498 Offssrffltdflm·
1226 1444 1367 1499 Similiter
1382 1447 1418 1499 ssd
1433 1447 1586 1518 minorem,
1603 1449 1640 1502 1111
1654 1466 1741 1520 quum
1753 1453 1851 1506 omnia

133 1539 177 1592 est
191 1535 339 1605 paululum
355 1537 511 1606 remotius,
533 1538 584 1591 ubi
601 1538 679 1593 idem
704 1539 918 1612 subdiaconem,
935 1545 964 1598 et
1020 1531 1106 1602 εἰ81111
1122 1533 1292 1600 pulsesstffl'i
1307 1535 1432 1603 privatis
1448 1551 1518 1590 11θ10
1535 1536 1641 1592 diebus
1655 1540 1692 1593 1111
1708 1539 1852 1611 maj01'0m

135 1625 178 1679 alii
192 1623 386 1692 subministri,
398 1640 504 1680 manus
519 1641 609 1695 super
625 1642 659 1681 aa
674 1627 783 1683 lavent.
801 1628 862 1683 Stat
875 1629 963 1701 juxta
1018 1621 1141 1674 missam
1158 1623 1249 1676 semel
1264 1622 1419 1678 incensum
1434 1623 1564 1694 Offel'tffl',
1579 1627 1693 1682 seilicet
1704 1634 1770 1698 POSi
1782 1629 1852 1686 Offe-
1875 1660 1886 1687 .-

137 1712 321 1778 aaeerdotem,
335 1728 430 1784 usque
444 1714 513 1768 dum
523 1714 719 1787 Evangelium
733 1716 861 1773 liniatur.
874 1719 962 1774 Ponit
1018 1709 1151 1777 1011111111,
1164 1714 1193 1765 et
1204 1712 1389 1767 SOlummodo
1402 1729 1488 1768 sacto
1503 1715 1621 1786 oblati0,
1634 1733 1700 1787 qum
1713 1721 1760 1773 eat
1769 1719 1799 1771 in
1810 1720 1852 1773 al-

142 1801 281 1870 cerporale
292 1816 384 1871 super
392 1802 493 1871 altere,
504 1803 626 1858 calicem
637 1805 769 1860 retinens
777 1811 806 1861 et
814 1809 960 1880 petenem3
1016 1798 1072 1851 tari
1082 1799 1245 1870 principali,
1259 1801 1437 1856 incensatur.
1451 1803 1496 1856 Ad
1507 1803 1649 1873 majorem
1659 1806 1782 1860 missam
1792 1808 1852 1862 nisi

141 1891 281 1943 conlator
304 1890 490 1946 sacerdotem
513 1893 730 1961 praecedentem
749 1894 962 1966 aliquantulam
978 1922 1001 1983 Β
1017 1886 1103 1959 Signa
1112 1889 1276 1959 pulsentur,
1287 1891 1600 1962 nunquaminoonsum
1611 1892 1741 1949 offertur.
1751 1894 1850 1951 Seien·

149 1981 233 2032 eontra
247 1977 358 2032 tratres
372 1982 406 2033 ul
427 1996 443 2033 a
467 1979 595 2051 singulis
612 1980 751 2036 efferatur
767 1999 773 2037 :
799 1999 815 2036 a
837 1984 960 2041 diacono
1016 1977 1084 2031 dum
1096 1993 1212 2049 quoque
1224 1979 1361 2049 quonium
1373 1980 1437 2034 sivo
1449 1985 1509 2035 tres
1521 1982 1585 2036 sivo
1598 1982 1728 2054 quinquo
1741 1984 1849 2041 hostiae

143 2078 202 2136 aqua
223 2070 252 2121 et
279 2067 498 2140 manutergium
524 2071 703 2139 apportatur,
735 2075 763 2125 et
789 2079 962 2128 reverenter
1016 2071 1239 2136 consecrentur,
1256 2083 1376 2138 semper
1391 2071 1669 2125 sacerdesmediam
1685 2073 1802 2144 accipit,
1820 2076 1850 2129 et

144 2154 297 2225 exhibetur3
312 2157 363 2227 qui
380 2157 484 2210 lavatis
502 2157 638 2212 manibus
663 2159 776 2214 aceedit
797 2161 833 2214 ed
857 2162 958 2230 altere,
1015 2171 1082 2209 cum
1104 2157 1169 2226 ipsa
1193 2172 1298 2211 eruces
1313 2158 1344 2211 in
1359 2157 1451 2212 calice
1467 2158 1546 2229 tacit,
1563 2160 1718 2231 ipsamque
1733 2161 1847 2231 dividit,

143 2245 198 2298 etat
211 2243 257 2298 bic
273 2245 392 2314 proprie
407 2244 503 2298 dicam
518 2245 554 2300 de
565 2245 671 2317 mejeri
684 2248 788 2318 misse,
800 2252 958 2321 utrumque
1015 2246 1044 2298 et
1059 2260 1146 2299 unam
1165 2247 1337 2316 particulam
1353 2246 1383 2300 in
1407 2248 1583 2318 sangninem
1607 2249 1701 2318 mittit,
1725 2252 1754 2303 et
1776 2265 1847 2305 sese

141 2332 287 2402 corporale,
299 2333 347 2387 rel
361 2334 440 2403 quod
451 2334 481 2387 in
496 2334 580 2388 altari
593 2350 713 2406 semper
718 2336 810 2406 jacet,
822 2338 870 2392 vel
881 2339 961 2411 qued
1014 2334 1120 2403 media,
1131 2334 1285 2389 diaconum
1295 2334 1407 2406 reliqua
1417 2337 1634 2392 communicare
1643 2353 1701 2392 nen
1710 2338 1846 2410 negligit.

139 2419 958 2497 subdiaconusapportavit,aecipiensexpandit;pollieem
1049 2423 1210 2493 Postquam
1225 2426 1321 2478 autem
1335 2423 1477 2479 diaconus
1494 2425 1595 2494 altare,
1611 2425 1658 2480 vel
1674 2426 1783 2480 sitatis
1799 2429 1847 2481 est

134 2504 221 2564 ιιιιιοιι
235 2512 265 2565 et
275 2508 402 2564 indicem
414 2510 568 2582 utriusque
582 2527 686 2567 manus
698 2514 883 2569 combinatos
895 2515 959 2570 dili·
1015 2512 1089 2581 dice,
1106 2512 1205 2566 altaria
1222 2512 1431 2585 incensaverit,
1444 2519 1472 2569 et
1482 2513 1609 2584 aliquem
1621 2515 1785 2585 epicopum,
1797 2515 1846 2570 vel

131 2600 228 2667 genter
244 2597 433 2670 constringit,
449 2614 486 2654 ne
500 2599 548 2654 vel
564 2600 630 2669 ipsa
650 2603 816 2672 corporalia
831 2619 897 2658 cum
915 2605 959 2658 eis
1014 2600 1160 2669 abbatem,
1178 2602 1203 2655 si
1228 2601 1303 2656 torte
1319 2601 1444 2672 affuerit,
1457 2603 1542 2673 juxta
1561 2604 1726 2658 columnam
1741 2603 1847 2659 ciborii

127 2684 231 2758 tangat,
259 2701 327 2740 cum
352 2687 461 2757 quibus
486 2687 600 2742 hostias
626 2688 746 2744 hebebit
770 2692 800 2746 in
823 2692 958 2762 proxime
1013 2692 1107 2758 stane,
1124 2689 1306 2744 thuribulum
1322 2706 1469 2745 converse
1479 2691 1584 2761 reddit,
1601 2706 1690 2762 aque
1702 2695 1730 2746 et
1744 2692 1846 2747 ineen-

123 2772 246 2846 tmgere
261 2777 290 2830 et
306 2777 443 2830 tractare.
460 2775 669 2832 consummata
688 2782 785 2834 autem
812 2780 959 2836 oblatione
1013 2781 1105 2846 satur,
1118 2781 1146 2833 et
1160 2778 1268 2832 ibidem
1284 2783 1382 2834 manet
1395 2779 1528 2847 acclinis,
1546 2780 1623 2833 sicut
1638 2780 1674 2833 ad
1689 2780 1801 2850 primas
1817 2783 1846 2836 et

116 2863 264 2920 sacerdos
275 2879 394 2935 queque
402 2864 481 2918 lavat
490 2881 605 2935 manns,
616 2881 728 2921 cavens
739 2872 767 2921 et
778 2869 843 2937 ipse
854 2873 957 2939 postea
1012 2865 1129 2919 ultimas
1145 2866 1294 2933 collectae,
1307 2866 1401 2920 donec
1417 2867 1481 2921 Per
1490 2868 1585 2920 emnia
1597 2866 1703 2921 saecula
1718 2867 1838 2923 saccale·

113 2962 156 3007 ne
178 2951 260 3006 eliud
283 2951 354 3023 quid
380 2954 480 3024 tangat
500 2969 567 3007 cum
589 2954 691 3026 digitis
713 2957 822 3026 quibua
848 2973 958 3028 eorpus
1011 2969 1076 3008 ram
1101 2954 1291 3008 asaeerdote
1316 2954 1439 3009 dicatur.
1463 2954 1637 3009 Conversus
1662 2971 1790 3026 quoque,
1817 2956 1845 3009 si

111 3036 234 3096 Domini
250 3041 496 3111 esitungendum.
512 3041 721 3098 Subdiaeonus
733 3045 956 3114 portathostias
1012 3057 1103 3112 cappa
1118 3045 1164 3096 est
1180 3043 1208 3095 in
1225 3043 1328 3110 chero,
1346 3043 1428 3111 prius
1444 3043 1524 3097 illum
1541 3044 1675 3097 incensat
1689 3043 1740 3113 qui
1755 3058 1790 3097 ea
1803 3043 1845 3096 in·

107 3129 151 3184 ud
159 3129 320 3184 diaconum
331 3145 421 3184 secus
436 3130 527 3186 altare
538 3134 665 3187 stantem
680 3136 750 3187 etse
763 3135 954 3205 operientem,
1010 3129 1099 3184 dutus
1114 3133 1174 3199 est3
1198 3130 1302 3184 deiude
1318 3130 1463 3199 incipiens
1479 3147 1495 3184 a
1511 3131 1615 3184 dextra
1637 3130 1740 3184 eodem
1756 3130 1843 3185 mede

108 3221 147 3273 ut
160 3219 200 3274 de
215 3218 355 3274 omnibus
369 3221 441 3287 trec,
458 3234 533 3290 quas
555 3222 691 3291 voluerit,
712 3223 802 3293 eligat
822 3223 859 3276 ad
883 3239 956 3278 cen·
1010 3222 1038 3273 et
1053 3221 1155 3274 ordine
1171 3219 1352 3274 thuribulum
1363 3223 1467 3288 portat,
1481 3235 1539 3290 que
1550 3219 1688 3289 superius
1700 3219 1841 3289 diximuS,

108 3306 311 3372 sacrandum
342 3310 465 3377 prepter
493 3309 572 3379 quod
601 3310 726 3364 dimissa
754 3314 859 3380 patena
889 3328 956 3366 cum
1010 3308 1057 3363 his
1074 3309 1122 3379 qui
1139 3309 1252 3362 suntin
1268 3308 1359 3362 chero
1377 3307 1482 3378 majori
1498 3307 1545 3362 vel
1565 3308 1758 3377 minori3bee
1774 3309 1843 3379 plus

106 3392 225 3451 hostiis
256 3410 349 3465 super
369 3395 470 3464 altare,
500 3398 612 3466 vinum,
638 3399 716 3469 quod
745 3400 874 3454 oblatum
899 3404 954 3471 est,
1009 3397 1155 3465 iaciendo,
1178 3397 1257 3468 quod
1273 3397 1303 3450 in
1319 3397 1460 3450 minorem
1487 3397 1610 3450 chorum
1626 3397 1685 3450 exit
1707 3397 1790 3466 prius
1805 3398 1843 3451 ad

108 3482 252 3538 funditur
274 3483 311 3538 ab
335 3485 404 3554 ipso
425 3500 544 3556 queque
570 3487 754 3541 subdiacone
779 3489 807 3542 in
831 3489 954 3544 alterum
1010 3486 1841 3556 dexteram,posteaadsinistram.PostlreeveroexieuS,

109 3573 249 3642 calicem,
264 3575 435 3644 tantumque
451 3574 592 3645 relinquit
609 3576 687 3646 quod
704 3576 815 3631 suffieit
829 3578 865 3630 ad
881 3593 954 3632 eon·
1009 3577 1144 3631 incensat
1159 3591 1212 3629 ees
1235 3576 1283 3645 qui
1301 3577 1383 3629 extra
1399 3575 1523 3630 chorum
1546 3578 1623 3642 sunt,
1641 3575 1788 3645 incipieus
1805 3574 1842 3628 ab

113 3662 324 3716 secretionem.
333 3661 379 3715 Ad
389 3663 467 3732 qued
475 3664 572 3717 tamen
582 3663 714 3733 ipsenou
723 3666 827 3719 miscet
836 3682 952 3736 aquam,
1010 3665 1129 3719 introitu
1146 3665 1228 3718 chori
1241 3665 1270 3717 in
1281 3664 1428 3732 superiori
1439 3669 1530 3733 parte,
1544 3664 1650 3718 deinde
1665 3664 1751 3732 alios,
1765 3665 1843 3717 sieut

115 3750 185 3820 qnia
200 3751 227 3804 ei
241 3765 297 3805 nec
322 3750 422 3805 irinum
438 3767 494 3806 nee
509 3767 615 3823 aquam
630 3753 700 3807 lieet
715 3753 882 3823 infundere,
901 3757 954 3809 sed
1010 3753 1115 3807 suntin
1126 3753 1302 3807 stationibus
1312 3754 1436 3822 suisper
1446 3753 1842 3822 circuitum,postremoipsa

120 3836 232 3892 allatam
247 3839 405 3910 ampullam
432 3855 517 3910 aquae
533 3841 621 3895 simul
638 3858 704 3895 eum
721 3843 813 3897 calice
828 3845 876 3897 dat
891 3844 955 3898 dia·
1007 3841 1121 3895 minora
1137 3841 1238 3894 altaria
1254 3857 1320 3913 quae
1341 3845 1408 3896 sunt
1422 3857 1513 3910 prope
1525 3842 1659 3910 chorum,
1671 3856 1766 3913 quaea
1781 3840 1841 3893 dia-

126 3940 202 3995 cone,
228 3931 261 3982 ut
283 3928 333 3982 ille
356 3928 494 3999 misceat,
520 3929 569 3984 dat
595 3932 623 3984 et
648 3931 798 3985 linteolum
824 3936 854 3986 ut
879 3932 954 3986 calix
1008 3946 1082 3984 cono
1094 3944 1152 3983 non
1163 3930 1363 3996 incensantur,
1377 3931 1406 3984 in
1416 3930 1657 4000 anterioriparte,
1671 3931 1699 3983 et
1709 3930 1739 3983 in
1750 3929 1842 3983 latere

129 4013 230 4071 deteris
242 4019 378 4088 tergatur
402 4017 569 4088 diligenter,
595 4033 631 4073 ne
649 4019 723 4073 torte
740 4020 810 4090 quid
832 4020 893 4073 vini
908 4021 953 4074 vel
1009 4019 1123 4084 dextre,
1141 4021 1169 4071 et
1192 4019 1222 4070 in
1238 4017 1370 4085 sinistro,
1388 4033 1445 4072 nen
1469 4022 1565 4072 tamen
1579 4018 1733 4087 praesumit
1750 4033 1843 4087 super

134 4116 202 4174 aquae
224 4105 360 4161 exterius
383 4109 546 4177 remaneat,
564 4109 592 4160 et
616 4111 822 4162 consecratum
843 4112 952 4178 pereat.
1009 4107 1099 4162 altare
1114 4122 1232 4160 manum
1248 4106 1417 4160 extendere.
1429 4106 1510 4170 Quod
1523 4107 1548 4159 si
1562 4106 1690 4175 aliquem
1702 4106 1842 4159 sacerdo-

136 4187 184 4246 llae
195 4194 258 4249 rice
268 4209 330 4249 nen
340 4197 424 4249 cavet
435 4195 545 4266 digitos
557 4195 711 4266 diaconae,
725 4213 851 4267 quorum
862 4214 953 4267 supra
1008 4199 1066 4251 tem
1081 4196 1204 4249 missam
1220 4195 1259 4248 ibi
1284 4198 1447 4248 cantantem
1463 4192 1627 4261 offenderit,
1650 4191 1698 4246 vel
1713 4193 1778 4261 ipse
1792 4194 1841 4247 vel

138 4284 245 4352 nemini,
255 4282 443 4356 disjungere,
453 4284 568 4354 quibas
578 4285 953 4358 hostiasjamposuitqaas
1008 4284 1161 4352 diaeonus,
1176 4284 1201 4337 ei
1213 4286 1412 4350 competenter
1422 4283 1483 4336 lieri
1497 4284 1605 4352 potest,
1621 4281 1648 4335 ei
1659 4280 1841 4335 thnribulum

92 4420 94 4427 .
140 4372 364 4442 “otpoeituru83
381 4373 469 4428 etsie
496 4374 613 4429 tandem
639 4375 731 4429 calice
752 4390 843 4445 super
863 4375 952 4429 attare
1007 4372 1099 4440 offert,
1117 4372 1224 4441 etipse
1240 4371 1393 4426 altarevel
1409 4387 1524 4425 sacram
1544 4370 1722 4425 oblationem
1737 4369 1837 4423 inecn«

92 4446 95 4511 l
140 4457 223 4531 ecrite,
239 4460 444 4516 subdiaconus
464 4478 529 4516 cum
545 4467 650 4532 patena
667 4467 694 4519 et
708 4464 834 4533 ampulla
851 4479 954 4518 rever·
1006 4476 1088 4529 sane,
1105 4462 1131 4515 ei
1147 4459 1330 4515 thuribulum
1343 4460 1448 4528 reddit,
1463 4460 1586 4531 ipseque
1615 4472 1780 4513 conversus
1791 4457 1839 4510 vel

92 4586 97 4641 ,
112 4546 117 4557 '
141 4540 339 4618 tempsanum
350 4550 460 4604 hostiis
473 4550 609 4606 refertam
618 4554 700 4622 ponit
710 4568 801 4622 super
812 4553 953 4606 armario-
1007 4550 1150 4605 diaeonus
1167 4565 1233 4603 eum
1244 4552 1415 4602 reverenter
1429 4549 1595 4616 incensare,
1608 4550 1636 4601 et
1646 4547 1778 4601 casulam
1793 4545 1839 4598 in·

92 4652 95 4677 =
140 4625 443 4708 len,etampo11amin
458 4638 525 4694 loeo
536 4657 593 4711 quo
605 4641 681 4695 solet
692 4641 854 4695 reservari.
868 4631 989 4695 Acci-D
1007 4642 1050 4693 ter
1065 4638 1187 4693 brachia
1212 4642 1312 4707 aptare
1334 4653 1392 4691 non
1417 4638 1550 4709 negligit.
1568 4636 1640 4690 Cum
1655 4639 1753 4689 autem
1777 4633 1841 4687 Per·

93 4728 96 4735 '
141 4720 258 4784 eruam
277 4728 416 4797 patenam
430 4731 600 4800 argenteam
623 4730 699 4783 intra
725 4730 878 4784 scutellam
900 4747 953 4784 au·
1006 4729 1102 4785 omnia
1126 4727 1244 4796 saecuta,
1268 4730 1335 4795 ete,
1352 4729 1419 4781 ante
1435 4725 1638 4795 praefationem
1660 4723 1795 4791 audierit,
1813 4722 1841 4777 si

141 4816 413 4890 commenditum,
439 4821 467 4872 et
489 4818 577 4889 tergit
605 4819 739 4873 studiose
766 4835 833 4872 cum
855 4834 952 4887 panno
1003 4816 1064 4888 jam
1080 4818 1116 4871 cle
1127 4815 1319 4872 incensandis
1335 4815 1477 4870 altaribus
1493 4813 1588 4882 rediit,
1605 4812 1652 4866 vel
1668 4812 1696 4865 si
1708 4812 1749 4864 ibi
1764 4827 1840 4881 prae·

141 4901 330 4960 merissime
345 4920 438 4975 prope
452 4905 640 4961 armariolum
652 4910 772 4976 propter
785 4906 842 4961 hec
857 4907 954 4975 ipsum
1006 4923 1077 4961 sens
1093 4911 1149 4974 est,
1162 4911 1193 4960 ut
1207 4907 1237 4959 in
1251 4905 1375 4975 privatis
1390 4904 1506 4969 diebus,
1523 4902 1603 4956 vadit
1619 4904 1686 4971 post
1701 4899 1839 4955 sacerdo·
1860 4926 1869 4955 ι

138 4980 225 5062 taetra·
233 4994 392 5065 pendente,
410 4998 438 5049 et
452 4996 555 5065 postea
571 4996 769 5050 eumlinteelo
785 4996 911 5050 honeste
925 4999 954 5049 et
1007 4998 1064 5048 tem
1084 4999 1179 5063 retr03
1196 4994 1273 5064 quod
1290 4993 1317 5046 si
1339 4992 1469 5046 nondum
1483 4991 1614 5060 redierit,
1640 5005 1709 5042 mox
1724 4988 1775 5042 nbi
1790 5004 1839 5043 re-

139 5086 287 5138 orerenter
309 5083 444 5138 involvit.
467 5081 616 5139 Sacerdos
640 5084 757 5139 interim
778 5084 900 5138 calicem
926 5089 954 5138 et
1008 5082 1104 5149 dierit,
1125 5082 1196 5136 illud
1221 5083 1297 5136 idem
1325 5080 1410 5149 incit3
1439 5081 1557 5148 etpost
1580 5079 1737 5132 diaconum
1760 5076 1841 5133 vadit

140 5158 242 5225 taliam
256 5171 429 5240 incensans,
450 5171 521 5226 tacit
536 5187 602 5226 eum
618 5173 742 5228 incenso
758 5188 849 5243 super
865 5174 951 5227 ambe
1008 5171 1220 5239 subdiaconus,
1231 5185 1318 5224 manu
1329 5168 1688 5223 sursumextentatenens
1704 5169 1840 5235 patenam

116 5323 120 5331 ι
139 5249 183 5309 tue
195 5273 312 5326 crucae,
325 5259 354 5313 et
368 5273 458 5312 unum
470 5260 555 5330 quasi
567 5261 721 5333 circulum,
734 5263 869 5317 incensat
880 5277 951 5333 que·
1007 5261 1045 5314 ita
1066 5263 1097 5314 ut
1117 5259 1291 5331 praedictum
1307 5262 1353 5312 est
1374 5259 1551 5325 coopertam,
1577 5257 1605 5309 et
1629 5253 1658 5308 in
1683 5253 1840 5309 duodecim

139 5352 177 5411 lue
190 5350 291 5402 contre
316 5348 439 5418 utraque
456 5348 558 5402 altaris
577 5365 686 5403 cornua
703 5350 838 5405 dextrum
865 5355 893 5406 et
908 5351 952 5405 si·
1007 5348 1183 5402 lectionibus
1197 5347 1253 5401 hee
1265 5346 1340 5400 solet
1351 5346 1448 5399 tacere
1460 5359 1537 5399 anus
1548 5342 1763 5411 ministrorum,
1780 5358 1839 5395 ma·

136 5429 251 5505 tietrum,
262 5439 404 5506 quantum
414 5451 531 5490 manum
541 5437 698 5492 extendere
708 5440 813 5507 possit,
824 5441 950 5509 podibus
1006 5452 1079 5491 nens
1089 5438 1156 5504 post
1165 5435 1388 5489 subdiaconum.
1399 5431 1453 5497 Qui
1464 5431 1580 5502 quando
1589 5430 1658 5485 illue
1668 5430 1837 5497 adveniunt,

134 5515 211 5578 tuen
227 5523 358 5578 immotis
366 5541 374 5590 ;
387 5523 492 5581 deinde
504 5526 601 5581 reddit
617 5526 799 5580 thuribulum
815 5528 949 5598 diacono,
1005 5525 1092 5579 altius
1105 5523 1254 5590 inclinant,
1266 5521 1357 5575 erecti
1368 5523 1471 5590 postea
1483 5523 1596 5575 stantes
1608 5520 1702 5575 denec
1711 5519 1840 5573 Sanctus

133 5609 267 5681 pierius
291 5611 430 5668 ineenset
452 5616 647 5684 sacerdotem,
671 5617 700 5670 et
723 5616 855 5670 casulam
876 5616 951 5671 inter
1004 5613 1171 5684 incipiatur.

131 5692 238 5757 buchia
252 5715 363 5757 versus
377 5702 472 5774 pedes
495 5703 600 5775 trahit,
614 5707 718 5776 postea
734 5703 841 5761 taciem
858 5705 953 5759 dextri
1041 5701 1086 5757 Ex
1102 5701 1170 5759 hine
1185 5700 1328 5757 sacerdes
1345 5700 1442 5759 omnia
1457 5700 1561 5757 eodem
1575 5697 1662 5753 modo
1673 5693 1743 5766 agit,
1761 5692 1838 5746 sicut

100 5912 127 6019 t
