3900 6112
105 301 183 366 1171

468 293 686 361 sauream
708 270 980 358 uiuarnnma
1001 289 1192 358 uonaoru
1208 289 1428 359 aunanter.

1738 291 1816 357 1172

108 494 182 549 rima
197 491 295 547 classe
310 491 385 561 apud
401 489 559 545 Duraeium
575 489 632 543 sibi
648 493 848 559 occurrant,ut
860 490 886 544 si
897 471 978 544 ibid
996 483 1830 558 vit.lpsiinportumurbis,undeexierant,regrediuninr;

109 582 185 637 forte
200 581 295 635 nostri
319 579 397 634 bello
413 579 449 633 ab
474 579 540 649 ipso
564 578 680 646 devicti,
708 577 856 649 fugientes
888 593 941 648 per

110 685 190 724 mare
202 669 327 723 evadere
345 669 517 735 niterentur,
530 667 566 721 ab
584 666 659 736 ipsis
670 667 765 721 navali
783 667 941 721 certamino

111 756 264 829 praeventi,
275 756 392 810 facilius
403 755 553 824 intercepti
561 754 845 825 perimerentrrr.Qui
854 754 942 825 jussa

111 843 238 899 fideliter
249 842 430 912 complentes
451 843 579 896 classem
595 842 770 909 accelerant,
787 841 943 911 triduoque

112 934 179 987 anto
189 931 246 985 sihi
257 930 410 999 praefixum
426 931 461 984 ab
473 930 648 1000 imperatore
658 930 823 996 terminum,
836 945 943 984 versus

114 1020 272 1074 Duraoium
284 1019 441 1072 adventare
455 1033 472 1070 a
487 1018 599 1072 nostris
614 1018 728 1073 eminus
744 1019 773 1071 in
789 1018 864 1071 mari
879 1033 946 1072 con·

115 1107 289 1177 spiciuutur.
301 1107 344 1160 hd
354 1121 479 1177 quorum
489 1105 624 1160 intuitum
632 1106 725 1160 nostri
733 1108 761 1158 in
770 1121 852 1159 arma
862 1121 945 1160 ruen-

116 1200 172 1263 tes,
184 1195 280 1249 navali
291 1209 459 1265 congressu
470 1193 635 1248 dimicaturi
644 1193 781 1248 hostibus
791 1194 948 1263 promptis·

117 1282 192 1336 simo
208 1297 367 1337 occurrere
378 1281 552 1336 accelerant.
574 1280 681 1352 Sicque
696 1297 750 1352 per
764 1285 852 1336 totum
870 1282 948 1336 diem

117 1372 254 1441 utrinque
264 1372 424 1425 accerrime
436 1386 633 1441 congressum
642 1373 697 1424 cst.
708 1372 744 1424 ht
754 1371 887 1442 cuminm
900 1370 947 1424 die

116 1459 313 1531 refrigerante
324 1459 369 1512 sel
379 1459 415 1511 ad
428 1474 566 1513 oceasum
574 1474 704 1530 vergens
715 1459 842 1530 liquidas
854 1459 948 1513 undas

117 1548 226 1604 Oceani
235 1547 320 1617 quasi
330 1547 498 1600 subintrare
509 1546 849 1615 videreturprmvaleute
860 1546 950 1602 hosti·

118 1639 177 1694 bus
200 1635 373 1690 strenuitate
393 1637 572 1701 nostrorum,
589 1634 742 1690 Venetiaui
765 1636 880 1690 viribus
900 1651 949 1690 ex-

119 1725 229 1793 hausti,
242 1723 417 1777 deditionem
433 1723 617 1791 pollicenteS,
636 1739 738 1792 pacem
758 1724 950 1794 induciasque

998 577 1093 631 nostri
1107 592 1190 644 vero,
1202 577 1253 632 nbi
1267 576 1354 648 prius
1368 576 1579 647 applicuerant,
1595 573 1777 646 persistunt.

1290 663 1416 719 CAPUT
1432 665 1538 719 xxvi.

1152 752 1220 807 Dux
1233 768 1296 807 oum
1315 754 1497 824 imperatore
1508 752 1680 824 praeliatur

1036 841 1159 896 Porro'
1151 855 1182 894 ιιι
1203 842 1333 896 crastino
1357 840 1613 896 summodilueulo
1630 821 1827 910 illucescente,

1002 943 1104 983 mense
1118 928 1237 983 Octobri
1252 929 1389 997 instante,
1406 929 1475 983 dnm
1490 944 1559 998 pars
1574 928 1728 983 exercitus
1743 926 1829 982 nostri

1002 1017 1141 1085 pabulum
1163 1017 1352 1088 quaesitum'
1345 1033 1387 1071 ire
1416 1019 1601 1087 appararent,
1629 1018 1827 1087 imperatorem

1003 1120 1069 1160 curn
1081 1105 1345 1160 innumerabilibus
1362 1106 1456 1175 copiis
1466 1104 1627 1160 adventare
1636 1120 1692 1176 per
1707 1104 1826 1176 signatu

1004 1193 1223 1248 summitatibus
1239 1193 1389 1247 hastilium
1400 1194 1516 1248 eminus
1527 1193 1719 1248 eventilantia
1733 1192 1826 1263 depre-

1004 1281 1145 1336 hendunt.
1162 1281 1207 1335 Fit
1223 1296 1388 1337 concursus
1403 1285 1431 1337 et
1445 1282 1589 1351 strepitus
1602 1283 1633 1335 in
1644 1280 1753 1335 castris
1765 1296 1773 1350 3
1785 1279 1824 1334 alii

1005 1372 1163 1438 terrentur,
1189 1370 1239 1423 alii
1266 1371 1363 1424 animo
1387 1370 1594 1440 promptiores,
1627 1371 1728 1425 minus
1746 1369 1822 1424 fortes

1006 1458 1206 1528 exhortantes,
1219 1459 1381 1513 recreando
1391 1459 1577 1513 robustiores
1586 1457 1670 1513 fiunt.
1688 1458 1753 1511 Dux
1767 1472 1821 1511 vero

1005 1547 1110 1601 videns
1122 1546 1180 1600 sibi
1189 1546 1259 1601 belli
1270 1550 1419 1601 certamen
1428 1547 1594 1616 imminere,
1606 1550 1638 1600 ut
1647 1547 1716 1600 suis
1726 1560 1820 1600 omnen
1867 1600 1869 1609 ,

1006 1649 1090 1703 spem
1102 1633 1180 1705 fugae
1189 1634 1350 1689 auferendo
1366 1635 1403 1689 ad
1415 1633 1622 1689 defensionem
1632 1635 1681 1688 sui
1689 1634 1818 1687 ardentius
1865 1634 1869 1671 ¹.

1006 1723 1209 1792 inflammaret,
1224 1738 1400 1778 navessuas
1411 1724 1513 1776 amari
1530 1720 1818 1792 protectasffltlton·

120 1828 217 1884 usquo
232 1811 444 1876 incrastinum,
461 1825 537 1879 quos
553 1811 620 1864 duci
632 1827 685 1882 pro
698 1811 781 1866 libitu
796 1828 850 1866 suo
863 1813 951 1866 frede·
968 1845 973 1903 ἰ

122 1904 224 1955 rentur
234 1899 431 1968 expostulant.
439 1898 557 1968 Siequo,
568 1900 678 1954 nostris
689 1900 767 1970 quod
779 1900 954 1970 expetebant

122 1988 289 2043 inconsulto
301 1986 542 2054 concedentibus,
555 1989 836 2043 certamenhacvire
849 1989 955 2043 scindi·

123 2079 170 2130 tur
193 2075 287 2129 nostri
316 2075 345 2128 in
369 2077 483 2143 portum
510 2091 598 2129 snum
631 2081 827 2132 revertuntur.
854 2077 956 2131 Nostri

123 2166 233 2234 itaque,
255 2162 411 2216 deditionis
434 2161 509 2216 falsa
532 2164 741 2231 pollicitatione
762 2165 872 2235 delusi,
901 2181 957 2236 per

125 2255 214 2307 totam
228 2254 353 2319 noctem,
370 2251 456 2320 quasi
477 2249 538 2321 jam
563 2251 665 2306 hostes
681 2253 954 2326 triumphavissent,

126 2340 298 2413 gloriantes,
311 2340 379 2392 ilum
391 2354 486 2409 usque
499 2339 528 2392 in
539 2341 702 2395 erastinum
713 2343 850 2396 securius
866 2344 955 2397 susti·

125 2427 957 2504 nent,Venetianinavessnuspluribuseommeatibusag·

126 2518 278 2587 gregatas,
289 2519 433 2570 nocturno
449 2517 565 2571 silentio
582 2520 768 2574 exonerando
780 2520 955 2591 leviganteS,

127 2605 200 2658 etin
224 2605 390 2658 summitate
405 2605 473 2657 mali
489 2606 726 2678 uniusouJ'usqun
750 2610 835 2661 novis
852 2610 958 2663 solium
1013 2625 1029 2663 a
1052 2607 1147 2662 media
1170 2610 1266 2675 noete,
1291 2607 1385 2661 donee
1405 2606 1528 2674 diescat,
1552 2604 1744 2660 Boamundus
1762 2603 1824 2658 lilius

129 2692 264 2761 duorum,
291 2692 335 2746 vel
359 2692 447 2747 trium
471 2693 622 2748 hominum
652 2699 713 2750 arto
737 2700 957 2765 componentes,
1014 2695 1197 2750 ducislliane
1208 2701 1304 2750 autem
1318 2694 1403 2757 facto,
1423 2694 1482 2748 dux
1492 2694 1557 2764 ipse
1568 2693 1647 2748 lucis
1659 2690 1825 2763 crepusculo,

127 2779 370 2851 lapidibusqunet
378 2782 446 2852 pilis
457 2782 658 2853 adjaecndnm
671 2786 836 2840 munientes
845 2801 914 2840 sese
924 2786 960 2839 ad
1014 2799 1177 2854 omnesque
1193 2783 1286 2838 nostri
1303 2785 1463 2855 surgentes
1479 2797 1545 2836 cum
1561 2796 1681 2836 summa
1695 2779 1827 2835 devotione

128 2868 331 2923 defensionem
359 2872 455 2941 potius
480 2887 566 2941 quam
590 2872 626 2925 ad
651 2872 829 2928 deditionem
850 2877 958 2943 aptant.
1015 2872 1139 2942 hymnos
1155 2872 1217 2938 Dei,
1235 2886 1302 2925 cum
1316 2872 1477 2925 missarum
1493 2869 1696 2924 celebratione
1708 2869 1828 2935 audinum

129 2957 194 3011 Dux
204 2972 287 3026 vero,
300 2957 358 3010 doli
368 2959 500 3029 ignarus,
513 2975 628 3013 summo
641 2960 768 3016 diluculo
780 2962 961 3032 potentiores
1014 2960 1199 3030 presbyteris
1214 2959 1418 3028 compunctive
1435 2958 1612 3012 confitentes
1636 2962 1765 3028 peecata,
1781 2970 1828 3010 mu·

129 3047 276 3100 exereitus
288 3046 334 3100 sui
344 3047 393 3116 qni
405 3062 457 3101 eos
469 3062 501 3102 se
513 3047 596 3118 ipsos
612 3049 689 3103 sicut
700 3050 897 3130 promiserant
912 3051 960 3104 de·
1015 3050 1098 3103 niunt
1107 3049 1185 3102 sacri
1197 3047 1293 3102 viatici
1306 3046 1491 3101 ministeriis
1495 3046 1605 3116 Sicque
1616 3046 1759 3101 ordinatis
1767 3044 1829 3099 acie-

129 3134 232 3189 dcntes
245 3136 441 3205 susciperent,
451 3137 579 3206 mittens,
592 3138 685 3191 salvis
698 3123 926 3210 omuibusqnae‘
919 3155 1004 3216 ιρ
1015 3137 1115 3192 busad
1124 3141 1271 3191 certamen
1281 3135 1424 3207 gradatim
1433 3138 1461 3189 et
1472 3133 1722 3205 conjunctissime
1732 3146 1831 3204 pregre

129 3238 230 3278 sorum
245 3228 337 3289 erant,
356 3240 451 3295 usquc
475 3225 559 3280 adse
576 3227 724 3281 deducere
742 3228 886 3298 praecipit.
904 3228 961 3282 Sed
979 3190 1144 3281 Cdiuntur.
1159 3226 1319 3295 imperator
1336 3238 1407 3278 vero
1421 3223 1480 3277 sibi
1490 3237 1656 3277 occurrens
1666 3225 1745 3278 tanta
1754 3219 1830 3275 multi·

128 3312 354 3368 advenientibus
367 3314 521 3368 venetiani
532 3331 612 3368 arma
622 3315 720 3385 potius
736 3331 824 3384 quam
840 3315 962 3370 deditio·
1015 3314 1116 3370 tudine
1132 3313 1460 3384 nudiqueconspicatur
1470 3311 1553 3382 (tbi),
1574 3310 1729 3366 utnullins
1744 3308 1831 3364 montis

129 3417 195 3456 nem
211 3403 405 3468 ostentantes
423 3403 491 3456 dum
506 3418 613 3474 magno
628 3403 737 3473 impetu
755 3418 862 3457 versus
878 3404 962 3473 ipsos
1017 3401 1209 3458 ascensusad
1225 3400 1475 3470 supervidendum
1486 3399 1701 3455 extremitatem
1711 3395 1830 3470 ejussnl·

129 3492 316 3562 grassantur,
327 3489 522 3560 nostris,quin
532 3490 961 3561 imparatioresprocesserant,
1018 3493 1107 3546 licere
1122 3490 1282 3545 videretur,
1292 3489 1469 3561 huglivero,
1487 3503 1564 3559 quos
1576 3485 1828 3559 Waringosappel·

130 3577 516 3647 certamendaclinantibus,
532 3578 590 3647 ipsi
598 3579 628 3632 in
636 3583 754 3648 portum
763 3579 963 3634 Durae-ensem
1017 3579 1126 3648 lunt,ab
1137 3579 1314 3648 imperatore
1322 3578 1663 3649 primitiascougressus
1672 3577 1831 3647 expetentes,

1006 1826 1061 1865 nes
1072 1811 1247 1880 combussit,
1260 1827 1296 1866 ne
1306 1810 1383 1865 forte
1393 1827 1459 1865 cum
1471 1811 1570 1865 aerius
1582 1810 1721 1881 praelium
1730 1808 1818 1865 nostris

1008 1899 1181 1968 immineret,
1193 1899 1288 1953 timidi
1307 1902 1455 1953 certamen
1470 1898 1658 1968 declinando,
1676 1914 1729 1968 spe
1743 1903 1818 1952 trans·
1866 1884 1869 1951 l

1008 1989 1124 2042 meandi
1136 1989 1269 2043 illorsum
1280 1987 1465 2059 aufugerent.
1475 1989 1638 2059 imperator
1652 2002 1724 2042 vern
1733 2000 1819 2056 appro·
1867 1982 1869 2061 ξ

1009 2077 1155 2147 pinquans
1166 2076 1245 2131 haud
1255 2077 1357 2146 procul
1368 2093 1384 2130 a
1394 2076 1502 2131 eastris
1511 2073 1820 2145 nostrorum,sedqaasi
1867 2076 1869 2137 ζ

1010 2164 1116 2219 stadiis
1126 2167 1251 2234 quatuor
1259 2165 1452 2235 interpositis,
1465 2167 1712 2230 castrametatur;
1727 2161 1820 2218 exarci-
1867 2184 1869 2193 ·

1010 2256 1059 2307 tus
1070 2253 1105 2306 ab
1119 2253 1245 2323 undique
1256 2253 1320 2323 ipse
1332 2251 1400 2307 facit
1417 2252 1502 2322 (250),
1520 2252 1639 2308 nemine
1651 2249 1821 2323 ipsorumad·
1866 2264 1869 2321 ξ

1011 2356 1133 2396 versum
1149 2345 1279 2409 nostros,
1301 2342 1355 2396 sed
1378 2356 1474 2411 neque
1495 2355 1534 2395 ex
1547 2341 1665 2395 nostris
1688 2340 1822 2395 adversum
1867 2396 1869 2405 ,

1012 2432 1096 2501 ipsos
1113 2430 1178 2500 ipsa
1191 2429 1237 2483 die
1252 2430 1362 2500 aliquid
1374 2431 1584 2498 praesumente.
1604 2428 1744 2499 Sequenti
1756 2429 1823 2481 nocte
1867 2420 1869 2477 ἒ

1013 2515 1826 2589 duxprimasnoctisfacitexcubias3secundas,videlicet

130 3666 166 3718 ad
187 3665 376 3735 ignominiam
387 3666 585 3737 damnumque
596 3671 767 3722 nostrorum
778 3668 896 3737 impune
915 3684 963 3738 ap·

129 3752 248 3824 plicant,
275 3753 378 3824 sieque
398 3753 565 3810 facultatem
589 3756 712 3810 liberam
737 3756 842 3810 urbem
865 3757 963 3828 ingre·

130 3841 228 3896 diendi
239 3841 392 3913 habentes,
408 3844 542 3898 vicissim
551 3846 647 3898 nautae
658 3844 868 3899 urbicensibus
878 3849 905 3899 ct
916 3861 963 3898 ur·

130 3931 270 3986 bicenses
281 3932 379 3986 nautis
391 3935 610 4000 consociantur,
622 3935 809 4004 invicemque
817 3936 965 4003 portatam

131 4023 248 4074 noctem
270 4024 298 4076 et
318 4021 394 4075 diem
420 4022 577 4076 consilium
602 4024 753 4092 captantes
774 4023 842 4092 plus
867 4021 965 4076 minus

130 4109 748 4183 amedietatenoctistransactalsubpallore
767 4112 966 4166 lunaearman·

130 4200 189 4265 tur,
208 4197 394 4269 navibusque
408 4199 506 4254 littore
521 4201 606 4256 ocius
621 4201 738 4268 amotis,
754 4201 890 4255 buccinis
901 4216 967 4255 con·

133 4286 280 4356 crepando
296 4288 408 4342 nostris
429 4290 578 4343 certamen
595 4287 701 4344 offerre
727 4289 966 4360 progrediuntur,

134 4374 244 4444 quibus
256 4376 351 4429 nostri
362 4377 495 4430 certatim
510 4381 703 4432 occurrentes
720 4378 863 4431 acerrime
880 4378 969 4432 utrin-

134 4478 190 4533 que
207 4462 407 4534 congreditur.
425 4464 483 4518 Sed
506 4464 546 4517 illi
573 4466 734 4520 artificiose
754 4467 864 4535 ignom,
881 4481 969 4537 quem

1020 3667 1177 3722 certamine
1200 3667 1280 3734 inito,
1304 3665 1437 3720 caudatis
1466 3665 1650 3734 bidentibuS,
1672 3664 1775 3736 quibus
1789 3661 1832 3715 boc

1020 3771 1117 3826 genus
1129 3754 1277 3810 hominum
1289 3755 1477 3825 potissimum
1485 3749 1833 3822 utitur,infestissimeins·

1022 3846 1127 3913 tantos,
1152 3843 1263 3898 nostris
1290 3841 1449 3897 admodum
1477 3840 1637 3911 importuni
1667 3841 1758 3910 primo
1778 3849 1832 3893 esse

1021 3936 1183 4002 coeperunt,
1200 3947 1265 3985 eum
1282 3945 1351 3984 ecee
1375 3930 1511 4001 quaedam
1526 3928 1608 3984 acies
1627 3931 1730 3984 nostra
1749 3943 1781 3982 ax
1794 3924 1833 3979 ad·

1022 4036 1110 4076 verso
1121 4020 1181 4074 illis
1194 4018 1250 4074 sub
1262 4018 1341 4073 nudo
1360 4019 1453 4074 latero
1470 4033 1681 4089 prorumpens,
1698 4016 1762 4072 forti
1777 4028 1834 4069 oon·

1022 4124 1132 4181 gressu
1152 4106 1311 4170 sauciatos,
1323 4109 1352 4160 et
1363 4105 1399 4159 ab
1409 4105 1536 4174 incoepto
1545 4104 1705 4159 deterritos
1715 4104 1745 4157 in
1754 4100 1835 4173 fugem

1023 4197 1112 4268 cogit,
1122 4196 1171 4266 qui
1182 4209 1289 4249 versus
1299 4194 1457 4248 eeclesiam
1470 4193 1500 4247 S.
1512 4191 1637 4262 Nicolai,
1654 4208 1721 4264 quae
1732 4190 1769 4245 ibi
1777 4203 1834 4243 con·

1022 4285 1103 4356 tigna
1127 4286 1198 4354 erat,
1220 4284 1288 4338 vitae
1315 4281 1458 4336 auxilium
1481 4278 1556 4349 (aet)
1578 4284 1759 4349 expetentes,
1781 4277 1834 4331 dun

1023 4374 1081 4445 alii,
1095 4375 1235 4444 quantum
1251 4371 1398 4442 capacitas
1418 4369 1617 4439 permittebat,
1640 4366 1833 4427 subintrabant,

1024 4463 1072 4517 alii
1089 4464 1168 4516 tanta
1188 4460 1373 4516 multitudine
1384 4462 1460 4513 tecta
1474 4458 1724 4528 superscandunt,
1737 4459 1766 4511 nt
1781 4467 1835 4525 pon·

133 4552 271 4606 Graeeum
286 4552 442 4621 appellant,
458 4554 507 4624 qui
527 4569 582 4607 neo
598 4569 674 4625 aqna
694 4555 903 4626 exstinguitur,
920 4569 969 4610 oe·
982 4537 1012 4607 D
1024 4553 1094 4607 dere
1106 4550 1171 4622 ipsa
1182 4553 1257 4604 tacta
1273 4549 1419 4604 dissoluta
1432 4545 1673 4601 consubruantur
1687 4542 1767 4615 (25³),
1783 4541 1834 4595 illos

134 4640 224 4695 cultis
247 4640 412 4694 fistularum
436 4642 581 4696 meatibus
613 4643 669 4696 sub
692 4643 787 4697 undas
811 4643 968 4712 perflantes

136 4728 292 4800 quamdam
316 4744 422 4784 navem
437 4731 472 4785 de
486 4731 611 4799 nostris,
629 4747 716 4802 quam
740 4730 854 4786 Cattum
874 4731 969 4785 nomi-

135 4822 217 4885 nant,
229 4816 333 4872 dolose
348 4818 425 4872 inter
434 4819 515 4888 ipsas
529 4820 631 4890 liquidi
642 4821 773 4890 aequoris
786 4821 880 4874 undas
892 4835 970 4874 com·

136 4907 256 4962 burunt.
269 4907 327 4962 Sed
339 4907 434 4961 nostri
442 4908 508 4963 dolo
524 4911 655 4980 cognito,
668 4907 744 4962 facto
763 4908 871 4978 impetu
885 4908 970 4961 aliam

138 5011 243 5051 navem
258 4996 294 5051 de
313 4997 377 5051 suis
393 5010 450 5051 non
467 4997 591 5051 minoris
607 4997 690 5066 pretii
705 4997 823 5066 ponitus
847 4996 875 5050 in
890 5010 971 5051 mare

139 5084 344 5156 submergunt,
360 5086 464 5156 sicque
473 5086 580 5140 damno
592 5089 694 5140 contra
705 5086 841 5139 damnum
854 5099 971 5155 compo-

142 5172 287 5241 sito,pa1i
303 5175 412 5229 ultione
424 5175 541 5229 facilins
559 5173 972 5242 f·e1tur,nostrisqueexhor·

141 5261 327 5317 rescentibus
343 5263 461 5318 dolum
454 5279 598 5335 ipsorum,
614 5263 689 5334 ipsis
705 5266 802 5317 autem
817 5261 972 5316 strenuita-

142 5344 200 5397 tem
211 5352 391 5422 nostrorum,
403 5357 550 5408 certamen
561 5351 696 5422 utrinque
706 5350 882 5422 diremptum
895 5350 974 5424 quie·

179 5503 253 5573 (tte)
269 5504 396 5562 Parvos

178 5572 299 5643 (teme.
320 5575 374 5628 Ρ.“
363 5579 421 5646 ipsi
435 5584 528 5638 taciti.

178 5645 253 5722 (etl)
270 5594 469 5718 Coustipatur.

1025 4640 1074 4711 qui
1097 4638 1345 4707 subintraverant,
1371 4635 1573 4706 opprimentes
1589 4633 1725 4689 conclusi
1747 4631 1834 4703 pariter

1026 4728 1240 4783 suffocarentur
1248 4727 1332 4797 (⁶254).
1343 4726 1435 4779 Porro
1445 4724 1606 4794 imperator
1619 4722 1727 4776 videns
1737 4716 1834 4772 lt'arin·

1027 4832 1093 4889 goS,
1109 4816 1137 4869 in
1153 4815 1261 4886 quibus
1283 4814 1342 4868 sibi
1366 4812 1492 4867 maxima
1507 4825 1579 4880 spes
1603 4809 1734 4864 victoriae
1749 4803 1832 4863 ruent

1027 4903 1174 4959 enerviter
1188 4906 1355 4973 superatos,
1371 4905 1400 4956 et
1414 4902 1534 4955 nostros
1550 4898 1743 4969 insequentes
1755 4894 1834 4948 adver

1028 5009 1094 5049 snm
1110 5008 1143 5047 se
1155 4991 1324 5060 adventare,
1333 4988 1455 5044 territus
1465 4988 1565 5059 fugam
1576 4986 1677 5056 potius
1690 5000 1772 5057 quani
1785 4994 1834 5035 ccr-

1027 5087 1124 5138 tamen
1133 5081 1224 5152 eligit,
1237 5080 1392 5149 omnisque
1401 5076 1550 5132 exercitus
1564 5073 1745 5142 Graecorum,
1760 5071 1834 5125 tento·

1029 5172 1082 5226 riis
1105 5168 1272 5224 cumomni
1296 5164 1491 5236 suppellectili
1507 5179 1561 5217 sua
1586 5161 1711 5232 relictis,
1733 5160 1835 5231 quisqnt

1029 5260 1111 5331 prior
1127 5260 1206 5330 fugae
1221 5255 1285 5311 fleri
1306 5253 1459 5310 accelerat.
1476 5250 1580 5306 Nostri
1594 5252 1695 5321 itaque
1710 5247 1838 5303 victoriam

1029 5348 1142 5418 adepti,
1173 5346 1247 5400 duca
1275 5359 1328 5399 eos
1366 5341 1568 5411 reprimente,
1599 5338 1681 5395 haud
1705 5340 1786 5410 longe
1808 5332 1840 5388 fu·

1065 5506 1279 5577 (95⁰2lrfs1'lum.

1066 5578 1171 5643 (teeti
1189 5593 1222 5632 so
1236 5580 1319 5631 certo
1334 5570 1430 5629 dissei
1430 5577 1476 5626 uto
1491 5587 1555 5627 eum
1570 5570 1780 5644 subjiciuntur.

1066 5647 1140 5721 (nst)
1181 5648 1232 5704 olli
1245 5646 1437 5713 suffocantur,
1454 5647 1510 5699 etc
