3908 6112
114 256 190 316 1541
213 254 456 317 GUITMUNDl
471 235 1734 330 deotheriae.AvensartlonarioADGU1LLELMUMO0NQUEST.
1759 258 1831 323 1512

113 453 232 506 Daciam
243 452 424 523 adiit,ibiqne
435 454 659 523 sedemponens
682 469 777 523 usque
793 452 944 507 inhodier·
962 439 976 496 l
1000 453 1828 526 fidelesvestroscommendoNortmanniamqueeumve·

112 557 182 595 num
194 541 271 594 diem
283 541 433 594 habitavit.
453 543 574 595 ltomnni
588 557 711 612 regnum
727 542 946 612 Hierosolymo·

116 645 192 697 rum,
203 630 280 699 quod
292 630 382 681 David
393 630 499 699 aliique
519 634 654 698 polentes
665 645 861 683 soccessores
877 629 902 698 ej
908 645 943 682 ns

115 717 945 787 spoliisAllophylorumditaverant,etsnhactisbarbaris

114 806 263 878 gentibus,
277 822 343 875 qaae
354 806 381 858 in
394 807 517 859 circuito
528 812 619 872 erant,
634 806 874 873 sublimaverant,
888 805 944 859 suh

115 894 298 962 Vespasiano
310 898 337 946 et
348 894 411 947 Tito
424 895 674 960 subverterunt,cl
693 895 789 948 nobile
805 894 945 963 templum

114 985 182 1051 post
196 981 298 1051 primae
314 982 517 1034 aediticationis
528 982 595 1052 cjns
605 983 784 1036 annosmillc
796 983 942 1051 octoginta

114 1084 220 1123 norem
243 1069 406 1135 diruerunt,
425 1070 541 1139 quaudo
557 1071 698 1124 undecies
715 1076 837 1125 centena
853 1071 943 1123 millia

112 1156 283 1210 ludaeorum
301 1157 379 1211 terro
390 1173 443 1211 seu
459 1158 533 1211 ierne
550 1158 710 1228 perierunt.
728 1159 942 1228 FranciGalliS,

113 1245 243 1311 tempore
258 1243 407 1297 Sunnonis
419 1244 515 1312 ducis,
540 1247 678 1300 associati
697 1252 774 1314 sunt,
791 1250 818 1299 et
836 1248 944 1300 itoma-

113 1329 304 1402 norumjuge
335 1332 370 1385 de
395 1334 510 1385 cervice
529 1349 582 1386 sua
599 1334 723 1388 viriliter
738 1350 877 1402 excusso,
895 1350 945 1388 su-

113 1433 166 1487 per
183 1432 235 1472 eos
245 1435 372 1490 regnare
384 1423 545 1489 coeperunt,
560 1422 646 1493 Angli
657 1416 800 1489 Saxones,
819 1422 944 1477 ducibus

115 1505 252 1578 Hengrst.
264 1510 292 1561 et
302 1507 400 1561 Horsa
412 1509 583 1563 Britonihus
594 1511 654 1580 (qui
666 1527 744 1564 arina
753 1511 826 1564 Galii
842 1527 947 1565 vocan-

111 1596 170 1663 tur)
182 1595 336 1664 imperium
352 1597 428 1651 dolis
443 1603 471 1651 et
490 1597 728 1670 tortitudinejam
745 1599 806 1652 iere
823 1614 945 1653 sexcen-

110 1682 149 1735 tis
165 1684 250 1736 annis
274 1685 470 1739 abstulerunt.
493 1687 611 1754 ttuinili,
631 1688 680 1756 qui
696 1688 731 1741 de
751 1687 945 1741 scandinavia

112 1770 210 1824 insula
239 1776 320 1826 sorte
348 1772 435 1843 ejecti
467 1778 546 1840 sont,
564 1780 706 1845 regnante
731 1776 857 1829 Alhuino
875 1791 946 1846 rege
975 1818 981 1848 ,

1000 543 1061 593 stra
1072 541 1189 594 licentia
1199 541 1295 594 redire
1305 541 1472 610 dispono,et
1480 542 1608 610 opimam
1619 543 1738 612 Angliaa
1750 559 1823 612 pree-

1004 629 1069 681 dam
1084 629 1264 682 amatoribus
1293 630 1404 696 mundi,
1431 631 1515 699 qnasi
1540 630 1732 699 quisquilias
1750 631 1829 684 dere-

1002 717 1112 787 linquo.
1135 716 1274 770 Liberam
1300 720 1499 786 paupertatem
1526 719 1637 772 Christi
1654 735 1732 782 amo,
1749 735 1829 788 quam

1002 806 1532 875 AntoniusetBenedictusamplexati
1545 812 1623 870 sunt.
1642 807 1740 877 magis
1750 823 1830 877 quam

1004 893 1121 947 divitias
1132 894 1243 960 mundi,
1259 910 1334 964 quas
1349 894 1460 949 Cresus
1473 899 1501 948 et
1515 894 1737 964 sardanapalus
1749 896 1830 947 nimis

1004 987 1186 1049 amaverunt,
1204 986 1231 1036 et
1247 983 1434 1051 postmodum
1450 983 1830 1052 miser-epereunteshosti·

1003 1070 1061 1124 hus
1076 1070 1140 1123 suis
1156 1070 1363 1124 deseruerunt.
1381 1071 1518 1125 Christus
1534 1072 1726 1140 enimpastnr
1741 1071 1829 1124 benus

1003 1175 1048 1212 vae
1064 1159 1204 1212 divitibus
1215 1158 1305 1229 hujus
1321 1159 1420 1213 mundi
1435 1161 1561 1212 minatur
1571 1160 1622 1229 qui
1634 1160 1829 1227 voluptatibus

1003 1246 1088 1299 vanis
1099 1249 1127 1299 et
1137 1247 1297 1314 snperlluis
1308 1246 1356 1300 hie
1367 1247 1758 1317 perfruuntur·;paupcril›as
1768 1262 1829 1301 vere

1003 1334 1108 1403 spiritu
1124 1334 1265 1403 promittit
1289 1334 1502 1388 beatitudinem
1517 1335 1547 1387 in
1572 1350 1667 1405 regno
1683 1334 1829 1402 coelorum,

1003 1438 1090 1492 quam
1105 1422 1192 1476 nobis
1203 1422 1251 1476 det
1266 1422 1331 1491 ipse
1346 1423 1394 1492 qr?
1413 1423 1483 1476 rivit
1497 1428 1524 1477 et
1540 1427 1647 1494 regnat
1671 1438 1727 1492 per
1742 1423 1831 1476 omnia

1002 1510 1114 1564 saecula
1125 1510 1314 1565 saeculorum.
1332 1512 1435 1565 Amen.

1037 1599 1207 1653 Admiratus
1223 1615 1276 1652 rex
1292 1615 1357 1653 oum
1368 1600 1544 1669 proceribus
1556 1600 1623 1654 suis
1634 1600 1766 1672 insignis
1778 1616 1832 1653 mo·

1002 1686 1088 1741 nachi
1105 1688 1310 1756 constantiam,
1323 1688 1449 1759 supplex
1466 1704 1500 1742 ae
1520 1689 1649 1743 devotus
1666 1689 1832 1759 impenditei

1002 1776 1154 1830 decentem
1169 1777 1376 1846 reverentiam,
1394 1781 1423 1831 et
1433 1780 1637 1847 competenter
1648 1776 1828 1843 honoratum,

112 1859 172 1912 lilio
184 1860 443 1930 Andania,par·tem
455 1863 555 1931 ltaliae,
569 1879 634 1933 quae
647 1880 724 1917 nane
738 1864 946 1935 longobardia
996 1863 1091 1936 jussit
1106 1880 1172 1918 eum
1186 1880 1318 1919 remeare
1333 1865 1363 1919 ia
1380 1865 1559 1919 Ncustriam.
1569 1867 1686 1936 ibique,
1701 1881 1760 1936 quo
1776 1865 1830 1918 rel·

114 1947 230 2015 dieitur,
247 1949 430 2017 invaserant,
448 1954 475 2003 ct
493 1952 632 2004 ltomanis
647 1953 756 2005 diutins
769 1953 946 2005 resistentes

113 2050 303 2106 nuncusque
331 2040 497 2092 tenuerunt.
527 2038 635 2093 Omnes
665 2039 705 2107 hi,
723 2056 798 2109 quos
822 2040 945 2093 victoria

114 2129 274 2193 surgentes
289 2126 410 2192 recolui,
428 2127 513 2194 paulo
530 2133 596 2195 post
612 2129 721 2180 misere
734 2128 947 2197 subjacuerunt
963 2167 966 2173 «

112 2212 264 2281 perniciei,
281 2213 403 2283 parique
419 2230 485 2267 cum
503 2215 588 2268 victis
617 2217 790 2270 contritione
807 2217 888 2281 torti,
906 2218 945 2269 ir-

114 2299 346 2354 remediabiliter
359 2310 480 2372 gernunt
496 2305 523 2355 in
541 2304 651 2357 cloacis
668 2304 765 2358 Erebi.
784 2305 944 2358 Nor-manni

113 2387 170 2441 sub
186 2388 308 2442 l’ollone
325 2390 399 2444 duee
428 2391 596 2445 heustriarn
612 2392 715 2446 Carolo
732 2393 858 2461 simplici
870 2393 943 2445 suh·

113 2479 277 2544 traxerunt,
302 2477 424 2549 jamque
459 2480 510 2533 lito
543 2483 640 2547 annia,
675 2481 943 2535 contradicentibus

114 2563 332 2634 Gallis,etcum
352 2567 944 2639 bellicotinnultosaepeealumniantibas

113 2654 281 2708 tenuerunt.
302 2656 375 2719 Quia
391 2656 426 2709 de
441 2658 561 2725 Gepidis
579 2662 606 2711 et
626 2658 787 2726 Wandalis,
799 2657 901 2711 Gothis
917 2660 945 2710 et

115 2740 231 2808 Turcis,
263 2743 378 2797 llnnnis
395 2750 422 2798 et
438 2745 582 2799 Herulis?
606 2747 676 2816 quid
700 2747 735 2799 de
759 2746 824 2799 aliis
842 2747 945 2815 loquar

115 2828 266 2900 Barbarie,
289 2848 413 2902 qnorum
443 2840 566 2888 cenatus
594 2835 628 2887 ad
645 2835 715 2888 nihil
732 2839 777 2888 est
794 2834 871 2887 aliud
887 2835 946 2888 nisi

114 2917 205 2972 forari
216 2923 244 2974 et
262 2936 364 2989 rapere
380 2927 407 2976 et
420 2924 589 2977 conculcata
609 2940 680 2992 paco
693 2924 807 2995 jugiter
823 2924 945 2976 furere?

115 3008 236 3062 Terram
247 3012 374 3079 turbant,
388 3012 468 3065 redes
485 3018 684 3080 concremant,
703 3014 805 3066 orbem
819 3016 943 3064 vexant:

115 3112 187 3168 opes
203 3099 359 3169 dissipant,
377 3101 512 3155 homines
530 3100 677 3172 jugulant,
690 3102 786 3155 emnia
796 3100 907 3154 ioedant
917 3103 945 3153 et
976 3167 979 3174 .

114 3185 944 3261 inquietantflisitaquesigaismnndiportenditurlinis,

115 3276 296 3346 sicutipsins
313 3280 692 3347 patenteredecemnrvoce
703 3278 840 3332 Veritatis
856 3293 862 3331 :
881 3276 944 3329 Cx-

115 3372 219 3435 surget
233 3382 307 3437 pens
319 3374 420 3421 rantra
429 3375 547 3439 pentem
564 3374 592 3422 et
603 3384 726 3439 repham
742 3368 944 3422 adversusre·

114 3462 245 3525 gemmet
258 3462 539 3510 eruntterrremetns
548 3457 707 3526 magnipcr
718 3456 787 3520 loca,
807 3461 834 3510 et
848 3456 942 3524 pesti-

114 3541 211 3596 lentiae
223 3550 253 3596 et
262 3543 356 3597 lanies
366 3544 473 3612 (Marc.
486 3548 556 3610 xm),
574 3543 896 3614 terroresquedeeoelo,
916 3546 945 3597 et

116 3629 203 3700 signa
219 3647 324 3701 magna
339 3636 434 3685 erunt.
520 3632 524 3640 '

148 3718 288 3772 Cladibus
304 3720 465 3774 innumeris
476 3721 616 3790 premitur
628 3721 671 3774 sic
680 3720 794 3792 jugiter
810 3722 902 3776 orbis

150 3805 241 3859 lliset
251 3807 348 3861 multis
358 3808 564 3878 hujuscemodi
578 3809 721 3862 rotatibus
733 3810 762 3862 in
776 3809 865 3862 rebus
883 3810 938 3862 hu-

73 3921 74 3924 *
112 3894 207 3947 manis
217 3895 342 3950 solerter
364 3898 587 3966 inspectiS,1ion
603 3897 632 3950 in
649 3912 682 3950 se
694 3898 836 3966 glorietur
847 3899 942 3951 vietor

113 3983 149 4036 de
164 3984 247 4037 ruina
258 3987 414 4054 comparis,
440 3987 489 4056 qui
506 4001 560 4039 nee
576 3987 639 4054 ipsc
655 3987 754 4051 statiit,
771 3986 828 4039 nisi
845 4001 941 4056 quan-

113 4071 463 4142 tumjusseritdispositio
472 4075 888 4129 ConditorisConversienem
900 4075 942 4128 lo·

113 4162 239 4215 cationis
264 4177 337 4217 meae
360 4180 437 4217 aune
463 4165 497 4218 ad
517 4169 553 4231 te,
572 4180 588 4218 o
604 4180 666 4231 rex,
685 4164 897 4232 saciam,qnam
912 4164 941 4217 tu

113 4258 227 4320 tquaeso
256 4251 318 4320 tihi)
343 4253 512 4323 benigniter
527 4253 645 4306 haurias
671 4259 790 4322 prepter
820 4254 944 4306 salntem

114 4343 263 4393 aeternam.
278 4339 383 4393 Nullus
391 4344 627 4409 patrnmt-uorum
637 4344 736 4393 antcte
745 4340 843 4410 regale
856 4343 945 4393 stem·

113 4443 160 4481 ma
172 4429 277 4498 gessit,
293 4444 347 4482 nec
363 4429 550 4483 haereditaria
568 4429 637 4499 pure
654 4433 765 4483 tantum
781 4428 873 4481 decus
889 4427 943 4480 tibi

1001 1952 1050 2019 let,
1068 1968 1153 2006 snam
1166 1953 1333 2022 praestolari
1348 1955 1548 2022 praesentiam.
1568 1954 1711 2007 Auditum
1724 1958 1831 2023 estpas·

1002 2041 1227 2111 sim,postquam
1239 2041 1437 2096 (intimandus
1456 2043 1493 2096 ad
1505 2047 1587 2111 septa
1600 2043 1777 2097 monasterii
1792 2043 1831 2094 sui

1002 2131 1151 2192 remoavit,
1170 2130 1246 2199 quod
1256 2130 1320 2199 ipse
1332 2130 1532 2184 monachalem
1542 2132 1718 2200 pauperiem
1730 2130 1832 2183 divitiis

1003 2218 1211 2286 episcoporum
1240 2219 1447 2287 praeposuerit,
1465 2224 1492 2272 et
1507 2219 1586 2289 quod
1602 2219 1760 2273 obtentum
1782 2221 1832 2270 An·

1003 2305 1072 2376 glioe
1088 2306 1117 2358 in
1131 2306 1290 2375 praesentia
1304 2307 1387 2377 regis
1402 2310 1430 2360 et
1440 2308 1611 2375 optimatum
1623 2306 1692 2377 ejus
1708 2307 1833 2375 rapinam

1004 2393 1201 2462 appellaverit,
1212 2398 1240 2446 ct
1250 2394 1328 2463 quod
1342 2409 1445 2447 omnes
1456 2395 1628 2463 episcopos,
1645 2395 1693 2446 rel
1704 2393 1833 2460 abbates,

1004 2482 1054 2551 qui
1068 2482 1237 2535 nolentibus
1254 2482 1358 2552 Anglis
1383 2484 1412 2535 in
1429 2481 1574 2536 Ecclesiis
1590 2482 1712 2553 Anghae
1728 2481 1836 2551 praelati

1002 2575 1080 2636 sunt,
1097 2570 1266 2638 rapacitatis
1280 2570 1443 2640 redarguit.
1467 2570 1564 2624 Verba
1579 2571 1675 2640 igitur
1689 2569 1769 2642 ejus
1787 2585 1835 2638 per

1001 2657 1204 2727 Angliamlate
1220 2658 1368 2728 divulgata
1385 2662 1454 2711 sunt
1477 2662 1505 2711 et
1521 2658 1672 2712 subtiliter
1687 2659 1832 2725 ventilata,

1001 2745 1101 2798 multis
1113 2745 1337 2814 displicncrnnt;
1354 2747 1405 2815 qui
1420 2761 1567 2816 sequaces
1583 2745 1654 2816 ejus
1670 2761 1743 2800 esse
1760 2761 1836 2814 sper·

1001 2836 1116 2901 nenteS,
1133 2837 1311 2887 contraeum
1328 2834 1439 2905 ingenti
1448 2833 1541 2888 livore
1557 2837 1751 2888 exarserant.
1777 2834 1836 2887 Non

1001 2922 1091 2975 multo
1107 2925 1184 2990 post,
1195 2921 1333 2976 defuneto
1345 2923 1458 2976 loanne
1469 2922 1762 2994 ltethonagensium
1778 2924 1836 2991 epi·

1001 3025 1103 3079 scope,
1122 3015 1217 3063 rexet
1245 3010 1294 3063 alii
1322 3011 1423 3079 plnres
1452 3010 1667 3064 Guitmundum
1686 3011 1724 3064 ad
1742 3010 1837 3064 archi·

1001 3099 1202 3167 episcopatum
1212 3098 1377 3169 elegerunt,
1394 3099 1448 3152 sed
1464 3099 1562 3153 aemuli
1579 3099 1747 3170 ejus,quos
1763 3100 1837 3152 idern

1002 3187 1231 3256 vituperaverat,
1248 3202 1283 3240 ne
1299 3187 1497 3257 archipraesul
1513 3187 1606 3255 lieret,
1624 3193 1772 3258 quantum
1787 3202 1835 3257 po·

1001 3278 1129 3343 tuerent,
1148 3275 1565 3344 impedierunt.lntantovero
1589 3275 1665 3329 nihil
1690 3276 1835 3347 objicien-

1001 3364 1070 3417 dum
1086 3364 1271 3432 invenerunt,
1288 3365 1346 3417 nisi
1362 3365 1441 3434 qued
1464 3364 1544 3418 lilius
1559 3368 1644 3418 esset
1660 3365 1835 3435 presbyteri.

1000 3451 1051 3504 llle
1066 3456 1163 3506 autem
1178 3453 1214 3505 ab
1231 3452 1308 3505 omni
1324 3453 1446 3506 avaritia
1461 3453 1582 3523 purgari
1598 3454 1755 3521 velenS,et
1767 3455 1836 3506 inter

1001 3545 1120 3594 exteros
1131 3544 1302 3609 paupertate
1315 3541 1417 3609 premi,
1435 3556 1521 3610 quam
1536 3541 1611 3594 inter
1625 3557 1702 3596 suos
1716 3543 1833 3595 dissen-

1001 3630 1103 3683 siones
1114 3629 1216 3683 fovere
1229 3629 1352 3698 malene,
1363 3629 1526 3695 Odilenem,
1537 3632 1713 3684 monasterii
1723 3632 1772 3684 sui
1787 3631 1834 3682 ab·

1001 3718 1097 3771 batem
1122 3723 1308 3771 reverentem
1324 3718 1404 3784 adiit,
1422 3719 1450 3771 et
1464 3718 1614 3771 humiliter
1625 3718 1663 3770 ah
1681 3720 1731 3773 illo
1746 3719 1828 3772 licen·

1001 3807 1071 3860 tiam
1083 3806 1292 3876 peregrinandi
1309 3806 1389 3875 petiit
1400 3814 1426 3859 ct
1438 3807 1560 3875 accepit.
1580 3807 1834 3861 Porroilliteratus

1002 3895 1095 3949 abbas
1105 3896 1199 3948 metiri
1207 3895 1495 3964 nesciebatquantos
1511 3895 1668 3963 sapientiae
1679 3896 1834 3949 thesaurus

1001 3982 1293 4052 inpraelatodoctore
1309 3983 1425 4037 latebat.
1445 3983 1758 4037 ldeodesidcnahilem
1774 3984 1834 4052 phi·

1001 4072 1159 4142 losophum
1175 4073 1210 4125 de
1226 4071 1405 4125 monasterio
1430 4087 1485 4126 sue
1501 4072 1587 4125 facile
1607 4071 1734 4136 dimisit;
1752 4087 1834 4142 quem

1000 4160 1165 4232 Gregorius
1175 4161 1224 4213 Vll
1233 4176 1306 4230 papa
1315 4160 1522 4214 venientemad
1532 4175 1576 4229 sc,
1588 4161 1726 4230 gaudens
1734 4175 1834 4215 susce·

1001 4252 1051 4319 pit,
1065 4249 1246 4304 cardinalem
1257 4249 1287 4303 S.
1306 4249 1340 4302 lt.
1353 4248 1386 4302 F..
1399 4249 1541 4319 praefecit,
1559 4252 1588 4302 et
1604 4248 1749 4303 Urbanus
1767 4265 1835 4319 papa

999 4339 1060 4408 jam
1077 4340 1229 4407 probatum
1247 4338 1276 4390 in
1290 4337 1390 4392 multis
1415 4338 1673 4407 metropolitanum
1691 4338 1833 4392 Adversis

1003 4427 1085 4481 urbis
1096 4427 1270 4481 solemniter
1279 4426 1434 4480 ordinavit.
1452 4425 1606 4479 Haecurbs
1616 4429 1754 4491 tempore
1767 4428 1837 4480 lice·

113 4519 257 4586 provenit,
270 4518 323 4571 sed
340 4519 465 4588 gratuita
484 4518 639 4588 largitione
655 4517 864 4586 omnipotentis
879 4516 940 4583 llei,
957 4515 978 4569 n
1000 4517 1047 4570 nis
1060 4515 1098 4569 ix
1110 4531 1203 4585 papae,
1216 4515 1444 4584 aNertmannis,
1456 4514 1505 4584 qui
1524 4514 1619 4583 primo
1636 4515 1777 4585 Apuliam
1791 4516 1835 4569 in·

113 4607 142 4658 et
150 4605 276 4674 amicitia
285 4605 413 4660 Eduardi
426 4607 639 4678 consanguinei
656 4607 706 4659 tni.
724 4605 873 4676 Erigonus,
892 4606 941 4658 Al-

113 4693 201 4748 dinus
217 4694 324 4765 aliique
347 4696 514 4764 complures
531 4711 567 4748 ox
582 4697 657 4749 linea
671 4695 781 4765 regalis
796 4695 943 4764 prosapiae

114 4783 439 4855 orti,seeundumieges
450 4784 655 4849 Hebraeorum,
668 4783 849 4853 aliarumque
866 4798 941 4855 gen·

113 4871 186 4925 tium
200 4873 427 4943 propinquiores
443 4878 511 4927 sunt
527 4872 662 4926 haeredes
688 4872 861 4925 diadematis
884 4874 943 4924 Aa·

116 4962 196 5033 gliei.
208 4962 270 5015 lllis
281 4962 418 5016 nimirum
433 4963 555 5015 remotis
571 4976 639 5014 sors
649 4961 700 5014 tihi
718 4960 810 5014 cessit
824 4975 944 5029 provee·

115 5049 487 5121 tionis,sedDaijudiciam
498 5049 770 5120 quantooecultius,
788 5051 865 5102 tanto
881 5053 942 5103 ter-

117 5140 232 5195 ribilius
243 5142 375 5195 imminet
387 5141 440 5193 tihi
457 5139 493 5193 ad
509 5138 687 5192 reddendum
702 5139 845 5191 rationem
861 5153 943 5191 eom-

117 5228 220 5281 missas
227 5230 425 5284 villicationis.
438 5228 508 5282 llaec
519 5228 647 5299 henigne
661 5243 698 5281 ex
712 5226 799 5280 eorde
811 5225 944 5279 sublimi-

117 5318 167 5371 tati
182 5321 290 5372 vestrae
305 5319 422 5373 locutus
451 5334 527 5385 sum,
559 5317 707 5372 humiliter
730 5316 898 5385 deposcens
913 5318 945 5367 ut

117 5421 201 5460 mens
213 5407 311 5459 vestra
328 5421 448 5476 semper
458 5407 496 5460 sit
510 5422 624 5462 memor
634 5405 875 5467 novissimorum;
889 5417 944 5456 nee

117 5510 171 5549 vos
187 5494 274 5549 nimis
290 5495 420 5564 implicet
440 5496 623 5567 prosperitas
639 5494 839 5564 praesentium,
858 5507 946 5562 quam

117 5584 202 5656 sequi
217 5583 293 5638 solet
308 5583 501 5638 intolerabilis
519 5585 612 5655 dolor,
633 5583 782 5655 elingens
797 5582 895 5635 luctus
911 5596 945 5634 ae

117 5672 227 5731 stridor
248 5672 388 5730 dentium.
416 5671 524 5730 Gratiae
538 5674 592 5729 Dei
606 5688 662 5730 vos
677 5676 705 5729 et
729 5672 842 5728 amicos
858 5671 945 5744 atque

1001 4606 1165 4668 coluerunt,
1197 4606 1365 4657 constructa
1383 4607 1440 4669 est,
1460 4606 1518 4656 eta
1544 4603 1700 4671 Romanis,
1718 4605 1788 4674 quia
1801 4604 1835 4656 ab

1000 4694 1138 4748 adversis
1154 4692 1212 4746 sihi
1223 4691 1349 4745 coetibus
1368 4691 1578 4758 aedificabatur,
1596 4691 1747 4746 Adversis
1763 4693 1836 4745 dicta

1000 4786 1057 4836 est.
1084 4780 1155 4834 Haec
1183 4780 1283 4851 utique
1308 4780 1419 4834 divitiis
1448 4779 1595 4849 opulenta,
1613 4780 1835 4850 Cisalpinorum

1001 4872 1133 4941 prompta
1154 4869 1328 4923 strenuitate
1341 4869 1494 4936 bellicosa,
1512 4868 1651 4922 hostibus
1669 4869 1836 4932 metuenda,

1001 4956 1838 5028 iidisclientibussociisqnecolendaNortmannorumop

1002 5048 1143 5102 tioncsoli
1156 5063 1238 5116 papae
1252 5046 1518 5118 gratanterohedit;
1529 5061 1544 5098 a
1557 5044 1836 5115 qquuitmuadnm

1003 5136 1166 5205 sophistam
1182 5136 1299 5206 mystici
1314 5135 1431 5189 deceris
1446 5134 1532 5203 pallio
1548 5134 1835 5205 insignitcrredimi·

1002 5229 1073 5292 tum,
1087 5225 1253 5294 pontificem
1264 5224 1386 5293 accepit.
1410 5222 1559 5276 Praeiatus
1570 5221 1771 5292 archipraesul
1787 5238 1835 5277 ee·

1003 5314 1124 5369 elesiam
1153 5312 1212 5367 sihi
1239 5313 1428 5367 commissam
1449 5312 1499 5366 diu
1514 5312 1599 5379 rexit,
1617 5315 1645 5365 et
1661 5310 1834 5381 apostolicis

1002 5403 1169 5473 privilegiis
1180 5402 1217 5456 ab
1229 5403 1307 5456 omni
1320 5400 1486 5456 mortalium
1505 5399 1660 5454 exactione
1670 5400 1748 5455 liber
1758 5400 1837 5469 plau-

1002 5491 1050 5545 sit.
1065 5491 1185 5546 Plebem
1201 5491 1335 5545 studiose
1355 5490 1464 5558 decuit,
1481 5489 1596 5543 meritis
1608 5492 1638 5543 et
1651 5488 1836 5544 orationibus

999 5581 1127 5650 protexit
1155 5583 1242 5651 atquc
1266 5583 1334 5649 pest
1362 5579 1470 5633 multos
1499 5592 1614 5650 agones
1641 5578 1672 5632 in
1695 5579 1834 5632 virtutum

1000 5669 1150 5725 exercitiis
1165 5667 1202 5724 ad
1218 5669 1374 5726 Dominum
1387 5666 1529 5740 perrexit.
