3900 6112
282 262 638 333 consuescamus
659 264 990 333 GLUNIAGENSES.
1016 307 1053 318 —
1073 268 1201 335 LlBER
1222 274 1395 340 PRIMUS.
1636 261 1698 343 tto

87 468 189 525 nome
206 469 354 540 vesperas
371 466 811 539 inattimasuperpsalmosaa·
833 452 848 505 θ
868 484 935 523 cum
959 469 1056 525 visum
1082 471 1180 537 tuerit,
1204 471 1340 542 pulsatur
1362 474 1481 547 signum
1506 478 1540 531 ad
1562 479 1693 536 tertiam:

87 573 110 626 a,
128 571 187 612 non
203 560 272 612 saut
286 558 342 612 alie
357 559 448 613 verina
469 572 556 628 quam
578 557 657 610 illius
681 556 809 626 capitali,
866 558 999 613 oratioue
1014 559 1099 628 tacta,
1112 559 1367 631 induuntureibis,
1379 567 1694 640 posttertiamceppis.

87 644 809 717 ictioetcleritos;proptereematatarcapitulum
866 646 1006 701 tiarrtetar
1020 647 1150 702 officium
1175 648 1463 718 Spiritus'Domini:
1489 654 1524 707 ad
1548 657 1626 725 quod
1649 660 1695 712 ta-

87 737 149 803 tur,
167 734 349 791 Benedictus
364 736 445 790 ileos
464 742 494 789 et
515 735 617 789 Pater.
635 734 676 788 De
699 733 808 804 Spiritu
867 749 932 788 mon
948 736 1056 809 legitur
1069 738 1106 792 de
1122 739 1246 793 Actibus
1263 739 1464 808 apostolorum
1475 742 1585 798 ferialis
1597 745 1694 817 lectio,

95 825 411 895 cantaturentiplronm
425 823 521 878 Hodie
531 822 668 894 completi
677 827 758 876 sont:
772 822 807 875 de
867 826 894 877 et
909 823 1101 897 Evangeliam
1118 826 1229 881 teriolo.
1240 827 1311 882 Post
1322 833 1435 884 sextam
1445 831 1531 901 quasi
1546 836 1696 901 pausaturi
1795 828 1799 841 ²

96 928 199 982 cruce,
215 914 261 967 vol
277 914 377 983 potius
392 914 428 967 de
441 913 670 968 Resurrectienc
681 911 805 979 Domini,
867 912 1069 968 dormitoruim
1084 915 1267 970 ascendunt:
1284 918 1383 972 audito
1396 918 1483 991 signo
1502 922 1695 993 descendunt,

87 1016 306 1074 nsrcsarpens,
319 1001 513 1072 sequentibus
523 999 731 1054 consentaneis
748 997 807 1053 col·
866 999 964 1055 lavent
977 1016 1082 1058 manas
1098 1006 1125 1058 et
1141 1003 1257 1074 taciem,
1269 1010 1298 1059 et
1312 1008 1470 1061 ecclesiam
1485 1009 1603 1065 intrant.
1623 1011 1698 1066 Post

866 1089 1039 1156 orationem,
1048 1095 1077 1145 et
1085 1095 1278 1163 posteaquam
1289 1096 1430 1151 sacerdos
1438 1112 1504 1151 eum
1514 1099 1579 1153 sais
1591 1097 1695 1154 suifra-

265 1195 390 1251 CAPUT
410 1195 515 1250 XXVI·
866 1178 971 1249 ganeis
986 1180 1043 1234 erit
1058 1182 1194 1247 vestitus,
1210 1182 1369 1255 imponitur
1384 1185 1525 1254 oiilcium,
1539 1187 1619 1243 lices
1632 1204 1696 1243 eom

87 1284 184 1357 ,mim
199 1292 342 1357 sequeme
356 1290 422 1355 pos,
439 1291 560 1339 oetam
575 1284 781 1338 pmewspes,
868 1267 1072 1337 cprcdcreris.v
1089 1270 1133 1324 nd
1158 1271 1236 1341 quod
1260 1288 1326 1326 carn
1351 1274 1488 1346 leguntur
1510 1276 1576 1331 dues
1592 1277 1695 1332 lectio·

866 1372 930 1427 nes,
947 1358 1014 1413 duce
1025 1374 1142 1430 qaoque
1152 1362 1284 1417 collectae
1292 1363 1441 1434 dicuntur,
1449 1368 1478 1421 et
1487 1382 1546 1421 noa
1557 1368 1694 1438 amplius.

867 1445 962 1499 Prima
979 1446 1066 1503 lectio
1080 1452 1126 1503 est
1144 1450 1180 1504 de
1204 1450 1281 1505 libro
1307 1452 1479 1524 Sapientiae3
1501 1454 1694 1528 Evangeliam

865 1533 901 1587 de
916 1537 1046 1606 quinque
1062 1538 1191 1593 millibus
1207 1538 1357 1595 hominum
1379 1543 1409 1595 in
1425 1543 1554 1614 quinque
1568 1544 1694 1614 panibus

865 1627 893 1675 et
915 1623 1032 1677 duobus
1057 1625 1193 1695 piscihus
1218 1629 1368 1684 saturatis.
1391 1631 1520 1695 Cantus,
1544 1632 1693 1704 Alleluia,

865 1710 982 1765 minime
998 1716 1140 1777 cantetur,
1157 1715 1211 1769 sed
1235 1718 1434 1774 tantummodo
1457 1721 1693 1792 responsorium,

830 1798 910 1879 Bvel
926 1800 1005 1870 qaod
1019 1801 1068 1855 alii
1083 1801 1259 1858 Graduelem
1269 1810 1383 1860 vocent.
1396 1807 1460 1861 Una
1471 1808 1536 1863 vice
1546 1809 1694 1879 reficiant,

863 1891 931 1958 post
944 1904 1061 1957 nonam,
1079 1894 1107 1944 et
1131 1892 1216 1962 adipe
1237 1894 1395 1949 abstinent.
1422 1895 1454 1950 ln
1469 1897 1575 1951 diolrus
1588 1896 1695 1969 jejunii

863 1979 1013 2032 secuturis
1022 1978 1094 2033 nihil
1106 1982 1152 2034 est
1160 1982 1411 2053 aliteragcndum,
1419 1989 1542 2056 excepto
1553 1986 1631 2057 qaod
1640 2002 1695 2042 noc

864 2066 1123 2135 cappis,neoalbis
1134 2071 1314 2139 generaliter
1329 2072 1535 2144 induunta1·,et
1550 2074 1692 2144 collectos,

864 2170 929 2224 quae
938 2155 1113 2210 dicunturin
1123 2158 1541 2231 p1·ivetisdiebos,odmissom
1552 2163 1694 2235 majorem

863 2259 920 2296 non
937 2243 1117 2300 emittuntur.
1128 2245 1208 2300 idom
1224 2250 1319 2302 autem
1334 2248 1481 2321 J'eJ'unium
1496 2251 1522 2305 si
1537 2253 1694 2324 contigerit

861 2335 943 2386 extra
961 2331 1164 2403 Pentecosten,
1181 2350 1241 2389 aon
1256 2335 1311 2389 alia
1326 2337 1424 2392 tamen
1443 2338 1540 2393 olticia
1562 2355 1650 2409 qaam
1665 2342 1693 2394 et

861 2420 898 2474 ed
913 2419 1109 2475 Pentecosten
1125 2424 1300 2492 pertinentia
1316 2440 1353 2478 ex
1368 2441 1449 2480 more
1467 2430 1635 2494 cantamen
1652 2432 1690 2499 et,

861 2509 891 2561 in
906 2508 1033 2563 Sabbata
1044 2514 1112 2580 post
1126 2509 1317 2582 offerendam,
1327 2513 1377 2582 qui
1385 2517 1609 2585 responsoriam
1620 2532 1691 2571 een-

861 2597 976 2667 taverit,
992 2601 1020 2652 ct
1035 2597 1189 2654 tectionem
1206 2599 1311 2671 legerit
1326 2606 1436 2671 praeter
1447 2604 1602 2673 epistolam
1625 2622 1692 2660 cam

861 2684 938 2740 albis
954 2688 1035 2740 esset
1046 2686 1166 2741 indatus
1176 2688 1251 2742 solet
1260 2704 1294 2743 se
1305 2705 1425 2746 exuere.
1438 2692 1546 2747 Cantor
1554 2694 1604 2763 qui
1614 2696 1693 2750 tenet

862 2773 1691 2851 choramiacappe,otiisedorationemprocumbentibus

860 2877 918 2914 non
933 2863 1110 2932 procumbit,
1127 2867 1155 2917 et
1170 2865 1206 2918 ad
1223 2864 1301 2920 illam
1317 2868 1478 2923 emtionem
1499 2885 1565 2940 quae
1580 2870 1608 2926 ta
1624 2874 1691 2927 ento

859 2965 966 3003 nonam
981 2951 1041 3005 exit
1055 2952 1092 3005 de
1108 2952 1209 3006 choro.

1131 3040 1259 3097 CAPUT
1280 3043 1414 3099 xxvln.

87 1392 329 1465 *ropetiedgitis
340 1394 460 1445 octavas
477 1392 513 1446 de
524 1391 628 1446 Sancta
646 1390 807 1445 Trinitatc‘?

87 1480 184 1536 cosio.
202 1480 331 1534 Minime.
349 1480 444 1551 Major
458 1483 554 1534 tamen
566 1480 659 1534 missa
674 1483 806 1533 cantatur

87 1569 339 1639 amseptimanam
364 1570 400 1623 de
425 1572 525 1623 sancte
550 1568 700 1638 Trinitatc,
718 1573 745 1622 et
769 1568 805 1623 ad

87 1672 119 1713 ns
134 1673 227 1727 super
241 1657 386 1712 canticum
403 1657 557 1728 Evangelii
572 1658 707 1711 centulae
730 1656 805 1711 aali-

101 1745 264 1817 Postquam
289 1747 352 1800 sole
369 1746 520 1800 Dominica
544 1744 631 1799 luerit
646 1747 804 1813 transacta,

87 1834 219 1890 redimus
235 1834 271 1887 ad
286 1839 412 1905 quatuor
434 1835 568 1905 psalmos
592 1850 645 1905 per
668 1832 805 1904 singulas

87 1921 231 1991 licentias,
247 1928 276 1977 ct
292 1923 328 1976 ed
339 1922 442 1977 venies
454 1924 596 1992 petendas
608 1921 643 1975 nd
658 1921 740 1975 initia
749 1921 804 1975 tro-

87 2011 144 2081 μᾶ
161 2015 324 2066 nocturnos
338 2026 456 2083 quoquo
472 2011 501 2064 in
520 2010 644 2081 privetis
667 2010 804 2064 noctibus

87 2100 194 2170 mplius
216 2099 326 2171 legitur
347 2100 526 2171 quam2quce
550 2099 654 2152 scribit
683 2103 804 2153 sanetus

87 2188 501 2258 crus‚unaparvissimateotio
513 2204 578 2242 eum
584 2187 674 2248 simili
682 2203 804 2258 respon-

87 2275 131 2331 ist
145 2277 223 2331 aliud
237 2276 316 2348 quod
331 2277 522 2332 constitutum
534 2280 580 2331 est
592 2276 659 2330 utin
674 2276 805 2330 secunde

87 2365 154 2437 ujus
171 2366 305 2435 septime
320 2381 439 2435 semper
453 2368 577 2437 agotum
594 2365 701 2436 quippo
717 2368 804 2436 quot·

87 2454 265 2509 ›iunctoram
280 2455 309 2508 iu
326 2454 390 2508 loco
406 2459 508 2508 nostro
524 2458 593 2509 sunt
617 2453 734 2524 sepulti,
751 2469 804 2523 pro

87 2558 161 2598 unus
177 2543 270 2596 abbas
287 2542 456 2612 specialiter
473 2541 624 2596 constituit
648 2545 678 2596 ut
703 2557 804 2595 eornm

87 2632 138 2689 nio
153 2631 209 2687 hac
224 2631 289 2686 vicc
305 2631 528 2686 studiosissime
545 2632 602 2684 irat.
618 2630 700 2695 Quod
718 2631 804 2684 etiem

89 2721 137 2776 ius
155 2720 251 2775 edicte
267 2736 321 2789 per
336 2720 432 2774 omnia
447 2721 510 2774 loca
527 2723 627 2774 nostra
644 2719 707 2773 fiori
718 2718 802 2773 solet.

87 2808 213 2879 jusmodi
222 2811 289 2878 post
301 2824 444 2879 vesperas
453 2809 617 2879 regulares,
626 2813 654 2862 et
663 2806 805 2878 suffragia

87 2894 803 2968 'um‚priasquamprocedeturadeeclcsiemSoa-

87 2986 163 3053 sriae,
188 2984 314 3055 pulsatis
337 2985 450 3055 prolixe
475 2985 612 3040 omnibus
641 2986 749 3057 signis,
773 2985 803 3041 in

87 3073 805 3233 zuflfflrnxgffiffiffigffissquseglsfgssoffi'sse:
824 3128 903 3229 cllo
918 3128 1009 3182 iestis
1021 3134 1190 3184 sanctorum
1208 3132 1397 3187 venientibus
1402 3139 1470 3205 post
1478 3134 1687 3192 Pentecosten.

87 3250 151 3306 ralis
160 3250 356 3321 propensiore
369 3251 467 3305 studio
480 3253 525 3305 est
534 3251 719 3321 celebranda,
728 3256 756 3306 ct
765 3253 802 3306 eb
895 3217 1075 3290 ''norw‘'
1092 3219 1137 3272 Ad
1151 3223 1312 3275 ¹¹⁰⁰mffi⁰⁸
1328 3221 1507 3291 privfltmm
1521 3225 1651 3280 mium
1662 3228 1689 3281 εἰ

87 3339 469 3410 [ssacerdotibllsprivatae
493 3341 593 3394 Μίδεω
618 3356 670 3409 pm
690 3340 802 3395 eisdem
858 3305 925 3359 talis
942 3306 1039 3374 tectio,
1056 3308 1689 3409 utsuperiusdixisti,jagiterestdeputata

87 3426 135 3483 'a
152 3427 260 3482 Verum
278 3431 305 3481 et
320 3430 353 3483 ad
371 3430 492 3498 missas,
509 3430 544 3483 ad
559 3444 702 3498 vesperas
724 3434 751 3484 e,
766 3429 801 3483 ad
858 3393 1004 3492 quomodo
1018 3398 1107 3465 agitis
1122 3401 1427 3496 commemorationem
1444 3403 1623 3473 sanctorum,
1635 3420 1688 3474 pro

857 3482 966 3552 quibus
980 3485 1078 3538 tumea
1094 3485 1249 3539 duodecim
1264 3486 1407 3543 lectiones
1424 3504 1482 3544 non
1498 3490 1594 3546 llam?

893 3571 983 3642 llesp.
1000 3572 1081 3627 Bene
1096 3589 1220 3645 mones3
1237 3590 1305 3629 aem
1320 3576 1356 3631 de
1379 3580 1492 3634 sanetis
1517 3579 1688 3652 hujusmodi

858 3660 958 3732 utique
973 3662 1045 3715 liunt
1053 3667 1114 3718 trus
1124 3663 1269 3718 lectiones
1280 3680 1346 3719 eum
1357 3669 1561 3737 responsoriis
1569 3685 1687 3742 quoquo

857 3750 973 3814 tribus;
990 3754 1019 3806 ot
1034 3751 1108 3821 ipsae
1123 3752 1266 3808 lectiones
1282 3760 1430 3826 excerptae
1454 3760 1524 3812 sant
1538 3757 1573 3812 de
1589 3759 1687 3830 aliquo

87 3887 192 3943 epm
208 3876 235 3925 οἱ
251 3872 319 3926 vino
335 3873 512 3927 misecordia
527 3874 733 3944 impendenda·
857 3854 995 3893 sermone
1009 3841 1056 3894 vel
1065 3838 1184 3895 homilia
1195 3859 1260 3913 quae
1271 3845 1308 3898 ad
1318 3845 1375 3899 hoc
1385 3847 1511 3902 maxime
1522 3850 1688 3918 competere

856 3927 982 3996 ridetur,
999 3944 1176 3999 quemquam
1192 3946 1250 3984 non
1272 3933 1309 3985 ita
1334 3934 1418 3988 lieret
1440 3935 1469 3988 in
1495 3937 1687 4005 paschalibus

254 3977 380 4034 CAPUT
400 3979 520 4033 XXVH·
858 4015 973 4084 diebus,
990 4016 1143 4088 inquibus
1169 4019 1194 4072 si
1216 4021 1271 4075 tria
1292 4024 1482 4092 responsorio
1508 4026 1688 4081 constrantur

87 4084 164 4145 terrio
179 4083 310 4150 Qooroor
328 4085 499 4156 T0¹¹²P0¹'·'¹¹¹²
510 4086 541 4140 ¹⁸¹²
556 4102 659 4142 ¹²²⁶¹²⁸⁰
675 4088 770 4143 ‘'¹¹1³'st
857 4104 892 4159 de
908 4104 1030 4172 sanctis,
1047 4107 1144 4159 tamen
1159 4107 1302 4163 lectiones
1317 4115 1401 4164 erant
1424 4111 1460 4164 de
1485 4126 1519 4166 eo
1542 4112 1619 4166 libro
1636 4114 1686 4184 qui

87 4206 185 4262 aquam
200 4192 274 4246 ultra
291 4193 672 4264 progrediamnrdebcmus
683 4198 711 4249 et
725 4194 802 4265 jeju·
855 4194 884 4246 in
899 4207 933 4247 ea
948 4193 1092 4265 legendus
1107 4198 1169 4248 oret
1184 4196 1400 4264 septimanalit
1416 4202 1447 4253 ut
1462 4202 1618 4270 qrraestiooi
1628 4204 1686 4256 tuas

87 4280 679 4353 tuorTemporummemirrisse,quodcum
691 4284 802 4338 inanno
854 4281 950 4336 adhuc
965 4281 1075 4353 aliquid
1091 4286 1415 4355 supererogaverimde
1430 4287 1543 4341 eisdem
1558 4289 1683 4357 sanctis,

91 4369 218 4439 eveniet,
229 4369 265 4422 ad
281 4371 476 4424 omnesvieos
487 4370 516 4422 in
528 4370 594 4441 ejus
606 4371 728 4426 sabbato
740 4388 802 4425 ma·
855 4371 890 4423 ad
906 4372 1068 4425 nocturnos
1083 4374 1202 4442 propter
1217 4373 1284 4427 illos
1299 4388 1354 4428 nec
1369 4374 1496 4445 hymnus
1508 4389 1562 4431 nec
1576 4376 1684 4447 psalmi

87 4472 126 4512 isa
141 4473 201 4512 nou
217 4459 397 4527 praevenitur
411 4474 478 4512 cum
493 4458 609 4526 letania,
626 4476 680 4514 nee
692 4461 802 4515 adeam
857 4459 1686 4535 ferialesmutanturlnvitatorium,capitulum,versuset

87 4562 162 4600 rrum
177 4546 304 4616 amplius
316 4562 403 4618 quam
415 4546 450 4601 de
465 4548 563 4602 cilicio
575 4552 620 4602 est
631 4549 802 4616 dicendum,
818 4517 990 4604 Deotteetae
1006 4549 1042 4604 de
1057 4549 1102 4603 eis
1118 4554 1188 4605 sant
1202 4550 1337 4606 dicenda.
1349 4553 1393 4608 Ad
1405 4554 1686 4627 iaudesentiphonae

87 4638 174 4704 artur,
192 4635 238 4690 vel
255 4650 312 4705 pax
327 4636 478 4706 recipitur,
494 4637 553 4690 nisi
567 4638 604 4691 ab
620 4654 693 4708 ano,
709 4639 804 4693 necin
855 4653 910 4708 pro
926 4638 971 4692 eis
987 4638 1147 4709 dequibus
1163 4643 1247 4709 sunt3
1262 4644 1290 4695 ct
1301 4642 1412 4714 singuli
1424 4645 1530 4714 psalmi
1540 4644 1686 4700 hahentur

87 4724 129 4778 rio
139 4723 247 4779 dantur
259 4723 364 4779 hostire
374 4726 598 4791 inconsecratae,
610 4727 686 4781 sicat
698 4729 727 4781 in
737 4727 803 4783 eliis
854 4726 890 4780 de
901 4726 945 4781 eis
956 4726 1055 4797 utique
1070 4732 1218 4783 mutentur
1226 4731 1255 4784 et
1264 4730 1300 4784 ad
1310 4731 1440 4803 reliques
1451 4733 1541 4788 horas
1552 4732 1685 4803 antipho-

87 4812 218 4868 tdiebus
234 4813 340 4867 soleat.
357 4813 419 4868 Hoc
437 4816 532 4868 autem
546 4813 704 4886 jejuniam,
723 4816 802 4887 quod
855 4831 901 4869 nae
916 4830 1012 4886 usqae
1028 4817 1064 4869 ad
1075 4806 1205 4871 cilicium
1216 4819 1333 4885 missoe;
1346 4836 1412 4874 eum
1422 4821 1521 4875 orooro
1532 4836 1685 4877 eorumre-

87 4914 120 4957 so
134 4900 222 4955 iunio
239 4901 346 4972 agitur,
363 4917 511 4972 nunquam
530 4903 628 4974 egitur
642 4908 707 4958 onte
723 4904 800 4958 Pon·
856 4903 987 4958 cordolio
1003 4918 1039 4958 ex
1053 4907 1113 4959 toto
1128 4906 1273 4962 clauditur
1287 4911 1316 4962 et
1331 4908 1634 4980 linitur.Nampostea
1648 4911 1685 4966 ad

87 5006 112 5057 n,
129 4990 246 5044 tametsi
261 4990 345 5060 prius
356 4991 472 5045 eveniat
482 4993 626 5045 terminus
639 4993 801 5065 ejusrcgu-
857 4993 947 5045 heras
961 5009 1028 5064 quae
1044 4992 1174 5049 olilcium
1189 5000 1364 5067 sequautur,
1380 4997 1685 5070 nocantiplronae,aee

87 5081 104 5131 ·.t
116 5078 141 5129 si
159 5079 273 5132 'venerit
286 5077 315 5131 in
331 5078 395 5147 ipsa
412 5080 574 5149 septimana
596 5081 799 5151 PentecosteS,
857 5081 933 5136 aliud
949 5081 1108 5152 quidquem
1133 5086 1179 5138 est
1200 5083 1235 5137 do
1259 5085 1344 5153 ipsis.
1362 5083 1420 5139 Sed
1446 5088 1473 5140 si
1497 5089 1638 5160 evenerit,
1656 5092 1686 5145 at

103 5164 247 5221 differtur.
857 5186 960 5225 eorum
984 5172 1125 5225 memoria
1148 5173 1178 5226 ia
1201 5172 1298 5244 aliqua
1321 5174 1472 5230 Dominica
1497 5179 1536 5231 sit
1559 5179 1683 5251 agenda,

87 5272 97 5311 ’.
114 5254 152 5310 Et
168 5256 316 5326 quomodo
331 5258 400 5310 trano
416 5256 513 5311 tacitis
536 5261 706 5329 utrumque,
719 5259 801 5330 jeju·
855 5263 923 5328 post
934 5275 1076 5330 vesperas
1088 5260 1244 5331 regulares
1255 5262 1284 5315 in
1296 5262 1424 5319 Sabbato
1436 5269 1590 5322 cantantur
1600 5268 1685 5322 itati-

87 5342 352 5399 toolemnitatem?
855 5349 962 5417 plionae
978 5347 1014 5402 do
1030 5349 1100 5417 illis,
1116 5353 1144 5403 ct
1159 5350 1294 5421 sequitur
1308 5351 1442 5409 collecta.
1459 5355 1503 5409 Ad
1522 5360 1684 5413 nocturnos

87 5431 287 5487 delacerabit
299 5447 445 5490 erramus.
459 5433 801 5507 Nam,utprimodicam,
855 5436 943 5491 simul
958 5453 1024 5492 eam
1040 5437 1217 5508 invitatorio,
1234 5441 1263 5493 et
1277 5455 1345 5495 eum
1361 5441 1533 5517 Evangelio,
1559 5448 1684 5517 quatuor

87 5534 114 5577 ιο
129 5535 249 5594 quoque
259 5520 379 5593 jejunii,
396 5522 495 5593 idest,
512 5526 615 5596 quarta
633 5522 718 5592 teria,
735 5527 803 5595 post
856 5530 994 5581 extraneae
1006 5526 1149 5582 lectiones
1165 5527 1283 5584 tiuntde
1297 5529 1384 5602 ipsis,
1395 5535 1500 5604 postea
1515 5532 1683 5605 pleniterarl

87 5624 128 5667 rm
143 5609 250 5669 sedem
264 5624 368 5668 omues
383 5613 412 5667 in
427 5612 557 5668 elaustro
571 5613 608 5668 ad
628 5611 782 5671 lectionem
791 5631 798 5683 ;
854 5616 1012 5673 matutinas
1027 5616 1141 5689 leudes,
1158 5621 1187 5673 et
1209 5617 1240 5675 ia
1254 5618 1302 5677 die
1326 5619 1419 5678 missa
1434 5622 1624 5683 matutinalis.
1642 5621 1683 5682 Da

87 3534 113 3583 o,
129 3520 158 3572 et
172 3518 330 3571 matutinas
345 3502 439 3588 primo
451 3518 573 3573 dicende
583 3519 803 3575 csteaeoilccta

87 3607 151 3679 ujus
165 3607 367 3660 miseratione.
381 3606 542 3661 Duodecim
554 3623 698 3678 pauperes
708 3609 744 3663 ed
755 3625 802 3679 pe·

96 3695 208 3763 vinum,
219 3695 316 3749 citatio
329 3696 426 3749 corais
436 3694 585 3766 adjuncto,
596 3697 722 3751 ubertim
734 3701 804 3751 sant

87 3783 135 3853 nli,
147 3786 176 3838 et
190 3784 306 3837 canolis
317 3783 383 3837 eliis
399 3785 579 3854 pauperibus
591 3786 803 3854 supervenien-
