3908 6112
31 273 97 338 589
699 274 927 343 OPUSCULA
947 277 1116 344 sauata.
1355 274 1359 279 ’
1705 287 1765 353 590

27 473 175 530 miseriis
190 475 308 544 flemus,
319 475 348 530 ia
364 477 439 531 valle
454 476 766 548 laerymarumauxilio
781 476 874 531 desti·
889 459 919 522 Α
969 477 1483 547 8.Ει,Ιεευιη,ὸθηεάίοιυωΐηιοίωη
1494 486 1668 557 reatristui,
1680 487 1766 543 nobis

22 561 89 619 iuli
108 563 261 632 gemiane,
278 562 377 618 Solem
389 566 580 636 justitiaenoa
595 566 740 621 videntes.
757 565 877 620 Flemus
931 573 998 638 post
1015 567 1068 621 boc
1084 567 1222 621 exsilium
1239 570 1372 623 ostendo.
1390 569 1412 623 O
1428 576 1532 625 venter
1547 574 1701 641 mirabilis,
1715 578 1763 648 qui

19 649 173 708 inimicis
196 653 310 706 nostris
334 654 500 708 servientes
525 655 554 708 in
580 655 655 708 vallo
683 654 878 725 laerymarum
934 655 1168 725 poluitreeipcre
1185 654 1370 711 Creatorem!
1387 657 1525 712 Creator
1537 659 1702 729 laudabilia,
1715 666 1765 734 qui

11 753 159 808 sumus,
184 742 264 794 tuum
279 741 418 795 auxilium
436 743 629 811 postulantes.
653 743 724 797 ilina
740 747 785 797 ost
801 748 879 798 certe
935 743 1446 815 mernitconeipereredemptionom
1461 745 1466 800 l
1479 747 1765 804 Orontea-desidora-

10 824 880 901 vallislaeryrnarumadquamomnialacryraabiliatluunt
934 829 1014 898 bitis,
1031 847 1046 884 a
1062 848 1119 902 quo
1135 835 1281 886 emanavit
1296 833 1476 888 desiderium
1496 838 1644 905 litantium,
1662 840 1769 907 gratia·

11 915 233 993 gemebunda
245 917 417 985 decurrunt,
433 918 466 972 ad
484 935 570 990 quam
586 919 693 973 llabilia
713 923 810 974 ruunt.
835 920 880 973 Ad
935 934 1000 972 rum
1012 920 1131 987 tluvius,
1145 921 1573 992 glor-impraemiumlOventer,
1587 941 1642 979 uon
1655 931 1767 996 venter,

11 1010 116 1067 hane
133 1005 762 1076 vallemlluxerantdmrnonesinfernorum,
776 1007 823 1062 bic
835 1012 881 1061 est
936 1007 989 1062 sed
1001 1023 1170 1078 empyreum
1187 1008 1309 1064 coelnml
1334 1011 1364 1064 la
1382 1011 1437 1065 boc
1453 1019 1556 1067 ventre
1572 1014 1626 1068 luit
1642 1016 1768 1084 pretium

11 1106 131 1170 poena
154 1093 418 1165 protoplastorum,
441 1095 571 1150 miser-iai
591 1097 788 1167 antiquorum.
805 1094 881 1160 Quid
935 1096 1767 1174 perdit01·um,lelicitasbeatorum,Dominusaugelorum.

17 1181 880 1256 ampliusdieam‘inecsullleio,necsciobnjnsvallisde·
934 1183 1058 1239 Obeatn
1079 1183 1190 1240 uberat
1213 1185 1236 1240 0
1260 1187 1383 1240 Domina
1407 1186 1491 1242 moal
1514 1188 1623 1244 Olons
1638 1191 1767 1261 piatatis,

20 1270 196 1331 testabilia
207 1287 357 1327 enarrare.
371 1272 430 1327 Eia
448 1287 530 1345 erpo.
549 1273 703 1328 Advocato
725 1271 881 1329 rostrato
936 1271 1019 1328 laena
1045 1273 1219 1343 sanctitatis,
1250 1274 1358 1329 lluvins
1385 1274 1526 1331 bonitatis
1555 1282 1659 1332 venter
1687 1282 1768 1349 tuus,

28 1358 368 1417 laudabilisclamentia
378 1360 551 1431 Salvatoris,
564 1367 592 1416 ot
602 1361 724 1416 nimium
733 1360 880 1432 amabilis,
937 1361 1060 1415 Domina
1073 1359 1079 1415 l
1091 1361 1314 1432 Olelixvaater,
1324 1362 1373 1434 qui
1386 1361 1484 1417 Solem
1495 1366 1635 1436 genuisti,
1646 1368 1768 1422 univer-

35 1447 91 1520 φὶ
107 1447 289 1503 sieafflictis
304 1452 363 1504 lam
383 1448 481 1505 nobile
497 1451 663 1505 subsidium
679 1450 882 1522 dignatusest
936 1465 1004 1504 sum
1028 1451 1167 1504 mundum
1188 1451 1342 1521 reparasti,
1368 1453 1520 1507 coelestem
1536 1455 1658 1523 patriam
1680 1471 1769 1511 recu-

46 1534 168 1606 elargiri
178 1532 464 1592 lOcerleDeinostri
474 1539 548 1591 mira
560 1538 804 1610 benignitasque
816 1538 880 1594 suis
935 1538 1056 1609 parasti,
1073 1538 1195 1608 iusuper
1210 1538 1343 1594 donastil
1360 1540 1383 1594 Ο
1398 1555 1485 1611 quam
1495 1543 1644 1610 protiosus
1654 1549 1767 1616 ventor,

50 1622 104 1678 reis
115 1626 145 1678 le
156 1623 313 1679 Dominam
321 1626 422 1680 tribuit
433 1627 614 1697 advocatam,
625 1632 679 1681 uta
691 1627 765 1683 Filio
778 1631 879 1685 tuoin·
937 1627 987 1697 qui
1010 1626 1131 1696 protulit
1153 1627 1328 1681 medicinam
1351 1628 1486 1700 inlirmis,
1513 1630 1602 1684 vitam
1621 1635 1746 1688 mortuis
1759 1674 1766 1702 ,

55 1719 90 1768 ter
97 1728 154 1767 uos
163 1715 193 1768 et
204 1713 298 1768 Deum
310 1715 424 1769 Patrem
434 1715 538 1770 iudice
554 1718 723 1785 constituto,
737 1718 814 1788 quod
826 1734 880 1789 pro
936 1715 1106 1785 paradisum
1118 1713 1230 1785 justisl
1248 1716 1384 1771 Ovenler
1399 1717 1558 1786 eburneus,
1576 1723 1604 1773 et
1619 1721 1709 1775 sedes
1724 1737 1768 1776 sa·

61 1801 134 1856 uobis
149 1800 294 1870 volueris,
311 1803 467 1872 impetrare
478 1804 588 1858 valeas.
600 1804 747 1859 Nceenim
759 1805 880 1862 dubium
895 1812 923 1875 Β
938 1803 1073 1873 piontiael
1099 1803 1121 1857 O
1141 1808 1245 1858 venter
1259 1805 1416 1872 tornatilis,
1444 1810 1471 1858 et
1486 1807 1630 1862 celsitudo
1645 1807 1767 1879 gloriael

62 1890 103 1944 crit
116 1891 197 1961 quod
221 1906 281 1945 non
296 1893 354 1944 tam
369 1890 525 1946 manileste
543 1893 700 1961 damnabit,
715 1910 791 1965 quos
807 1911 880 1950 con·
936 1892 1077 1946 Oventer
1091 1893 1236 1962 amabilis,
1259 1897 1287 1946 et
1306 1893 1431 1948 dulcedo
1449 1893 1571 1949 animal
1596 1895 1618 1949 0
1643 1897 1768 1952 elevatio

63 1982 148 2034 serrat
165 1982 226 2033 tuae
242 1979 396 2034 advocatio
410 1980 526 2050 pietatis
540 1980 546 2035 l
569 1981 592 2035 0
610 1982 793 2037 admirabilis
809 1999 881 2056 erga
937 1982 1087 2048 mentium,
1104 1981 1258 2034 inebriatio
1275 1981 1417 2050 cordium,
1435 1986 1463 2036 et
1483 1985 1615 2038 suavitas
1630 1989 1768 2053 peccato-

63 2081 104 2122 nos
126 2067 333 2122 misericordia
355 2069 408 2123 Dei
423 2069 517 2123 nostri
532 2071 592 2141 qui,
610 2086 674 2126 nea
688 2087 743 2126 sua
760 2071 881 2144 ingere·
936 2086 1001 2123 rum
1012 2068 1017 2124 l
1027 2069 1153 2123 Fructus
1165 2074 1242 2138 tuus,
1254 2070 1386 2137 ltomina,
1399 2072 1653 2127 corleestsrnctus
1663 2074 1768 2128 boatus

62 2170 115 2210 nus
129 2156 297 2224 clementia,
308 2172 368 2212 non
383 2157 479 2212 solum
489 2159 708 2215 communicare
723 2161 882 2216 nobiscum
936 2158 1104 2227 aprineipio
1120 2160 1166 2211 sui
1180 2163 1274 2212 ortus.
1286 2158 1340 2210 llic
1353 2162 1399 2212 est
1412 2160 1513 2227 lesus,
1528 2161 1577 2213 ilci
1591 2160 1650 2213 viri
1662 2161 1766 2215 Filius.

61 2243 204 2315 inludice,
222 2248 254 2299 ul
268 2249 351 2301 esset
362 2245 451 2315 Deus,
465 2249 494 2301 et
509 2247 607 2315 bomo,
620 2247 649 2302 id
664 2251 719 2314 est,
732 2247 881 2319 Christus,
937 2245 1043 2300 Hioost
1053 2245 1306 2313 Salvatornoster,
1317 2245 1369 2300 Chi
1379 2248 1454 2299 istus
1465 2248 1617 2301 imminuo.
1631 2247 1769 2302 Indulee·

60 2333 653 2406 aquodebetsententiapromnlgari,sed
664 2336 883 2392 voluitviscera
936 2335 1002 2388 dine
1020 2335 1111 2405 hujus
1128 2335 1242 2388 fructus
1258 2334 1432 2388 sublevatur
1443 2335 1619 2404 intellectus,
1633 2336 1783 2398 dilatatur,

60 2421 259 2491 misericodia),
277 2423 397 2478 lllatrem
414 2440 508 2492 suam,
526 2425 679 2479 Dominam
696 2427 810 2497 glor-iac,
828 2443 882 2480 no·
937 2422 1071 2491 allectus,
1089 2427 1116 2476 et
1132 2424 1285 2491 utriusque
1297 2424 1444 2492 alliciatur
1456 2423 1611 2492 appetitus.
1624 2423 1768 2477 Claroscit

58 2511 881 2585 stramconstituereAdvocatum,utrei,nonjudieium,
935 2514 1019 2581 ratio,
1051 2512 1195 2566 dulcescit
1219 2511 1344 2575 allectio,
1376 2512 1548 2580 purificatur
1577 2512 1706 2565 intentio.
1738 2513 1768 2566 ln

56 2599 101 2653 sed
121 2598 882 2673 subsidium,nonsupplicium,sedoelernumprae-
936 2602 1090 2656 dulcedine
1115 2601 1228 2654 lruetus
1251 2601 1291 2653 tui
1316 2605 1406 2653 totum
1434 2600 1571 2670 liquescit
1596 2615 1661 2663 cor,
1685 2605 1768 2655 tuum

56 2687 136 2742 nium
152 2688 467 2758 invenit-epossemus.
480 2689 591 2745 Etideo
602 2692 882 2747 nonesttimondum
936 2690 1063 2744 lructuni
1079 2689 1253 2760 degustans
1273 2689 1357 2742 llnno
1374 2688 1487 2754 desim,
1506 2688 1691 2742 lienadictnm
1707 2689 1767 2743 lru·

54 2776 119 2847 quin
129 2776 306 2831 miserearis
316 2778 447 2846 miseris,
458 2782 486 2833 et
494 2779 528 2833 ad
540 2779 741 2849 illamparlem
752 2781 882 2837 declines
937 2783 1015 2834 ctum
1026 2779 1137 2831 ventris
1153 2778 1204 2842 tui,
1222 2777 1308 2832 nobis
1324 2782 1390 2846 post
1407 2777 1462 2831 boc
1478 2777 1615 2831 exsilium
1632 2779 1766 2834 ostende.

54 2866 225 2920 eanmntiam
241 2879 329 2936 quarn
344 2864 496 2937 delendis,
513 2870 541 2921 et
556 2868 644 2922 nobis
658 2868 800 2937 impetres
816 2885 884 2941 gra·
936 2867 1080 2938 Utipsurn
1092 2867 1229 2935 videndo,
1241 2867 1337 2934 ipsum
1350 2865 1521 2935 halicarnes,
1533 2867 1630 2935 ipsum
1641 2867 1768 2922 videndo

53 2952 118 3007 tiam
132 2967 224 3023 quarn
238 2968 294 3024 pro
308 2953 395 3009 nobis
406 2955 549 3025 precaris
562 2955 629 3011 Scio
644 2955 806 3027 benequod
817 2960 884 3026 post
935 2956 1115 3011 beatitudine
1140 2955 1317 3025 repleamur,
1343 2957 1440 3024 ipsum
1464 2955 1591 3008 videndo
1616 2957 1646 3009 in
1670 2956 1768 3025 ipsum

55 3041 228 3097 sententiam
241 3056 300 3097 non
315 3045 408 3098 restat
422 3043 578 3112 appellatio
588 3044 624 3098 ad
636 3044 789 3115 majoram,
802 3046 881 3116 qnia,
936 3045 1093 3116 rapiamur,
1119 3045 1217 3113 ipsum
1239 3044 1364 3097 videndo
1388 3043 1416 3095 ia
1442 3043 1539 3111 ipsum
1557 3041 1765 3111 diffundamur,

54 3130 105 3184 elsi
127 3129 228 3184 ludex
243 3130 283 3184 sit
296 3129 395 3198 bomo,
411 3129 500 3201 eujus
515 3146 549 3185 es
562 3137 663 3200 mator,
680 3134 727 3187 est
740 3136 837 3187 tamon
855 3138 882 3189 et
898 3160 923 3221 C
937 3135 1034 3204 ipsum
1046 3131 1172 3185 videndo
1183 3132 1212 3183 in
1223 3133 1320 3200 ipsam
1332 3135 1549 3185 convertamur.
1562 3131 1649 3184 Utsic
1658 3131 1766 3202 deidei,

55 3216 130 3274 Deus
145 3217 243 3273 Filius
257 3218 311 3273 Dei
326 3219 432 3274 Patris.
452 3218 520 3273 Non
539 3220 617 3275 enim
633 3222 730 3290 video,
747 3222 879 3292 Domina,
937 3237 996 3276 non
1007 3222 1100 3275 nostri
1107 3220 1213 3286 simus,
1224 3218 1277 3271 sed
1287 3218 1413 3271 totaliter
1424 3216 1624 3271 translormati
1633 3218 1662 3272 in
1670 3219 1768 3289 ipsum

56 3306 199 3380 quomodo
212 3306 267 3362 tibi
282 3306 498 3378 aliquidvaleat
509 3309 660 3381 denegari,
672 3310 781 3381 atquin
791 3314 882 3381 perte
936 3311 960 3366 Ο
988 3309 1137 3365 clemens!
1163 3306 1269 3378 Opia!
1297 3305 1320 3361 0
1348 3305 1577 3360 dulcisdlaria!
1597 3305 1767 3362 Oelemens

57 3394 205 3451 celestem
215 3395 339 3464 patriam
348 3394 521 3452 habeamus.
531 3395 567 3451 Et
577 3397 641 3453 haeo
653 3398 739 3452 etiam
751 3399 883 3453 miranda
937 3397 1149 3471 indigentibus,
1173 3396 1221 3466 pia
1241 3395 1445 3463 exorantibus,
1469 3393 1565 3448 dulcis
1582 3392 1766 3450 ornantibusl

56 3482 101 3538 illa
114 3484 224 3555 pietas;
243 3483 301 3538 boe
314 3486 361 3538 est
374 3487 454 3539 certe
468 3485 547 3554 quod
568 3485 649 3556 eupit
665 3486 745 3542 Deus
770 3490 882 3559 noster,
937 3487 1105 3543 Oclemens
1119 3485 1341 3556 penitentibus,
1358 3483 1404 3554 pia
1421 3482 1653 3553 proficientibus,
1671 3484 1767 3538 dulcis

57 3569 109 3628 boc
122 3570 259 3642 estquod
270 3571 500 3642 desiderat3hoe
511 3576 567 3644 est,
579 3578 741 3645 proquote
752 3579 883 3630 nostram
938 3574 1204 3646 contemplantibus
1215 3569 1221 3627 l
1234 3571 1257 3627 O
1268 3571 1399 3627 clemens
1411 3571 1573 3640 liberando,
1586 3572 1634 3643 pia
1643 3572 1769 3645 largien-

58 3661 206 3716 constitnit
214 3658 406 3716 advocatam.
419 3660 487 3716 Non
494 3664 586 3717 restat
594 3663 884 3735 ergo,Domma,nisi
938 3666 985 3736 do,
1002 3664 1099 3720 dulcis
1113 3669 1141 3719 te
1152 3661 1288 3717 donando
1302 3658 1308 3714 l
1324 3660 1348 3714 Ο
1363 3661 1494 3714 clemens
1509 3659 1703 3731 consolando,
1719 3662 1769 3732 pia

56 3753 85 3804 ut
98 3747 167 3804 illos
179 3754 245 3804 tuos
255 3748 470 3806 misericordes
484 3749 585 3806 oculos
597 3751 636 3806 ad
646 3767 699 3807 nos
714 3760 883 3809 convertes.
939 3750 1132 3820 consulendo,
1145 3750 1241 3805 dulcis
1255 3749 1434 3803 blandiendo
1446 3747 1452 3802 l
1470 3748 1493 3802 0
1509 3748 1640 3802 clemens
1655 3748 1686 3803 in
1698 3764 1768 3805 con·

57 3835 119 3892 Non
134 3837 249 3907 dubito,
272 3836 406 3906 Doniina,
432 3838 510 3909 quod
534 3839 561 3893 si
584 3845 705 3897 nostras
729 3842 885 3912 aspexeris
939 3845 1053 3913 speetu,
1069 3841 1116 3909 pia
1131 3839 1160 3893 in
1176 3835 1291 3901 ellectu,
1304 3837 1401 3890 dulcis
1414 3834 1573 3891 inaffectul
1588 3836 1726 3891 Clemens
1738 3837 1768 3893 in

57 3926 204 3996 marias,
221 3941 280 3981 non
295 3928 402 3996 poterit
416 3930 466 3981 tua
476 3928 626 3984 miseratio
637 3945 725 3984 suum
734 3932 885 3987 retardare
940 3934 1094 4000 conceptu,
1110 3928 1157 3997 pia
1180 3927 1209 3980 in
1226 3930 1358 3994 aspectu,
1375 3924 1471 3978 dulcis
1487 3925 1517 3979 in
1537 3925 1692 3996 amplexu3
1706 3926 1769 3980 ele·

58 4013 203 4071 affectum.
219 4013 381 4085 Mirabiles,
397 4029 513 4070 necnon
528 4017 670 4072 natabiles
686 4023 755 4073 sunt
769 4023 886 4074 tuorum
939 4034 1024 4072 mens
1042 4032 1075 4071 es
1099 4016 1228 4081 al'lliclis,
1248 4016 1296 4082 pia
1319 4012 1480 4081 derelictis,
1499 4013 1594 4066 dulcio
1624 4014 1652 4066 in
1669 4029 1769 4068 amore

57 4102 129 4159 radii
143 4103 308 4173 oculorum,
320 4103 429 4175 quibus
444 4105 603 4160 nosallicis
614 4106 801 4177 adamarem,
814 4108 886 4162 etad
937 4107 1040 4178 justis·
1067 4105 1203 4159 Clemens
1224 4117 1258 4155 es
1279 4099 1435 4171 subjectis,
1466 4101 1512 4169 pia
1534 4100 1598 4169 jam
1613 4102 1769 4172 correctis

56 4191 170 4263 plenam
181 4191 409 4252 ducisealutem.
421 4208 458 4247 ne
466 4196 627 4248 venenatos
638 4194 742 4250 acidos
751 4196 886 4251 basilisci
941 4196 1037 4251 dulcis
1062 4192 1251 4264 praedilectis.
1272 4189 1408 4243 Clemens
1429 4203 1462 4241 as
1477 4189 1656 4258 petentibus,
1678 4190 1725 4258 pia
1743 4195 1770 4245 te

56 4282 223 4336 timeamus.
241 4279 265 4337 O
280 4279 351 4336 Evae
367 4281 445 4336 oculi
466 4284 612 4350 veiienati,
629 4299 682 4339 cur
698 4299 757 4338 non
774 4283 887 4339 ollertis
942 4285 1155 4359 quaerentibus,
1172 4281 1267 4336 dulcis
1283 4284 1310 4333 te
1321 4278 1508 4348 pulsantibus
1520 4295 1527 4342 ;
1540 4276 1671 4331 clemens
1683 4277 1771 4331 admi·

57 4385 111 4426 vos
125 4368 223 4425 oculis
239 4369 383 4442 virginio,
403 4370 430 4424 si
454 4369 543 4425 vultis
566 4371 725 4441 perlectam
753 4375 887 4444 recipere
942 4377 1086 4442 rantibus,
1107 4373 1155 4443 pia
1167 4369 1396 4436 exsultantibus,
1412 4366 1508 4421 duleis
1524 4371 1551 4419 te
1568 4366 1769 4438 gustantibus.

58 4457 233 4513 medicinam
243 4458 258 4512 ‘l
267 4474 466 4514 namsuorum
475 4459 548 4514 radii
559 4460 713 4514 oculorum
726 4465 754 4515 ct
767 4461 885 4514 claritas
943 4464 1079 4520 Glemona
1094 4477 1128 4516 os
1143 4457 1343 4530 pauperculis,
1355 4458 1401 4527 pia
1416 4472 1449 4510 es
1461 4456 1621 4524 despectis,
1631 4454 1726 4509 dulcis
1738 4468 1771 4508 os

56 4546 177 4617 expellit
191 4546 341 4615 tenebras,
359 4544 644 4620 daemonumallagat
659 4553 805 4620 catervas,
819 4566 886 4619 pur·
944 4555 1068 4610 devotis.
1094 4553 1231 4606 Clemens
1260 4564 1293 4602 as
1315 4546 1449 4613 elevatis,
1472 4545 1518 4613 pin
1542 4544 1771 4613 translormatis,

57 4639 109 4708 8⁸1
134 4635 277 4690 mentium
300 4635 381 4705 Villa,
408 4636 496 4690 ⁰0rd³
520 4636 671 4709 ⁰⁰ssgss¹⁰la
692 4639 835 4706 acoessllib
859 4642 887 4692 el
944 4645 1039 4699 dulcis
1055 4632 1527 4711 liquefactisllclemanslOpial
1545 4633 1676 4688 Odulcis
1687 4633 1772 4703 virgo

56 4724 176 4779 demum
198 4723 235 4778 ad
254 4724 388 4779 eoelestia
402 4723 500 4779 trabit.
518 4723 645 4795 Obeati,
662 4727 794 4797 Domina,
811 4743 887 4798 quos
944 4734 1044 4789 alarin.
1069 4731 1146 4797 Arc,
1163 4728 1272 4797 Maria,
1283 4732 1382 4799 pratia
1394 4723 1493 4795 plena,
1511 4723 1652 4776 Dominus
1667 4727 1774 4778 tecum.

55 4810 332 4868 viderintoculituil
345 4812 606 4886 Hosergooculos,
619 4815 887 4886 benigualtomiua,

54 4900 92 4957 ad
107 4915 165 4956 nos
181 4904 331 4957 converte.

74 5012 1762 5049 'w

305 5341 666 5426 rinut'rxuouns
702 5345 762 5422 ne
792 5344 960 5422 ansas
1003 5341 1046 5423 n.
1077 5333 1122 5414 a.
1149 5333 1262 5414 insu
1296 5323 1509 5409 annisu.

812 5492 1051 5504 ffl—

57 5590 98 5648 Se
121 5594 230 5647 nentes
243 5589 552 5664 rbytbrnosAnsalmo
558 5589 684 5646 ascribit
693 5586 846 5646 arnoldus
858 5582 960 5641 Wion:
971 5584 1092 5656 ejusque
1101 5596 1206 5636 nornen
1217 5585 1303 5650 atpnc
1312 5577 1365 5631 lios
1376 5573 1477 5655 titides
1483 5571 1609 5656 praescri
1619 5571 1713 5652 codex
1722 5583 1776 5649 ms.

127 5666 287 5719 aetnaeos.
304 5662 427 5720 Similes
442 5662 629 5737 eiusdemque
643 5661 851 5719 modulationis
864 5656 918 5715 alii
931 5657 1081 5713 debentur
1096 5653 1170 5727 apud
1189 5647 1385 5707 Bernarduni.
1402 5645 1451 5701 Pn
1469 5644 1584 5723 qnidam
1600 5648 1667 5700 sunt
1681 5645 1732 5698 isti
1749 5642 1779 5697 et
