3900 6112
128 283 206 351 124³
696 279 915 353 WILLELMI
952 278 1272 353 GONQUESTORIS
1756 278 1832 345 im

118 500 237 542 manum
252 486 409 542 concilium
425 486 549 555 accitus,
566 485 666 541 renuit
680 485 733 539 ire.
746 483 822 539 Sane
836 482 958 553 pigebat
972 462 997 519 Α
1012 496 1171 551 generoso,
1183 479 1305 551 juranis
1319 478 1717 551 aprinaipepontiilcatusin
1733 480 1844 550 apicem

118 575 346 648 Rothomagum,
369 576 489 646 pigebat
500 578 635 628 cunctam
652 572 896 628 Northmanniam
912 587 957 624 ar·
1009 573 1180 639 provectus,
1194 570 1339 640 spirituali
1355 585 1424 623 mox
1439 569 1544 623 canitie
1557 568 1685 623 senibus
1703 568 1844 622 maturior

123 664 322 735 ohipraesulis,
340 663 391 733 qui
406 679 473 717 cum
497 662 660 716 honestatis
676 661 773 715 forma
793 661 959 715 eminentes
1009 659 1146 713 enitebat.
1158 657 1409 728 Nequaquamille
1421 657 1616 728 abantiquum
1625 658 1752 711 stemma
1760 660 1840 711 nota·

118 768 253 825 quosque
274 753 447 807 antecedere
475 752 606 819 deberat,
654 750 820 804 intimarum
859 765 960 819 pereo
1009 745 1842 817 batnriastuosus,nrcohaltioremgradumsivehorea·

121 857 227 897 aarum
249 840 418 896 testimonio
433 843 591 894 accusante
609 839 825 906 confutabatur,
841 839 958 892 univer·
1008 839 1065 890 tem
1082 838 1196 890 aetatem
1210 836 1308 889 animo
1323 837 1372 888 aut
1387 835 1492 901 elatus,
1507 836 1557 888 aot
1571 848 1624 904 per
1639 833 1775 888 lubricas
1790 849 1840 887 vo-

126 946 226 985 sorum
243 930 384 1000 despectu
399 929 609 1000 degradandus
626 929 813 982 censebatur.
1007 923 1133 993 luptates
1150 939 1256 996 vagus.
1273 922 1559 993 Librebataquidem
1569 926 1694 977 strenua
1702 921 1841 976 sollicita·

156 1015 301 1087 Princeps
326 1019 417 1087 igitur
438 1017 677 1071 animadvertens
691 1016 753 1087 jam
768 1031 827 1070 non
839 1014 959 1070 monitis
1011 1010 1078 1083 dine
1089 1027 1181 1084 greve
1197 1027 1315 1081 munus,
1331 1014 1415 1066 caute
1425 1011 1602 1083 gestandum
1614 1025 1704 1065 onus.
1715 1010 1842 1079 Propriae

122 1107 172 1179 agi
185 1108 322 1175 oportere
338 1106 368 1158 in
385 1120 473 1159 causa
487 1105 644 1175 praecipuae
658 1105 822 1176 gravitatis,
836 1105 959 1158 neultra
1008 1100 1409 1156 conversationisdireotioni
1419 1102 1527 1155 attente
1538 1099 1766 1171 vigilabat,jugi
1777 1114 1842 1154 cura

127 1194 263 1265 patiendo
278 1192 401 1262 superni
410 1193 514 1264 judicii
531 1194 604 1247 irum
626 1193 753 1247 irritaret
769 1192 798 1246 in
810 1207 853 1262 se,
870 1193 959 1262 depo·
1007 1189 1221 1259 speculabatur
1229 1190 1377 1259 pascendo
1387 1189 1542 1260 grege,sic
1553 1187 1840 1259 manifestaasqnan

125 1281 379 1353 suitpatruumin
394 1281 512 1350 publico
529 1283 640 1336 sanetae
656 1281 772 1351 synodi,
803 1280 957 1351 apostolici
1007 1282 1091 1333 acute
1108 1278 1292 1348 prospiceret
1301 1278 1416 1332 interno
1431 1277 1551 1345 lumine,
1562 1276 1644 1347 quod
1656 1291 1780 1330 sacrum
1794 1278 1840 1330 rni-

119 1368 232 1424 vioario
262 1368 436 1439 carnotisque
452 1368 674 1423 Northmanniae
699 1367 958 1439 episcopis,jnnta
1008 1366 1166 1421 nisterium
1194 1367 1351 1436 acceperit,
1367 1366 1502 1437 regimen
1515 1364 1841 1431 scelestasticum,·non

120 1472 266 1512 canonum
295 1457 507 1524 auctoritatem,
534 1455 709 1510 sententiam
728 1456 865 1510 dantibus
884 1470 959 1509 una·
1008 1455 1190 1509 dominatum
1205 1453 1252 1508 vel
1268 1456 1420 1508 honorem.
1437 1453 1547 1521 Terris,
1564 1453 1722 1521 thesauro,
1739 1454 1842 1523 prelio·

119 1546 191 1601 nimi
207 1560 367 1600 consensu.
384 1544 549 1598 Mauriliom
573 1560 643 1598 varo
662 1545 810 1598 cathedrae
827 1543 960 1597 liberatae
1008 1559 1116 1599 sorum
1132 1545 1369 1597 ornamentorum
1384 1542 1491 1597 decore
1506 1546 1641 1596 sanctam
1657 1542 1842 1610 sponsamdi·

121 1634 259 1704 providit,
276 1649 314 1688 ex
330 1633 420 1700 ltalia,
437 1633 487 1687 ubi
498 1648 599 1702 snpra,
617 1636 744 1687 caeteros
759 1632 876 1686 abbatis
893 1633 961 1686 emi·
1008 1633 1089 1686 tavit.
1106 1631 1339 1686 convenustavit
1353 1646 1417 1684 eam
1428 1631 1535 1685 aedium
1550 1644 1672 1702 quoque
1687 1629 1755 1700 ejus
1769 1632 1840 1685 tanto

122 1723 182 1778 cuit
206 1722 335 1776 eximius
351 1722 515 1788 redactum,
532 1721 743 1793 dignissimum
764 1736 880 1774 summo
895 1735 959 1775 om·
1010 1721 1089 1775 cultu
1105 1720 1309 1792 utambigeret
1324 1720 1485 1790 inspector,
1501 1719 1609 1773 melius
1625 1734 1663 1774 ne
1680 1734 1758 1773 nora
1776 1734 1839 1773 oon·

123 1812 205 1866 nium
223 1810 469 1880 archipraesulatu
478 1809 582 1863 marito
594 1808 724 1880 generis,
737 1824 886 1879 personae,
898 1809 956 1862 vir·
972 1799 997 1853 Β
1010 1811 1168 1880 surgerent
1191 1810 1242 1862 aut
1256 1811 1372 1862 vetusta
1393 1810 1614 1876 repararentur.
1628 1807 1741 1862 Verum
1754 1806 1783 1862 in
1796 1822 1838 1862 se·

122 1902 226 1966 tutum,
243 1899 395 1953 doctrinae.
1001 1899 1135 1969 ,metipso
1158 1897 1270 1952 dicavit
1295 1898 1322 1951 ei
1333 1897 1430 1950 dotem
1440 1911 1512 1950 auro
1526 1900 1554 1950 et
1567 1896 1679 1950 electro
1686 1895 1837 1950 chariorem

158 1985 257 2057 Hujus
282 2001 384 2056 parem
414 1987 579 2057 (pacandam,
610 1987 680 2042 etin
699 1986 899 2041 anachoretici
920 1986 958 2039 ri·
1010 1988 1150 2057 omniqua
1164 1985 1270 2056 lapide,
1281 1985 1347 2040 sive
1362 2000 1478 2057 gemma
1489 1983 1735 2054 splendidiorem.
1752 1983 1834 2038 Vane-

123 2073 526 2146 gorisoommilitiosedulnm
536 2075 774 2130 contubernalem
783 2072 959 2130 Gerbertum
1010 2082 1113 2130 rantur
1128 2089 1161 2128 aa
1176 2073 1302 2145 diligunt
1319 2072 1594 2128 reverentissimam
1605 2071 1767 2142 praesulem
1782 2087 1834 2126 mo

123 2162 407 2218 cunctaesanotitatis
418 2163 600 2217 conscientia
611 2169 638 2217 et
649 2163 723 2217 fama
737 2163 820 2233 juxta
830 2163 957 2228 boatum,
1011 2163 1151 2230 casteria,
1168 2163 1285 2233 synodi,
1307 2162 1408 2229 euriae,
1423 2159 1835 2230 utprudentem,itaeloquen·

122 2251 234 2321 aliquot
262 2254 438 2320 postannos
460 2252 595 2306 caenobio
612 2253 710 2306 Sancti
738 2251 959 2322 tiuandregisili
1010 2255 1079 2318 tam,
1107 2255 1140 2306 ut
1164 2251 1289 2322 justum,
1312 2251 1353 2304 ita
1375 2250 1546 2304 discretum.
1572 2248 1627 2313 Qui
1644 2248 1833 2318 necpeconia

123 2338 284 2409 praefecit,
314 2338 445 2393 ordinem
462 2339 606 2410 dilapsum
624 2341 780 2394 restituere
803 2340 960 2394 intendens
1012 2356 1139 2412 unquam
1168 2340 1264 2394 faveat
1277 2342 1327 2393 aut
1343 2339 1457 2410 gratiae,
1473 2338 1538 2392 sive
1564 2336 1724 2408 injudicio
1739 2336 1832 2392 sivein

122 2442 176 2497 per
192 2427 328 2482 abbatem
342 2427 534 2496 spiritualem.
547 2429 640 2483 Ambo
655 2428 695 2496 hi,
708 2429 737 2482 in
754 2433 838 2483 astato
853 2429 960 2483 floran·
1011 2429 1135 2485 consilio
1151 2430 1326 2484 sententiam
1339 2429 1452 2482 dicens.
1472 2428 1540 2498 Ipse
1555 2426 1701 2498 proiecto,
1719 2441 1783 2482 com
1796 2424 1833 2480 da·

100 2558 103 2564 .
123 2516 239 2570 tissima
257 2515 449 2585 divinitatem,
465 2520 493 2571 et
505 2517 960 2589 qoamdivinitaslargitur,bea·
1012 2518 1248 2589 ponereturaroh
1259 2515 1833 2588 ipraesulllialgerius,voxjustitiaesono·

130 2603 284 2657 titudinem
313 2604 466 2673 speculati,
492 2605 548 2658 alio
582 2606 730 2676 multoque
756 2606 961 2674 perspicatiori
1011 2625 1043 2662 re
1059 2608 1124 2676 tuit,
1141 2610 1311 2661 constanter
1322 2620 1500 2675 permanens
1515 2606 1542 2659 in
1554 2609 1637 2676 parte
1649 2604 1712 2673 Dei,
1727 2607 1830 2673 propter

128 2689 235 2745 mentis
251 2691 396 2759 acumine,
415 2708 500 2762 quam
516 2694 608 2761 l’lato,
627 2694 960 2763 nodaproiessioneim·
1011 2698 1105 2751 ileum
1115 2696 1259 2750 damnans
1284 2695 1376 2749 fllium
1392 2693 1497 2764 patrui.
1517 2693 1646 2747 Exhibet
1661 2707 1695 2747 se
1706 2691 1827 2746 blandan

124 2778 289 2848 pedimenta
306 2795 406 2835 rerum
415 2781 616 2850 temporalium
630 2782 960 2852 evasere,despieautes
1011 2802 1045 2840 ac
1069 2799 1208 2839 severum
1232 2784 1442 2838 decentissima
1457 2783 1486 2836 iu
1503 2782 1680 2836 alterutrum
1698 2783 1828 2851 permuta·

126 2867 282 2923 muadanae
297 2868 496 2940 philosophiae
512 2869 677 2925 vehementi
688 2872 881 2941 applicatione
896 2889 912 2925 a
927 2886 960 2927 se
1013 2875 1100 2939 tione;
1110 2871 1484 2940 mailliushomiuis,'omnis
1495 2872 1559 2926 vitii
1569 2871 1702 2926 clemens
1713 2884 1832 2939 persecu·

126 2960 219 3011 amata
234 2957 399 3028 gymnasia,
417 2958 502 3028 patrii
514 2959 693 3014 solidulaem
706 2960 960 3031 arrisum‚0pibus
1013 2967 1067 3031 tor,
1084 2964 1152 3033 pius
1177 2962 1325 3015 inimicus.
1341 2960 1493 3031 Subjeetis
1512 2958 1688 3014 fidelissime
1709 2956 1828 3021 consulit,

127 3061 160 3100 ao
189 3045 388 3118 generositate
416 3046 526 3100 claram
552 3048 742 3118 parentelam,
760 3064 843 3120 spem
864 3049 961 3104 subli·
1013 3051 1228 3123 comparandus
1243 3049 1404 3120 prudenter
1423 3047 1616 3120 diligentibus
1634 3046 1775 3117 patribus,
1791 3042 1825 3114 qui

125 3133 215 3190 mium
227 3138 408 3204 provectum.
425 3135 474 3189 Sic
500 3135 596 3190 animo
613 3137 725 3192 victore
739 3137 867 3207 expediti
883 3153 961 3193 nnnc
974 3126 1152 3213 Cjuvenum
1168 3139 1295 3194 liliorum
1310 3140 1439 3192 nontam
1454 3139 1520 3190 vota
1535 3136 1825 3208 cogitantqaamcon·

125 3223 182 3277 sub
195 3222 269 3295 jugo
281 3225 493 3293 caenobiorum,
503 3241 580 3280 nunc
596 3226 623 3279 ia
640 3226 730 3280 eremi
748 3227 825 3280 lucta
840 3227 960 3282 aemulis
1011 3230 1106 3284 moda.
1124 3228 1214 3282 Favet
1230 3226 1452 3298 congratulans,
1464 3228 1493 3280 et
1506 3225 1666 3279 auxiliatur
1679 3223 1771 3279 eoelici
1781 3222 1824 3276 ita·

126 3311 364 3369 Machahaeorum
379 3313 747 3377 decertabautsudorihus‚
761 3331 814 3386 pro
829 3316 963 3370 intermi·
1011 3321 1059 3391 gis
1074 3318 1205 3389 quolibet
1221 3316 1251 3371 in
1266 3316 1370 3371 ordine
1381 3314 1535 3383 militibus,
1552 3314 1581 3367 in
1597 3308 1824 3368 venerationem·

128 3400 438 3474 nabililetzliberalitate
454 3402 600 3471 etquiete,
612 3405 960 3474 omuemextremitatem,
1010 3409 1093 3462 litum
1122 3409 1150 3460 et
1178 3420 1278 3460 amore
1301 3404 1511 3476 regemipsum
1532 3407 1649 3457 calens.
1667 3401 1716 3456 Sic
1730 3412 1825 3468 semper

128 3488 237 3543 nullam
252 3489 455 3559 praelationam
473 3491 503 3543 iu
519 3489 625 3543 exsilio
637 3492 738 3545 mundi
753 3493 962 3560 praetereuntis
1011 3497 1158 3551 humanus
1172 3495 1254 3562 vivit,
1270 3494 1315 3548 sic
1332 3493 1505 3561 abstemius,
1515 3493 1548 3546 ut
1566 3490 1768 3545 indesinenter
1779 3483 1826 3541 ade

127 3577 301 3632 ambientes.
1011 3588 1056 3638 rat
1084 3581 1196 3636 homini
1213 3581 1332 3652 cuique,
1362 3580 1474 3649 saepius
1503 3583 1600 3633 tamen
1623 3594 1683 3632 non
1709 3577 1824 3639 reditura.

163 3665 339 3721 Sublimavit
355 3666 432 3720 idem
446 3666 585 3737 princepe
597 3669 787 3738 quamplures
804 3669 960 3740 ecclesias,
1012 3670 1133 3743 prandia
1150 3685 1214 3738 sua,
1235 3670 1294 3724 [leo
1308 3668 1423 3740 jejunia
1439 3684 1504 3723 sua.
1522 3668 1653 3722 Hilarem
1669 3682 1703 3721 se
1718 3671 1745 3721 et
1765 3677 1824 3718 aaa·

129 3753 251 3824 provide
265 3754 404 3809 trutinata
433 3755 615 3811 ordinatione
631 3758 791 3826 praesulum
806 3762 893 3830 atque
908 3759 962 3813 ab·
1013 3759 1151 3814 munione
1160 3761 1287 3831 gratum,
1297 3758 1417 3812 minime
1429 3753 1824 3822 silescantcmmcnsaahn·

130 3844 242 3913 batum,
259 3843 313 3897 sed
340 3845 490 3914 precipue
513 3846 742 3917 lexoviensem,
756 3847 960 3919 Bajocausem,
1013 3848 1092 3903 danti
1107 3851 1135 3902 et
1149 3847 1236 3901 lautae
1252 3861 1310 3901 non
1326 3846 1462 3918 denegat,
1473 3848 1573 3916 gustat
1586 3844 1715 3914 imperio
1727 3848 1824 3901 aarum

131 3932 354 3987 abrincensem.
381 3933 486 3988 Statuit
500 3935 576 3989 anim
599 3951 713 3990 summe
734 3937 856 3992 idoncos
872 3935 963 4008 ponti·
1014 3952 1073 3991 nen
1084 3936 1228 4005 epulatur.
1248 3936 1380 3989 Pascuat
1395 3950 1462 3989 eum
1476 3933 1600 4001 delicias,
1620 3933 1729 4004 quibus
1743 3931 1824 3984 anina

130 4020 212 4089 ficas,
225 4020 381 4093 Hugonem
396 4023 528 4092 Lexovii,
538 4023 690 4093 proprium
702 4025 822 4080 fratrem
832 4026 963 4080 (taonem
1014 4026 1183 4080 esurientes
1197 4029 1308 4079 aeterne
1325 4024 1407 4093 pasci
1418 4022 1576 4088 desiderat,
1594 4020 1824 4092 qunsParaclalua

129 4107 316 4181 Baiocarum,
358 4112 724 4168 loannernnnrinaaran.
768 4116 898 4178 Quorum
933 4113 962 4168 in
1014 4113 1147 4169 caelestis
1162 4113 1284 4168 dulcore
1300 4112 1427 4166 infundit
1438 4108 1826 4175 suavissim03exouhiaon·

130 4198 273 4254 electione
302 4214 394 4270 penes
419 4199 567 4271 judicium
593 4201 660 4272 ejus
683 4202 814 4273 probitas
831 4203 963 4274 ipsorum
1013 4202 1146 4257 tionibus
1162 4206 1313 4267 vacantes,
1340 4201 1507 4254 divinorum
1527 4198 1696 4254 ciliciorum
1718 4196 1825 4252 studiosa

130 4287 220 4341 valuit
248 4302 307 4342 non
335 4288 456 4344 altitudo
499 4289 638 4344 natalium
667 4292 871 4360 proximorum
894 4291 961 4362 ipsi.
1014 4290 1238 4360 concelebratio,
1252 4289 1538 4345 seoraebihliotheoae
1554 4288 1653 4343 cultus
1668 4282 1822 4359 perfamilia-

129 4375 258 4430 doannes
276 4375 422 4445 Radalphi
440 4377 556 4431 comitis
578 4377 656 4432 filius
673 4377 852 4449 jampridem
867 4378 965 4435 laicus
1018 4377 1823 4452 ris,deniqnesanctioujusqoeoperisindesessnsanor.

129 4463 243 4533 ordine,
258 4463 390 4518 eruditus
406 4465 512 4519 litteris
528 4466 618 4535 olcro,
636 4470 693 4521 imo
709 4468 876 4522 rectoribus
893 4470 970 4543 cleri
982 4479 1008 4537 1)
1022 4472 1088 4540 His,
1099 4472 1229 4541 inquam,
1246 4469 1394 4539 praecipue
1410 4467 1582 4536 delectatur,
1592 4467 1641 4521 his
1656 4465 1739 4520 avide
1753 4457 1825 4534 pasci·

23 4586 26 4591 -
133 4552 324 4607 admirandus
349 4553 515 4608 innotuerat
539 4554 597 4610 vita
616 4555 769 4627 religiosa.
795 4555 861 4612 Non
886 4558 966 4613 illius
1019 4544 1825 4632 turoptimusDominiciovilispastorHugolnadvaraia

132 4640 280 4696 desideria
298 4640 399 4711 specie
415 4643 607 4697 sacerdotalis
623 4645 735 4716 gradus
750 4645 903 4714 honorem,
912 4647 965 4702 sed
1019 4650 1176 4708 evantibus
1192 4645 1365 4713 constantia,
1378 4645 1407 4697 in
1422 4642 1716 4698 secundismodcstia
1729 4638 1825 4710 pai-ileu

134 4729 215 4785 illum
230 4735 298 4785 vola
313 4731 474 4800 praesulum
488 4731 654 4787 ambierunt
666 4733 810 4805 collegam
821 4735 880 4790 sibi
895 4751 964 4791 eon·
1017 4730 1826 4806 laudemconsequitur,nulliuscupidusLinguasaman·

136 4819 325 4875 sacrandum.
338 4819 468 4875 Odonem
479 4820 963 4892 ohannispuerilibusoptimorum
1018 4825 1308 4884 tesalienamiamam
1318 4823 1425 4878 laedere
1439 4821 1512 4875 adeo
1528 4819 1625 4874 soasit
1641 4812 1825 4874 abominandas

132 4923 255 4964 numero
271 4923 402 4964 consona
418 4910 565 4979 praeconia
575 4910 748 4980 optimorum
765 4912 964 4984 inseruerunt,
1018 4919 1050 4972 ut
1068 4931 1169 4970 aurem
1195 4928 1279 4968 suam
1303 4912 1456 4982 pravitatis
1470 4924 1571 4963 aarum
1582 4923 1732 4978 nunquam
1746 4907 1826 4960 ramo

134 4993 517 5070 Ferturhicinlonginquas
529 4999 867 5070 regionesceleberrima
877 5002 965 5074 fama,
1020 5006 1160 5061 adhihere
1176 5003 1256 5058 velit.
1276 5001 1464 5055 hititudinom
1477 4988 1828 5052 suamadrnirandrahoui·

134 5085 186 5138 sed
215 5085 311 5155 ipsius
327 5086 528 5141 liberalissimi
545 5090 632 5158 atque
656 5089 810 5144 humillimi
834 5092 924 5145 multa
939 5094 968 5146 et
1020 5095 1110 5150 litatis
1124 5091 1281 5163 privilegio
1293 5089 1442 5157 sublimat,
1459 5086 1671 5142 continentiam
1685 5089 1712 5138 et
1729 5082 1830 5137 virtutes

135 5169 278 5227 industria
290 5175 446 5230 ethonitas
471 5176 598 5246 amplius
613 5181 752 5232 meretur.
1021 5183 1163 5253 reliquas,
1183 5181 1251 5235 item
1266 5191 1459 5251 quoscunque
1472 5176 1537 5245 pias
1553 5175 1743 5245 operationes
1757 5186 1789 5226 eo
1799 5171 1830 5220 lt·

172 5261 328 5332 Hugonem
341 5279 428 5335 qoem
444 5269 581 5337 propiore
592 5267 788 5323 familiaritate
795 5272 968 5339 conspecta·
1021 5271 1136 5326 tissima
1148 5274 1234 5341 atque
1250 5267 1443 5322 saluberrima
1455 5263 1734 5331 custodemuniens,
1749 5253 1831 5330 hipati-

136 5348 245 5417 vimus,
261 5350 370 5406 dictatu
380 5353 642 5428 longiusculoaliis
652 5358 783 5412 indicare
797 5359 968 5429 neutiquam
1022 5376 1089 5416 cam
1117 5373 1242 5429 namque
1258 5356 1328 5410 illud
1344 5355 1486 5409 rationale
1503 5352 1635 5424 pectoris
1657 5354 1754 5406 Aaron
1767 5358 1834 5403 orat·

107 5480 111 5497 ,
136 5448 305 5507 gravamur,
321 5441 457 5508 quoniam
472 5443 539 5515 ejus
555 5446 897 5518 cognitionemaliisnon
912 5447 968 5502 du·
1022 5453 1151 5503 meatum
1167 5445 1358 5517 spiritualiter
1370 5439 1835 5514 ejusadornatinteriora,Patrom

135 5516 265 5581 bitamus
290 5524 481 5596 profuturam.
511 5534 540 5588 Is
571 5535 712 5590 Richardi
734 5536 852 5608 Inepos
867 5537 968 5594 attilio
1023 5537 1206 5592 sanctitatem
1221 5533 1386 5606 quornmei
1401 5531 1518 5587 nomina
1543 5529 1672 5585 inscribi
1686 5525 1839 5599 pronpin-

137 5604 288 5673 Willelmo
313 5613 443 5670 aucensi
458 5623 573 5693 comite,
589 5640 650 5681 non
669 5626 767 5683 minus
785 5627 865 5685 bono
880 5640 969 5700 quam
1022 5621 1539 5698 tur,jogitercommonens.Nevero
1547 5634 1642 5691 supra
1649 5617 1728 5675 modi
1736 5615 1839 5672 nmina
