3900 6112
111 325 167 386 471

621 323 653 385 ε.
679 306 872 385 luseum
891 284 1097 384 aucensis
1120 264 1315 385 iir'rs'c'o'ri

1772 294 1830 390 ie

111 543 146 594 pr
159 542 191 577 ε».
211 525 283 577 Nam
301 539 367 577 cum
382 522 545 590 corporalis
557 520 710 587 Ecclesiae,
723 520 885 589 episcopus
898 501 981 572 veld
998 519 1151 589 prophetis
1161 520 1277 589 penitet
1288 520 1357 575 dicit
1367 537 1373 575 :
1384 521 1717 596 «Sibimetipsisregem
1728 526 1836 580 consti-

112 616 204 667 abhas
221 615 285 665 sinc
297 613 386 665 rebus
396 610 602 679 corporalibus
614 608 813 663 exterioribus
826 609 853 661 in
864 607 942 662 nullo

112 703 256 771 prolioial,
268 702 344 752 sicut
361 716 413 751 ner
426 699 521 752 anima
534 699 598 751 sino
610 713 734 766 corpore
744 696 944 765 temporaliter

112 791 192 855 vivit,
204 792 341 858 quisquis
357 803 458 840 curum
474 787 596 839 alterum
612 785 711 839 vendit
727 786 860 854 sineque
876 784 943 836 alte

112 894 176 930 rum
200 877 257 929 hah
270 892 309 928 *ca
334 892 390 928 non
407 875 550 943 provenit,
567 879 702 928 neutrum
719 888 776 926 non
792 873 943 926 venditum

112 966 296 1033 derelimprt.
309 966 400 1028 Quam
412 969 506 1017 tamen
517 962 714 1032 objectionem
726 960 942 1015 sacerChalce·

111 1053 253 1109 donensis
270 1069 361 1106 canon
378 1052 494 1122 penitus
516 1051 700 1120 exterminat,
718 1065 784 1104 cum
800 1064 941 1120 procura-

108 1143 202 1196 torem
211 1143 258 1195 vcl
268 1141 456 1195 defensorem
468 1139 622 1208 Ecclesiae,
632 1139 680 1194 vel
695 1154 873 1210 quemquam
885 1136 941 1192 Ec-

111 1230 212 1284 clesiae
221 1228 400 1300 subjectum,
409 1229 482 1283 adeo
493 1244 546 1298 per
556 1228 698 1299 pecunias
707 1226 941 1296 ordinariprohi·

110 1318 187 1385 beet,
198 1321 229 1372 ut
237 1318 454 1372 interventores
469 1332 589 1388 quoquc
604 1316 676 1371 tanti
687 1315 811 1370 sceleris
822 1315 940 1369 anathe-

111 1408 198 1462 matis
212 1422 353 1461 mucrone
369 1406 512 1460 succidat.

143 1494 217 1560 Quid
228 1495 335 1565 plura‘l
352 1494 383 1550 Si
393 1495 628 1549 anathematizati
643 1497 672 1548 et
685 1491 942 1560 excommunicati,

997 611 1125 673 inerunt,
1134 611 1225 662 cinon
1234 609 1432 680 perme(Osee
1444 616 1517 679 vm).
1532 633 1543 660 ε
1556 611 1591 667 Et
1600 613 1730 667 iterum:
1750 637 1761 661 ιι
1778 613 1834 668 Sa·

1000 697 1110 751 crificia
1133 712 1234 752 eorum
1255 702 1392 768 tanquam
1411 700 1495 769 panis
1520 701 1629 765 luctus;
1652 704 1832 774 omnesqui

998 786 1173 839 manducant
1188 802 1222 840 ea
1238 787 1513 842 contaminabuntur
1526 788 1617 855 (Osee
1632 796 1684 858 rx).
1703 814 1714 837 ι
1733 789 1768 844 Et
1783 806 1837 861 per

999 873 1105 927 isaiam
1120 874 1247 944 Spiritus
1263 880 1385 930 sanctus
1395 877 1534 931 clamatet
1549 878 1634 932 dicit:
1649 879 1834 950 «Vasvobis,

998 961 1050 1016 filii
1066 962 1249 1032 desertores,
1261 963 1553 1020 haecdicitDominus
1567 983 1572 1020 :
1586 966 1746 1021 Habuistis
1761 983 1835 1022 con··

997 1051 1098 1105 silium
1113 1055 1141 1106 ει
1155 1068 1213 1106 non
1226 1068 1279 1122 per
1294 1068 1349 1121 me,
1363 1056 1391 1108 et
1405 1053 1521 1110 lecistis
1532 1056 1762 1111 conventionem
1774 1071 1835 1112 non

996 1155 1050 1211 per
1071 1139 1213 1212 Spiritum
1237 1156 1345 1211 meum,
1368 1141 1499 1213 adjicere
1517 1147 1641 1215 peccata
1655 1159 1749 1215 super
1762 1159 1836 1217 pec·

998 1233 1062 1283 cata
1077 1228 1159 1299 (lsai.
1175 1232 1256 1299 xxx).
1274 1252 1286 1279 ε

1034 1317 1231 1389 Hieronymus
1247 1333 1338 1388 super
1352 1319 1509 1375 duodecim
1524 1320 1688 1392 prophetas
1705 1338 1711 1377 τ
1733 1345 1745 1370 ι
1766 1321 1833 1381 Odit

998 1406 1078 1460 Deus
1102 1405 1249 1461 sacrificia
1268 1406 1488 1477 haereticorum,
1512 1411 1540 1465 et
1560 1425 1577 1463 a
1597 1424 1632 1465 se
1651 1409 1785 1482 projicit,
1806 1414 1835 1467 et

996 1495 1230 1566 quotiescunque
1245 1496 1302 1551 sub
1317 1497 1436 1551 nomine
1452 1497 1567 1553 Domini
1578 1496 1690 1554 luerint
1703 1514 1831 1571 congle-

108 1589 140 1640 ut
154 1590 182 1638 et
198 1600 269 1637 vere
284 1584 427 1653 haeretici,
445 1584 603 1638 Simoniani
623 1587 651 1636 et
667 1581 805 1651 neophyti
822 1582 858 1634 ah
883 1579 941 1634 Ec·
997 1583 1066 1654 gati,
1083 1582 1278 1639 detestabitur
1292 1583 1416 1639 fetorem
1430 1601 1542 1649 eorum,
1564 1591 1592 1643 et
1616 1587 1728 1642 claudit
1742 1602 1832 1644 nares

109 1674 200 1727 etesia
215 1676 284 1727 sunt
299 1673 436 1741 separati,
459 1673 526 1743 quis
542 1688 600 1725 nou
617 1673 714 1724 videat
734 1670 812 1742 quod
833 1669 940 1741 hujus·
997 1686 1069 1726 suas
1086 1689 1092 1726 :
1109 1672 1217 1728 Odisse
1238 1677 1335 1728 autem
1359 1678 1388 1729 ει
1407 1674 1554 1746 projicere
1576 1678 1604 1731 et
1619 1692 1678 1730 non
1700 1676 1833 1747 odorari,

107 1762 187 1816 modi
202 1761 389 1815 sacerdotum
405 1761 507 1814 missae
522 1764 550 1814 ει
560 1762 711 1814 orationes
724 1759 818 1814 Deum
833 1759 869 1812 ad
887 1759 941 1811 ire·
955 1814 976 1837 (Ι
996 1759 1122 1816 humana
1147 1761 1277 1832 loquitur
1301 1763 1525 1834 consuetudine,
1552 1767 1582 1819 ut
1611 1780 1667 1821 nos
1692 1763 1832 1821 auectam

109 1850 246 1904 cundiam
269 1864 361 1918 super
382 1850 520 1919 populum
537 1851 709 1918 provocent,
730 1863 816 1918 quem
832 1846 941 1901 talibus
957 1849 1048 1935 Bllei
1065 1851 1177 1905 nostris
1194 1852 1384 1906 sermonibus
1400 1867 1629 1923 cognoscamus.
1646 1853 1684 1908 Et
1702 1854 1728 1908 si
1745 1854 1832 1910 holo-

107 1938 219 2009 placari
235 1937 612 2007 credebamustSeriptum
624 1937 770 1991 estenim:
786 1959 796 1983 u
812 1936 879 1990 Veri
891 1950 942 1990 sa·
997 1942 1097 1992 causta
1112 1938 1280 2006 obtulerint,
1292 1939 1604 2011 videanturJ'ejunare,
1615 1941 1686 1997 dare
1703 1943 1835 1999 eleemo-

109 2025 211 2080 crilicii
227 2026 313 2079 locus
328 2028 411 2078 extra
427 2025 600 2079 catholicam
615 2024 781 2080 Ecclesiam
793 2027 939 2078 nonest.»
996 2042 1097 2097 synas,
1122 2027 1291 2097 pudicitiam
1310 2029 1454 2099 polliceri,
1481 2045 1548 2100 quae
1572 2029 1750 2085 holocausta
1765 2033 1835 2086 sunt

108 2114 144 2168 Et
160 2116 246 2167 item:
263 2112 443 2167 Hrcreticum
462 2114 608 2168 hominem
622 2118 690 2184 post
704 2114 833 2184 primam
849 2119 879 2168 et
894 2128 941 2167 se·
995 2131 1065 2169 vera
1089 2131 1147 2170 non
1169 2131 1203 2171 ea
1225 2116 1353 2186 suscipit
1378 2117 1533 2172 Dominus
1558 2118 1624 2173 Nou
1639 2120 1720 2173 enim
1735 2119 1835 2173 sacri·

108 2203 231 2258 condam
247 2202 464 2273 correptionem
473 2202 575 2257 devito
587 2201 650 2272 (Tit
665 2205 718 2271 m).
734 2202 854 2266 Quando
867 2217 940 2274 ergo
994 2202 1128 2258 ticiorum
1152 2205 1394 2277 magnitudinem,
1418 2205 1472 2261 sed
1493 2205 1683 2262 offerentium
1708 2208 1835 2277 respicit

106 2291 180 2345 tales
196 2291 353 2359 episcopos
372 2291 418 2343 vel
438 2291 571 2356 abbates,
588 2292 633 2344 vel
656 2291 788 2362 reliquos
814 2290 940 2344 clericos
996 2292 1214 2347 voluntatem.»

106 2394 165 2435 non
179 2377 355 2447 devitamus,
369 2378 395 2432 si
409 2394 512 2433 eorum
527 2379 637 2433 missas
653 2380 800 2448 audimus,
818 2379 941 2434 velcum
1032 2380 1170 2453 Pelagius
1191 2381 1303 2436 Viatori
1318 2386 1347 2436 et
1362 2381 1521 2454 pangratio
1536 2382 1614 2439 inter
1629 2385 1760 2439 caetera:
1785 2405 1797 2436 ι
1813 2383 1845 2440 A

108 2468 288 2533 cisoa-amus,
300 2482 367 2520 cum
378 2466 437 2521 illis
448 2468 782 2523 excommunicationem
793 2469 940 2523 subimus.
995 2469 1253 2524 schismaticorum
1263 2471 1420 2525 sacrificiis
1435 2473 1534 2541 petius
1550 2475 1648 2528 autem
1657 2472 1834 2545 sacrilegiis

107 2556 187 2620 Quos
202 2555 321 2626 quidem
335 2556 507 2609 sacerdotes
523 2571 592 2611 esse
610 2559 715 2611 saltem
730 2557 864 2627 credere,
883 2573 941 2612 om·
996 2558 1144 2612 abstinere
1160 2559 1284 2614 debetis.
1299 2558 1393 2613 »llam
1408 2561 1438 2614 in
1455 2560 1557 2615 eadem
1572 2561 1720 2632 epistola:
1739 2582 1752 2612 a
1771 2561 1847 2617 Non

107 2644 177 2698 nino
201 2659 303 2698 errare
328 2645 383 2712 est,
405 2660 472 2698 cum
494 2644 601 2699 Petrus
616 2645 728 2700 Simoni
748 2645 840 2699 dicat;
860 2668 871 2691 «ι
883 2646 940 2700 Ρε-
996 2650 1043 2701 εει
1056 2647 1167 2701 Christi
1179 2648 1608 2718 corpus,quodschismaticus
1620 2650 1761 2706 coniicit:
1774 2650 1852 2705 Nee·

108 2733 195 2787 cunia
210 2735 259 2786 tua
274 2736 372 2786 tecum
393 2732 432 2786 sit
446 2733 477 2787 in
491 2733 664 2803 perditione,
681 2735 750 2804 quia
765 2734 941 2788 existimasti

108 2822 217 2876 donum
228 2821 414 2890 Deipecunie
425 2821 576 2891 possideri
591 2821 669 2890 (Act.
682 2823 755 2891 rm).
773 2844 784 2870 ι
801 2821 859 2876 Ubi
874 2837 942 2876 cum

108 2911 285 2965 existimasti
293 2909 412 2977 dicitur,
423 2925 541 2979 nonpro
552 2925 587 2964 eo
595 2910 674 2982 quod
683 2909 796 2979 iecerit,
806 2910 861 2991 sed
873 2910 941 2981 quia

108 3014 142 3055 se
157 3014 248 3069 posse
264 2998 362 3052 lacere
377 2998 513 3067 credidit,
530 2998 752 3067 condemnatur,
766 3015 832 3054 cum
843 3000 941 3053 minus

996 2736 1075 2790 enim
1088 2735 1216 2790 divisum
1231 2751 1301 2791 esse
1315 2736 1466 2791 Christum
1477 2737 1582 2808 poterit
1591 2739 1756 2809 quisquam
1771 2738 1853 2795 sino

996 2824 1121 2895 apostoli
1138 2825 1514 2898 reprobatioueconfigere.
1531 2826 1635 2896 Unam,
1648 2829 1777 2897 utsaepe
1788 2827 1844 2882 di·

996 2916 1073 2967 etum
1089 2916 1144 2983 est,
1161 2928 1228 2983 quae
1242 2912 1352 2968 Christi
1368 2929 1476 2984 corpus
1492 2917 1548 2984 est,
1564 2930 1634 2970 esse
1646 2920 1768 2971 constat
1778 2914 1854 2973 Eo-

996 3001 1128 3071 clesiam,
1152 3016 1218 3072 quae
1241 3001 1272 3055 in
1293 3002 1351 3056 duo
1376 3003 1423 3056 vel
1439 3002 1524 3072 plura
1537 3002 1627 3057 dividi
1645 3019 1707 3059 non
1722 3007 1844 3076 potest.

108 3089 147 3143 sit
157 3088 328 3143 existimare
342 3103 431 3159 quam
447 3088 580 3143 credere.
590 3088 687 3144 lnhoc
700 3104 773 3161 ergo
783 3089 861 3160 quod
871 3089 941 3143 sub·
996 3087 1138 3145 Similiter
1145 3090 1223 3145 enim
1232 3105 1299 3145 cum
1307 3090 1386 3146 aben
1395 3091 1553 3162 quisquam
1564 3091 1756 3162 discesserit,
1767 3109 1856 3151 esso

103 3176 251 3249 jungitur,
269 3180 404 3231 «nonest
414 3177 546 3248 tibipars
564 3193 660 3249 neque
673 3193 743 3233 sors
761 3179 790 3232 in
803 3193 941 3234 sermone
956 3168 975 3191 ”’
995 3178 1113 3233 desistit
1127 3177 1272 3233 Ecclesia.
1288 3179 1387 3234 Unum
1402 3180 1432 3234 in
1447 3180 1614 3235 Jerusalem
1628 3181 1776 3252 templum
1790 3184 1844 3238 est

107 3265 165 3321 isto
182 3265 294 3335 (ibid),
312 3290 324 3315 i
341 3269 474 3336 patenter
488 3267 654 3323 ostenditur
668 3267 737 3338 quia
757 3265 831 3321 nihil
846 3283 940 3323 sacrae

107 3354 281 3410 ordinationi
297 3355 327 3409 in
341 3353 396 3408 hac
411 3355 594 3425 promotione
610 3356 780 3426 percipitur.

143 3442 214 3496 ltem
229 3458 266 3496 ex
281 3443 421 3513 liegistro
432 3444 509 3497 beati
527 3443 665 3515 Gregorii
681 3443 853 3515 adSigium,
865 3444 942 3499 inter

108 3533 215 3585 caetera
227 3546 233 3584 :
253 3551 265 3581 a
278 3528 337 3585 Cur
348 3546 406 3586 non
416 3532 619 3601 perpenditur,
630 3546 683 3586 cur
695 3548 754 3586 non
764 3532 938 3601 advertitur,

108 3618 178 3689 quia
191 3618 357 3673 benedictio
373 3619 414 3672 illi
439 3621 469 3675 in
488 3620 724 3675 maledictionem
739 3622 874 3692 vertitur,
890 3622 941 3692 qui

108 3706 145 3761 ad
160 3707 217 3761 hoc
233 3711 263 3762 ut
278 3707 440 3763 haereticus
455 3710 504 3763 fiat
518 3712 728 3780 promovetur?
740 3733 751 3758 a
768 3709 850 3779 Item,
863 3711 940 3764 idem

107 3795 138 3851 in
153 3796 275 3850 eodem:
296 3818 306 3843 u
322 3796 418 3851 Grave
433 3798 551 3853 omnino
567 3802 595 3852 et
610 3799 685 3853 ultra
701 3793 789 3871 quam
807 3798 866 3853 dici
886 3815 940 3871 po-

108 3886 167 3939 test
186 3883 301 3939 facinus
326 3887 382 3955 est,
399 3890 534 3942 sanctum
549 3886 690 3958 Spiritum
706 3888 756 3959 qui
772 3887 870 3943 omnia
890 3904 940 3942 re-

995 3267 1083 3323 idolia
1094 3282 1220 3323 necesse
1232 3268 1464 3339 estutimmolet,
1485 3269 1534 3340 qui
1545 3269 1746 3340 semetipsum
1756 3271 1840 3326 divi-

995 3356 1078 3412 serit.
1098 3380 1109 3405 e

1030 3445 1195 3518 Gregorius
1211 3447 1241 3501 in
1252 3446 1412 3518 Registro:
1429 3445 1493 3501 Nos
1509 3445 1773 3502 consecrationem
1788 3434 1829 3504 di-

995 3549 1063 3589 cere
1077 3535 1158 3591 nullo
1173 3535 1259 3591 modo
1274 3549 1448 3605 possumus,
1465 3549 1531 3607 quae
1545 3535 1581 3590 ab
1592 3536 1825 3591 excommunica·

994 3622 1034 3676 tis
1045 3622 1214 3676 hominibus
1225 3624 1272 3677 est
1287 3621 1445 3678 celebrata.
1465 3642 1477 3672 ι

1031 3711 1103 3766 Haec
1119 3710 1217 3781 itaque
1232 3714 1290 3764 tam
1305 3711 1433 3780 patentia
1451 3711 1570 3782 tamque
1589 3708 1827 3783 manifestasset

995 3801 1026 3853 ut
1045 3798 1201 3855 dilucidari
1215 3814 1274 3853 non
1283 3801 1399 3871 egeant.
1417 3799 1627 3853 patentissime
1642 3814 1772 3872 namque
1784 3796 1828 3855 Si-

997 3887 1208 3955 moniacorum,
1224 3887 1423 3941 sacerdotium
1439 3889 1468 3941 et
1488 3886 1634 3941 sacrificia
1655 3886 1739 3943 irrite
1764 3902 1828 3944 esee

108 3971 208 4041 demit,
227 3975 400 4029 venundari.
420 3993 431 4025 ι
997 3975 1209 4043 demonstrant,
1218 3975 1479 4047 quamvisquidam
1489 3975 1655 4046 scripserit,
1663 3975 1745 4047 quod
1755 3976 1831 4031 sicut

144 4062 215 4117 Item
230 4062 408 4119 Ambrosius
423 4064 453 4118 in
467 4063 630 4120 Pastorali:
657 4086 667 4112 α
691 4066 803 4137 Nempe
822 4067 879 4122 hoc
895 4070 940 4122 εει
997 4063 1027 4117 in
1042 4063 1218 4133 baptismate
1242 4062 1487 4132 Simoniacorum,
1511 4064 1549 4117 ita
1573 4067 1602 4117 ει
1616 4064 1646 4118 in
1661 4064 1830 4120 eorumdem

109 4152 187 4221 quod
203 4152 291 4207 nimis
302 4153 398 4222 doleo,
410 4154 478 4225 quia
492 4154 738 4225 archiepiscopus
750 4171 816 4210 cum
826 4171 879 4225 per
893 4170 942 4224 pe·
996 4151 1143 4207 sacrificio
1157 4153 1253 4207 virtus
1264 4151 1391 4222 Spiritus
1403 4154 1497 4207 sancti
1508 4156 1735 4222 cooperaretur,
1752 4151 1831 4208 scili·

110 4239 226 4294 cuniam
247 4242 376 4313 aliquem
397 4243 570 4314 episcopum
590 4243 740 4298 ordinaret
761 4245 938 4314 specialiter,
995 4243 1078 4296 catut
1089 4241 1317 4297 noneisdemsit
1331 4257 1434 4295 verum
1448 4244 1477 4296 et
1493 4241 1624 4296 salutare
1636 4240 1831 4312 sacrificium,

109 4329 255 4384 ordinavit
269 4331 432 4401 leprosum.
447 4352 458 4379 i
478 4331 551 4385 ltem
571 4331 680 4385 ibidem
692 4347 725 4399 2⁴«
736 4331 819 4397 Quod
827 4332 941 4402 accepit
995 4328 1050 4383 sed
1065 4330 1112 4384 his
1129 4330 1238 4401 quibus
1253 4330 1420 4385 exhibetur.
1436 4329 1520 4395 Quod
1535 4347 1573 4385 ex
1587 4330 1760 4401 praemissis
1774 4330 1831 4386 Pa·

107 4418 234 4487 pecunia
254 4419 319 4488 luit,
340 4419 418 4490 quod
436 4419 516 4474 dedit
526 4418 609 4489 lepra
624 4419 678 4474 luit
690 4436 696 4474 :
710 4442 720 4467 κ
733 4420 804 4474 ltcm
813 4421 937 4476 ibidem:
993 4420 1071 4473 trum
1086 4419 1242 4475 sententiis
1258 4419 1447 4489 apertissime
1467 4418 1622 4487 refellitur,
1647 4421 1677 4474 ct
1699 4419 1830 4476 maxime

111 4526 122 4553 α
139 4506 253 4562 Aurum
267 4507 341 4561 dans
356 4507 522 4578 perdidisti,
540 4511 568 4562 ει
589 4511 721 4563 sanctam
736 4509 861 4581 gratiam
882 4525 939 4565 non
950 4504 971 4545 ¹¹
994 4521 1031 4562 ex
1042 4522 1076 4563 eo
1092 4507 1171 4585 quod
1181 4508 1304 4563 dicitur:
1317 4506 1584 4563 Sacrificiaeorum
1596 4513 1735 4580 tanquam
1743 4507 1835 4580 punis

108 4594 336 4667 acquisivisti.»
992 4596 1100 4667 luctus,
1123 4612 1204 4652 omes
1226 4597 1276 4669 qui
1298 4612 1332 4651 ea
1352 4595 1529 4651 manducant
1550 4594 1835 4652 contaminabuntur

143 4684 296 4740 Hactenus
310 4683 346 4739 de
366 4682 601 4741 Simoniacorum
616 4685 792 4754 sacerdotio,
809 4700 888 4741 nunc
903 4686 939 4743 de
994 4683 1083 4754 (Osee
1093 4685 1144 4753 m).
1161 4685 1228 4740 Non
1243 4683 1471 4740 enimexhibitio
1487 4683 1686 4754 baptismatis,
1702 4687 1733 4738 et
1744 4682 1838 4738 sacri·

108 4788 211 4828 eorum
227 4773 375 4828 sacrificio
391 4772 510 4828 Petrum
525 4774 686 4829 sententias
703 4777 937 4844 perscrutemur.
993 4771 1053 4827 licii
1061 4773 1206 4828 Dominici
1217 4773 1364 4842 corporis,
1379 4772 1498 4828 omnino
1508 4770 1665 4827 similisibi
1676 4770 1837 4826 collatione

143 4861 308 4933 Cyprianus
324 4863 354 4915 in
369 4862 493 4933 epistola
508 4862 544 4917 ad
561 4861 940 4918 Cornelium:aExistimat
994 4861 1124 4917 conferri
1152 4861 1259 4916 valent.
1291 4861 1365 4915 Nam
1394 4861 1573 4916 necessitate
1605 4863 1715 4932 urgent
1735 4860 1837 4916 omnia

108 4948 216 5020 aliquis
231 4966 347 5006 summa
366 4954 396 5006 et
410 4967 526 5023 magna,
544 4957 593 5007 aut
614 4966 674 5008 non
690 4954 803 5007 sciente
817 4956 939 5007 autnon
992 4950 1137 5021 baptizato
1149 4949 1321 5006 conceditur
1329 4950 1489 5019 baptizare,
1507 4950 1564 5004 sub
1579 4947 1648 5003 fldei
1663 4949 1837 5021 interroga·

108 5038 292 5108 permittente
316 5041 378 5096 Deo
403 5041 432 5096 in
454 5039 589 5097 Ecclesia
612 5040 665 5097 Dei
688 5041 762 5111 lleri,
786 5047 815 5097 et
838 5056 940 5097 sacer·
993 5039 1081 5109 tione,
1094 5042 1123 5093 et
1136 5040 1254 5094 nomine
1265 5038 1428 5107 Trinitatis,
1445 5043 1473 5093 et
1483 5038 1560 5093 trina
1576 5036 1739 5107 mersione,
1752 5037 1837 5109 quod

109 5124 205 5193 dotes,
224 5126 320 5198 idest,
338 5130 392 5185 liei
406 5131 629 5201 dispensatores
644 5147 702 5188 non
718 5135 804 5187 erunt
819 5131 855 5186 de
871 5130 938 5202 ejus
993 5129 1094 5200 utiquc
1114 5143 1291 5182 concessum
1313 5131 1360 5182 εει
1383 5130 1504 5197 propter
1526 5142 1593 5181 eum
1624 5124 1676 5197 qui
1696 5124 1835 5194 periculo

109 5214 254 5267 sententia
283 5216 418 5284 ordinati,
446 5219 502 5274 hoc
522 5223 550 5274 et
570 5220 658 5275 iidem
682 5236 740 5274 non
757 5221 938 5290 habereque
993 5218 1096 5272 mortis
1113 5220 1246 5289 urgetur,
1259 5231 1295 5270 ne
1311 5216 1337 5271 si
1353 5220 1423 5270 tunc
1438 5216 1475 5270 ad
1491 5214 1678 5270 sacerdotem
1691 5228 1762 5268 cum
1772 5229 1834 5269 non

108 5300 248 5373 vivimus,
258 5301 315 5359 hoc
326 5305 588 5364 estDeohonorem
599 5308 813 5365 non'dareSed
824 5308 860 5363 de
871 5308 939 5379 ejus
992 5305 1119 5360 adsuerit
1142 5306 1288 5372 curratur,
1312 5304 1410 5359 subito
1433 5318 1492 5358 non
1515 5302 1614 5358 valeat
1637 5301 1768 5356 inveniri
1781 5301 1835 5375 qui

108 5391 255 5446 sententia
275 5392 409 5463 ordinati,
430 5395 487 5450 hoc
511 5400 557 5451 est
580 5398 668 5453 fldem
683 5414 742 5453 non
757 5398 866 5452 habere
881 5413 938 5468 qua
992 5395 1138 5464 baptisma
1153 5394 1311 5448 ministret.
1328 5392 1407 5448 Solis
1424 5394 1521 5447 autem
1536 5389 1750 5446 sacerdotibus
1766 5388 1835 5445 lici·

108 5479 247 5549 vivimus,
268 5481 324 5535 hoc
348 5486 393 5537 est
415 5483 475 5539 lico
491 5484 632 5541 honorem
656 5503 715 5543 non
730 5488 809 5541 dare.
827 5484 886 5541 Sed
901 5485 938 5540 de
993 5489 1053 5539 tum
1065 5486 1111 5538 est
1126 5483 1311 5537 Dominicum
1323 5497 1434 5552 corpus
1446 5481 1606 5549 conticere,
1619 5478 1697 5550 quod
1709 5478 1833 5550 quidem

108 5567 134 5638 ej
141 5584 175 5620 us
191 5572 335 5626 sententia
347 5588 405 5626 non
416 5573 588 5631 ordinantur
599 5577 781 5643 sacerdotes,
794 5577 845 5647 qui
855 5578 938 5630 extra
992 5588 1052 5627 non
1067 5571 1211 5641 baptizato
1226 5571 1304 5625 illico
1321 5572 1461 5624 morituro
1473 5568 1679 5625 necessarium
1695 5583 1757 5622 non
1772 5570 1831 5623 est.

107 5655 273 5717 Ecclesiam
296 5664 379 5732 tiuut,
395 5662 473 5717 sicut
493 5662 558 5731 ipse
575 5664 717 5720 Dominus
736 5667 767 5721 in
782 5663 939 5719 duodecim
993 5663 1144 5732 Baptisma
1166 5662 1245 5715 enim
1272 5658 1414 5731 praecedit
1430 5659 1575 5716 Dominici
1598 5654 1739 5729 corporis
1752 5672 1834 5728 prea-
