3908 6112
71 312 74 316 ,
111 249 169 313 611
631 241 663 303 S.
683 236 871 304 nnsnnhss
895 233 1099 302 LUCENSIS
1122 235 1316 301 EPISOOPI

149 445 235 501 Absit
250 459 324 516 ergo
340 443 430 497 altum
445 441 565 514 quidde
580 440 668 497 nobis
685 440 806 507 sentire,

114 535 204 590 Dulce
220 535 258 588 sit
273 532 390 604 injuria
406 545 563 586 sermones
574 529 696 595 audire;

113 624 166 678 Pio
183 622 397 692 cordejugiter
412 619 516 674 demus
531 619 629 673 locum
645 618 711 685 irae,

118 709 295 764 Studeamus
312 706 450 761 omnihus
464 706 539 760 bene
554 705 687 759 obedire.

151 794 234 851 Heul
251 795 323 849 mibi
338 794 523 866 nequissimo
539 793 646 847 amanti*
660 790 783 861 laudari,

115 885 181 955 Qui,
197 884 266 939 licet
282 883 449 954 culpabilis,
462 897 555 936 renuo
572 881 694 952 culpari,

116 975 160 1028 lle
176 987 257 1042 saepe
273 970 449 1025 laudabilem
465 985 512 1024 mo
526 984 676 1039 praesumo
691 967 758 1037 lari,

118 1060 182 1116 Heu
196 1057 202 1114 l
220 1058 301 1128 mihi,
317 1059 386 1130 quis
402 1058 534 1128 pessimo
548 1059 647 1127 potest
661 1055 847 1129 comparari?

151 1148 175 1203 O
190 1148 263 1203 lesu
278 1146 421 1217 piissime,
438 1146 489 1218 qui
504 1161 537 1200 es
553 1161 624 1201 vera
639 1144 718 1214 vitis,

117 1237 197 1294 Feve
210 1251 255 1291 me
272 1239 302 1290 ut
315 1234 475 1306 palmitem,
491 1238 520 1289 et
534 1233 580 1288 lae
595 1237 627 1289 ut
642 1234 699 1288 sim
714 1233 815 1298 mitis‚·
852 1297 856 1304 Ι

117 1325 188 1380 Mihi
204 1325 244 1379 sit
254 1322 380 1395 justitiae
395 1337 594 1394 perseverans
610 1322 688 1394 sitis,

116 1412 175 1467 Oro
191 1413 295 1466 auctor
309 1424 458 1480 nunquam
474 1409 540 1477 sim,
554 1408 607 1463 sed
623 1408 743 1464 sedator
756 1408 827 1462 litis.

152 1499 245 1555 Mater
259 1499 323 1567 Dei,
337 1498 463 1554 obsecro
479 1500 558 1553 tuam
571 1497 709 1569 pietatem
770 1542 773 1547 ⁴

119 1589 156 1644 Ut
171 1587 243 1643 mihi
258 1587 446 1642 verissimam
463 1584 515 1640 des
529 1585 740 1641 humilitatem:

117 1676 257 1747 Expellas
273 1676 412 1731 invidiam
428 1677 457 1731 et
472 1675 672 1745 asperitatem,

118 1766 153 1821 Et
167 1764 329 1836 perlectam
343 1765 483 1833 impetres
498 1763 570 1817 mibi
585 1762 768 1818 charitatem.

152 1853 176 1908 O
192 1869 257 1908 mea
273 1852 390 1922 fiducia,
407 1853 499 1906 Mater
509 1852 671 1922 Crantoris,

118 1943 183 1997 lam
194 1956 241 1996 me
255 1941 308 1995 tibi
323 1938 424 2008 ollero,
440 1941 540 1995 nutrix
556 1940 774 2013 Redemptoris,

119 2031 165 2086 Me
181 2029 353 2103 gubernans
367 2029 486 2100 adJ'uva‚
496 2044 612 2099 precor,
626 2029 742 2085 cunetis
758 2030 851 2102 horis,

119 2119 179 2174 Eae
194 2134 240 2174 me
255 2119 298 2173 tui
313 2134 474 2173 memorem
490 2118 580 2190 gladii
597 2119 722 2175 doloris.

154 2207 237 2263 Licet
251 2221 348 2275 nemo,
361 2207 494 2277 Domina,
507 2209 604 2278 possit
615 2207 701 2277 plene
716 2207 771 2263 lari

118 2297 243 2352 Dolores
256 2311 331 2367 quos
343 2310 433 2366 passa
448 2310 482 2351 es
496 2300 589 2350 morte
604 2296 663 2350 nati
680 2296 780 2364 chari;

119 2386 227 2440 Tamen
238 2385 306 2438 inde
322 2384 407 2438 dccet
421 2399 477 2439 nos
492 2400 574 2455 saepe
590 2385 733 2454 meditari,

118 2474 162 2528 he
178 2472 319 2544 plorando
336 2473 437 2527 intime
450 2475 548 2527 tecum
559 2473 740 2527 contristari.

152 2561 278 2631 ldcirco,
295 2561 440 2632 piissima,
456 2561 601 2632 supplico,
619 2562 752 2633 dignare,

119 2650 190 2704 lude
205 2663 309 2703 verum
323 2648 441 2719 aliquod
458 2649 540 2703 cordi
555 2664 621 2703 meo
637 2649 718 2718 dare,

120 2739 235 2810 Fasque
251 2752 296 2791 me
312 2736 341 2790 id
356 2737 451 2791 taliter
466 2736 625 2792 scribendo
641 2737 761 2810 signare
774 2756 781 2803 ;

121 2825 161 2883 Ut
170 2826 241 2881 illud
253 2830 385 2880 amantes
398 2828 426 2880 te
441 2825 537 2896 possit
548 2825 686 2881 excitare.

361 2915 450 2971 «lesus
464 2915 585 2969 sistitur
598 2914 708 2970 Pilato.

155 3002 213 3060 Sed
228 3019 308 3059 nuno
324 3003 401 3074 vide,
417 3002 524 3073 anime,
539 3003 607 3058 illos
617 3002 794 3074 invidentes,

119 3092 291 3149 ludaeerum
307 3091 458 3163 principes
473 3092 503 3147 in
517 3091 668 3148 Christum
683 3092 854 3166 frementes,

121 3182 258 3238 Vinctum
274 3182 419 3238 derisorie
434 3182 585 3252 pervices
602 3182 764 3253 trahentes,

119 3271 165 3326 hd
181 3271 306 3326 Pilatum
321 3271 479 3340 presidem
494 3285 560 3325 eum
573 3270 765 3326 deducentes.

155 3359 179 3414 O
194 3360 278 3428 lesu,
295 3359 346 3431 qui
361 3359 497 3430 nequiter
510 3373 564 3430 pro
575 3374 621 3415 me
636 3373 670 3413 es
685 3359 806 3432 ligatus,

120 3446 219 3503 Falsis
233 3447 412 3503 testimoniis
423 3462 476 3517 pro
493 3461 539 3501 me
554 3450 724 3517 accusatus,

121 3535 180 3591 Sed
195 3537 300 3590 etcum
315 3533 479 3590 latronibus
492 3550 545 3604 pro
561 3551 607 3590 me
623 3536 790 3607 deputatus,

122 3624 161 3680 Ut
174 3622 229 3679 tibi
243 3623 406 3694 compatiar
421 3623 492 3678 mihi
505 3622 698 3694 deploratus.

156 3713 282 3782 Precor,
295 3712 343 3767 lac
356 3726 403 3767 me
416 3712 547 3767 nuntiam
561 3728 635 3768 meae
648 3712 815 3786 salvatrici,

122 3799 240 3874 Virgini
255 3800 410 3872 piissimae,
427 3805 483 3856 tuae
498 3800 657 3858 Genitrioi:

124 3887 275 3955 Quatenus
288 3903 358 3944 mox
371 3890 469 3944 veniat
480 3890 556 3960 ipsa,
571 3895 600 3947 et
611 3892 707 3963 amiel,

123 3976 159 4032 Et
174 3981 308 4048 spectent
322 3993 388 4049 quae
401 3978 512 4033 iaciunt
526 3980 579 4034 tibi
594 3980 714 4035 inimici.

159 4066 287 4136 Propero
303 4083 391 4136 nunc,
409 4067 515 4137 anima,
531 4071 667 4140 quamvis
681 4086 740 4125 non
751 4070 887 4143 libenter,

123 4153 288 4210 Enuntians
303 4155 368 4210 haec
383 4155 526 4226 Dominae,
542 4161 571 4212 et
586 4159 632 4213 iac
646 4166 827 4231 reverenter,

121 4244 343 4314 Circumspecte
358 4245 451 4300 iacias
464 4245 552 4300 simul
567 4248 774 4318 etprudouter,

123 4332 165 4388 Ve
177 4333 240 4387 issa
250 4333 377 4403 accipiat
391 4333 447 4388 hoc
460 4335 654 4405 impatienter.

157 4420 244 4475 Nune
260 4421 346 4492 quasi
357 4424 498 4492 praesenti
513 4424 560 4477 dic
575 4440 649 4479 voco
664 4425 809 4497 luctuosa,

121 4507 202 4563 Laus
218 4509 270 4563 tibi
286 4525 441 4580 puerpera,
457 4511 549 4583 Virgo
565 4513 712 4584 speciosa,

122 4596 255 4652 Obsecro
267 4598 412 4668 piissima,
430 4598 523 4654 Mater
539 4602 681 4672 gratiosa,
743 4654 748 4662 ,

121 4685 193 4741 llaec
206 4686 257 4741 tibi
272 4701 340 4758 qum
355 4686 452 4742 relero
466 4703 502 4742 ne
513 4689 573 4742 sint
588 4705 724 4746 onerosa.

157 4774 237 4829 Bene
253 4777 341 4844 nosti,
356 4775 490 4845 Domina,
507 4777 575 4847 quia
590 4777 760 4835 incarnatus

121 4844 174 4899 Est
188 4846 218 4900 iu
233 4850 263 4901 te
277 4846 479 4916 Omnipotens,
495 4848 563 4902 etin
578 4850 687 4904 mundo
697 4856 792 4920 natus

121 4932 157 4987 Et
171 4950 237 4989 enm
251 4936 460 5005 peccatoribus
475 4936 526 4990 diu
542 4944 748 5009 conversatus,

122 5021 160 5076 Ut
173 5038 229 5077 nos
240 5023 305 5092 ipse
319 5025 454 5094 redimat,
471 5040 525 5095 pro
542 5025 629 5080 nobis
644 5026 831 5086 humanatus.

158 5108 201 5165 Ob
217 5110 283 5179 boe,
300 5117 440 5183 quantum
455 5115 611 5182 prevales,
628 5116 687 5170 noli
703 5119 884 5190 conturbari,

124 5196 168 5251 Ne
181 5197 249 5268 plus
264 5206 363 5254 natum
377 5201 470 5256 lacius
486 5218 539 5271 pro
554 5206 581 5256 te
593 5204 753 5270 molestari,

123 5284 182 5340 Sed
198 5285 234 5339 ab
250 5287 316 5356 ipso
330 5304 417 5342 unam
431 5304 493 5344 rem
508 5290 641 5362 digneris
655 5296 781 5365 precari,

122 5372 242 5428 Utmihi
257 5374 306 5429 dat
320 5375 477 5445 plurimum
490 5393 545 5448 pro
565 5395 598 5434 se
614 5382 791 5438 contristari.

157 5464 200 5517 Ae
211 5463 238 5517 si
253 5467 339 5534 roget
348 5464 412 5534 ipsa
423 5480 430 5520 ε
442 5463 517 5530 Quid
530 5468 624 5524 habes
639 5472 755 5527 amari?

121 5549 165 5614 Tu
180 5551 245 5610 die:
264 5552 347 5624 Veni,
363 5553 496 5626 Domina,
508 5555 536 5612 si
551 5556 598 5613 vis
614 5559 763 5635 speculari

964 432 1108 492 Alosum
1124 439 1206 491 tuum
1222 435 1325 506 fllium,
1342 437 1388 493 vel
1404 453 1470 492 cnm
1485 453 1521 492 ao
1535 435 1602 505 lari,

1003 523 1061 589 Qui
1077 541 1131 595 pro
1147 524 1234 580 nobis
1249 526 1351 596 incipit
1365 526 1445 581 Patri
1459 526 1614 581 immolari.

1039 613 1121 667 Tunc
1137 614 1201 684 ipsa
1216 613 1386 685 intelligens
1401 619 1518 685 captum
1531 630 1617 670 suum
1634 618 1746 682 natum,

1003 700 1039 755 Et
1055 702 1172 756 demum
1187 703 1217 756 in
1234 701 1362 757 vinculis
1377 704 1496 758 ductum
1512 704 1548 757 ad
1564 702 1703 773 Pilatum,

1004 789 1072 845 Mox
1083 791 1113 845 in
1128 790 1363 845 amorrissimum
1378 791 1487 847 delluet
1500 793 1655 862 ploratum,

1005 878 1041 932 Et
1055 894 1164 949 corpus
1180 880 1327 935 interram
1339 881 1467 935 concidit
1482 885 1673 951 prostratum.

1040 967 1096 1022 Sed
1112 968 1171 1021 nati
1187 967 1358 1023 charissimi
1373 970 1525 1038 compulsa
1541 984 1652 1037 amore,

1004 1054 1198 1127 consurgens
1212 1057 1388 1127 quantocius
1403 1057 1527 1126 profusa
1540 1056 1664 1128 pallore,
1682 1110 1686 1116 .

1005 1143 1147 1215 Properat
1163 1145 1199 1198 ad
1216 1143 1322 1199 Filium
1338 1145 1471 1201 coniecta
1486 1161 1625 1217 moerore,

1005 1232 1142 1304 Cugitum
1159 1233 1295 1304 virgineo
1311 1234 1510 1305 comprimens
1524 1234 1647 1305 pudore.

1040 1320 1120 1375 Sunc
1128 1320 1270 1392 juvantes
1283 1320 1436 1376 Dominam
1447 1321 1543 1393 ipsius
1558 1337 1693 1392 sorores,

1005 1408 1050 1464 sd
1066 1409 1179 1480 lesum,
1194 1425 1282 1481 quem
1293 1409 1430 1482 diligunt,
1446 1413 1575 1483 pergunt
1588 1412 1706 1466 ociores

1004 1496 1202 1553 Ostendentes
1218 1500 1359 1571 lacrymis
1368 1499 1459 1553 enimi
1473 1499 1614 1569 dolores,

1005 1585 1064 1640 Sed
1079 1585 1139 1640 illis
1155 1587 1328 1658 hlagdalena
1343 1587 1439 1642 reddit
1455 1588 1613 1661 largiores.

1042 1676 1184 1743 Domine,
1199 1676 1270 1748 quid
1285 1676 1382 1733 tacitis
1398 1677 1519 1747 provide
1531 1677 1640 1748 videte,

969 1762 1150 1862 BObsecro,
1167 1781 1183 1818 a
1198 1764 1316 1819 lletibus
1330 1765 1482 1834 paululum
1494 1766 1591 1836 silete,

1005 1852 1167 1923 lacrymas
1183 1853 1337 1924 detergite,
1355 1854 1403 1909 vel
1420 1854 1467 1909 bie
1482 1860 1642 1923 remanete,

1006 1940 1050 1995 Ne
1067 1942 1170 1995 lesum
1186 1942 1325 1996 crucietis
1340 1943 1446 1998 flentes
1461 1943 1633 2000 indiscrete.

1041 2029 1084 2083 Ae
1099 2029 1157 2084 illae
1172 2029 1208 2084 ad
1221 2031 1388 2099 Dominum,
1405 2032 1462 2086 cito
1478 2032 1644 2102 venientes,

1005 2119 1038 2173 ln
1050 2122 1129 2173 tanto
1144 2119 1302 2188 opprobrio
1315 2119 1412 2189 ipsum
1428 2121 1586 2192 intuentes,

1005 2205 1203 2262 Condolentes
1216 2207 1307 2263 multo
1316 2209 1394 2279 plus,
1406 2208 1580 2282 largiusque
1595 2211 1711 2274 tientes,

1005 2296 1050 2350 hd
1066 2295 1199 2350 dolorem
1215 2301 1377 2367 provocant
1386 2312 1490 2354 omnes
1507 2299 1676 2371 diligentes.

1041 2384 1123 2438 Tunc
1139 2386 1255 2439 vidente
1269 2385 1392 2440 Domina
1405 2386 1501 2442 solum
1516 2403 1603 2443 suum
1617 2391 1732 2460 natum,

1005 2472 1167 2544 Plusquam
1182 2473 1419 2546 lursmaliquem
1434 2491 1504 2531 esse
1518 2476 1700 2546 tribulatum,

1006 2560 1064 2615 Cor
1073 2560 1259 2617 ineffabiliter
1271 2563 1339 2634 ejus
1351 2569 1398 2618 est
1411 2564 1569 2635 turbatum,

1007 2648 1042 2704 Et
1058 2649 1102 2704 sic
1118 2651 1204 2721 quasi
1218 2656 1330 2706 mortua
1356 2652 1406 2706 vix
1421 2653 1540 2708 retinuit
1554 2653 1665 2709 ilatum.

1041 2739 1078 2792 At
1097 2738 1188 2794 lesus
1202 2755 1257 2809 pro
1274 2740 1394 2813 Virgine
1411 2741 1508 2814 magis
1523 2745 1569 2798 est
1583 2742 1731 2814 turbatus,

1007 2823 1168 2896 Plusquam
1182 2827 1278 2896 paenis
1293 2828 1423 2898 propriis
1437 2844 1492 2899 pro
1507 2845 1540 2884 ea
1555 2829 1691 2886 tristatus

1005 2910 1089 2970 lleul
1107 2914 1165 2968 heu
1177 2911 1184 2968 l
1196 2913 1282 2984 lesu,
1295 2914 1425 2986 undique
1437 2919 1468 2970 tu
1483 2931 1516 2971 es
1530 2916 1692 2987 eruciatus,

1006 3000 1088 3057 lntus
1103 3003 1132 3056 et
1146 3002 1276 3057 exterius
1290 3002 1379 3058 nimis
1394 3019 1428 3058 as
1441 3009 1594 3076 gravatus.

1043 3090 1107 3145 Heu
1120 3088 1127 3146 Ι
1144 3092 1251 3145 tantam
1266 3091 1436 3147 moestitiam
1447 3093 1546 3149 nullus
1559 3109 1690 3167 unquam
1705 3094 1806 3166 scivit,

970 3150 1069 3234 cNee
1085 3182 1143 3234 tem
1158 3195 1269 3251 graves
1280 3179 1409 3252 gemitus
1420 3181 1528 3253 aliquis
1543 3182 1665 3255 audivit,

1006 3266 1069 3322 Nec
1084 3271 1132 3323 est
1143 3268 1289 3334 mirabile,
1306 3285 1373 3323 nam
1385 3271 1436 3341 qui
1450 3286 1570 3340 semper
1584 3272 1658 3326 vivit

1007 3357 1147 3412 Dolorem
1162 3356 1353 3428 multiplicem
1366 3358 1474 3414 ibidem
1487 3359 1608 3416 subivit.

1041 3444 1256 3516 Contemplare,
1271 3447 1377 3516 anima,
1391 3446 1495 3502 lesum
1509 3447 1677 3521 diligenter,

1005 3534 1080 3589 Cum
1094 3534 1204 3606 iniquis
1219 3535 1348 3606 positum
1364 3539 1421 3590 tam
1435 3536 1644 3609 irreverenter,

1005 3621 1097 3688 Quem
1113 3639 1228 3693 praeses
1244 3625 1432 3696 interrogans
1449 3625 1559 3681 Pilatus
1575 3626 1752 3698 frequenter

1007 3711 1179 3767 Admiratur
1189 3715 1319 3782 tacitum,
1334 3716 1458 3784 stupens
1473 3714 1674 3772 vehementer.

1042 3799 1126 3870 lesu,
1142 3800 1193 3873 qui
1204 3818 1263 3856 non
1279 3804 1398 3873 poteras
1411 3801 1493 3875 loqui
1506 3803 1664 3859 salsitatem

1007 3888 1043 3944 Et
1054 3892 1150 3944 tumen
1165 3890 1295 3960 tacebas,
1310 3890 1403 3946 silens
1417 3893 1579 3962 veritatem,

1006 3976 1051 4032 Ne
1063 3978 1145 4032 sinas
1161 3992 1208 4032 me
1224 3977 1329 4033 cadere
1342 3993 1395 4048 per
1412 3981 1625 4051 loquacitatem,

1006 4064 1064 4120 Sed
1076 4065 1235 4120 discretam
1248 4066 1319 4120 mihi
1334 4067 1369 4121 da
1386 4069 1622 4125 taciturnitatem.

1041 4152 1159 4222 Olasu,
1173 4153 1245 4208 mibi
1259 4154 1294 4208 da
1308 4169 1361 4209 eor
1375 4157 1519 4224 pensandi
1536 4157 1714 4214 instructum

1005 4240 1164 4296 Oculorum
1180 4241 1313 4315 Virginis
1329 4242 1487 4315 planetum,
1504 4248 1591 4316 atque
1606 4244 1718 4303 luctum

1005 4328 1134 4401 Propere
1150 4331 1335 4400 sequentium
1352 4335 1379 4387 te
1397 4332 1433 4387 ad
1448 4332 1597 4388 Herodem
1613 4335 1746 4404 ductum,

1006 4417 1041 4472 Et
1053 4422 1136 4475 veste
1152 4419 1182 4472 in
1198 4419 1321 4474 eandida
1335 4425 1476 4490 spretum,
1494 4425 1522 4476 et
1533 4410 1697 4478 reductum.

965 4500 996 4566 D
1040 4505 1176 4579 OVirgo,
1191 4525 1278 4579 quam
1294 4508 1391 4564 obruit
1407 4509 1542 4565 dolorum
1556 4512 1731 4583 tempestas,

1007 4595 1091 4650 Unde
1107 4595 1169 4665 tibi,
1185 4596 1317 4666 Domina,
1335 4598 1439 4653 sitista
1452 4600 1607 4669 potestas?

1007 4681 1069 4748 Qua
1084 4683 1129 4738 sic
1144 4685 1231 4756 sequi
1245 4688 1365 4754 poteras
1377 4685 1432 4741 has
1448 4690 1553 4758 gentes
1567 4687 1735 4745 scelestas:

1006 4772 1084 4826 Vere
1095 4788 1179 4828 amor
1193 4772 1246 4827 lilii
1259 4774 1330 4828 vicit
1344 4790 1394 4829 res
1410 4774 1560 4831 molestas.

1042 4859 1145 4914 Omca
1162 4861 1278 4928 fiducia,
1297 4878 1364 4933 quae
1380 4879 1440 4918 non
1455 4863 1549 4920 habes
1562 4880 1677 4936 parem,

1007 4947 1092 5003 Certe
1108 4950 1305 5011 libentissime
1321 4957 1417 5007 tecum
1434 4952 1625 5025 ambularem,

1007 5036 1043 5091 Et
1057 5052 1095 5091 ex
1107 5038 1177 5093 lietu
1189 5037 1315 5094 debilem
1330 5039 1427 5095 libens
1443 5043 1654 5114 sustentarem,

1007 5126 1060 5180 Vel
1075 5126 1102 5180 si
1118 5126 1204 5181 dares
1216 5126 1361 5198 lacrymas
1375 5129 1478 5184 saltem
1494 5135 1526 5185 ut
1536 5132 1694 5202 plorarem.

1041 5214 1065 5268 O
1079 5215 1147 5286 quis
1164 5215 1228 5270 sine
1245 5219 1357 5289 gemitu
1370 5221 1467 5288 potest
1482 5219 1617 5274 meditari

1006 5303 1109 5357 lesum
1126 5319 1192 5356 cunr
1209 5304 1354 5360 dedecore
1370 5309 1427 5359 tum
1445 5307 1519 5362 male
1534 5310 1655 5365 tractari

1003 5392 1101 5445 Pedes
1119 5391 1207 5446 ductu
1224 5394 1312 5447 celeri
1328 5394 1430 5449 forsan
1445 5394 1574 5451 violari?

1006 5479 1082 5534 Nam
1097 5495 1155 5534 non
1169 5478 1223 5536 luit
1239 5483 1346 5537 solitus
1361 5483 1426 5553 ipse
1441 5483 1579 5540 calceari.

1041 5566 1118 5625 Ecce
1131 5569 1316 5627 amarissima
1332 5571 1384 5628 siut
1396 5587 1463 5646 quae
1479 5577 1655 5651 sequuntur,
