3908 6112
191 221 253 313 411
710 213 1385 305 811111011011111111111111
1847 215 1906 319 111

219 421 263 478 11.
281 421 320 479 Ut
333 437 420 478 nemo
435 438 453 476 a
467 422 598 477 Romana
613 419 747 477 Ecclesia
762 419 927 488 dissentiat,
948 398 1059 490 111111Α
1108 413 1153 472 30.
1176 415 1261 481 Quod
1275 415 1363 471 babet
1377 414 1559 487 apostolicus
1577 431 1595 471 a
1613 415 1700 473 beato
1715 417 1805 475 Petro
1821 417 1906 474 iida-

185 514 272 581 caput
285 515 332 567 est
343 511 474 566 omnium
484 510 696 567 Ecclesiarum.
1074 505 1148 559 ciam
1164 508 1192 560 11
1206 506 1408 560 auctoritatem
1423 504 1600 561 defendendi
1616 506 1712 563 tidem.

220 598 263 654 11.
280 599 364 665 Quod
379 598 519 671 aregulis
536 600 677 656 Romanae
689 597 833 655 Ecclesiae
847 596 1017 652 nullatenus
1107 594 1152 649 10.
1172 593 1255 660 Quod
1271 611 1355 665 papae
1370 595 1466 667 major
1484 595 1600 653 cunctis
1619 598 1786 654 necessitas
1802 598 1907 652 corri-

185 688 322 743 convenit
338 688 467 742 deviare.
1072 683 1164 756 gaudi
1179 683 1331 738 incumbit.

220 776 264 831 13.
280 775 364 841 Quod
375 776 510 831 Ecclesia
526 777 658 832 Romana
672 793 822 848 nunquam
838 775 925 830 eilde
938 789 1018 829 erra·
1108 772 1152 827 11.
1173 771 1256 837 Quod
1278 772 1393 827 traditio
1415 774 1554 828 llomanae
1578 773 1721 830 Ecclesiae
1741 791 1757 829 1
1779 775 1907 846 reliquis

183 865 270 919 verit.
1073 861 1250 917 observetur
1266 861 1421 930 Ecclesiis,
1434 878 1501 933 quas
1511 863 1547 917 ab
1559 863 1623 932 ipsa
1634 864 1812 935 principium
1821 880 1906 919 acce·

220 952 264 1007 11.
280 951 363 1018 Quod
379 969 454 1023 papa
464 953 552 1008 debet
566 954 729 1008 universali
743 953 889 1008 Ecclesiae
904 953 1016 1007 aubve-
1071 953 1187 1022 parunt.

184 1042 257 1112 nire,
274 1045 302 1097 et
316 1042 459 1113 quidquid
474 1043 503 1096 ia
514 1058 549 1097 11
563 1043 701 1097 nocivum
717 1045 763 1097 est
778 1042 943 1114 corrigere.
1107 1041 1151 1094 11.
1172 1038 1254 1104 Quod
1279 1056 1337 1095 non
1362 1040 1447 1094 aliter
1471 1041 1507 1096 de
1533 1040 1696 1112 Scripturis
1717 1042 1906 1098 sentiendum

222 1130 265 1184 15.
279 1130 318 1185 Ut
329 1131 512 1186 Antiocheae
523 1131 657 1186 Ecclesia
669 1132 810 1187 Romanae
821 1133 861 1186 sit
871 1130 1015 1201 subjecta,
1071 1144 1158 1199 quam
1175 1128 1269 1183 sancti
1284 1128 1389 1183 Patres
1404 1129 1577 1185 docuerunt.

185 1233 241 1274 nec
257 1218 294 1273 ab
310 1218 379 1290 ejus
394 1219 552 1274 dissentiat
561 1221 766 1290 dispositione.
1106 1215 1151 1271 13.
1172 1216 1255 1282 Quod
1276 1233 1351 1288 papa
1373 1218 1469 1287 ipsius
1491 1217 1574 1274 sedis
1595 1219 1763 1276 reverentia
1788 1221 1907 1292 cogitur

221 1305 265 1362 16.
282 1305 364 1371 Quod
381 1308 543 1362 Romanam
559 1307 724 1364 Ecclesiam
736 1309 814 1364 beati
824 1308 904 1364 Petri
918 1322 1016 1362 sacar·
1071 1305 1226 1361 studiosus
1241 1321 1294 1375 pro
1309 1307 1446 1362 omnibus
1461 1322 1541 1362 esse.

185 1395 264 1451 dolio
280 1394 424 1451 Dominus
439 1396 555 1463 ditavit;
581 1400 610 1452 et
632 1398 710 1469 quod
735 1399 829 1469 prima
848 1397 931 1452 salus
941 1397 988 1450 est
1002 1411 1018 1448 a
1106 1393 1151 1449 ll.
1167 1393 1250 1459 Quod
1265 1410 1324 1450 non
1340 1396 1378 1449 sit
1391 1395 1611 1451 recondendum
1626 1396 1662 1452 ab
1678 1398 1853 1469 apostolicis
1866 1399 1907 1454 ia-

185 1483 354 1540 constitutis
376 1485 495 1538 Petrum
514 1501 573 1540 non
598 1485 726 1552 deviare,
744 1489 772 1541 11
794 1485 872 1558 quod
888 1486 918 1540 in
947 1484 1017 1539 sede
1072 1483 1193 1538 stitutis.

184 1572 345 1642 apostolica
362 1589 482 1642 semper
496 1578 542 1629 est
557 1576 701 1629 catholica
716 1577 834 1630 servata
848 1574 962 1647 religio.
1106 1572 1151 1627 15.
1169 1572 1207 1626 Ut
1221 1572 1321 1628 nullus
1342 1573 1459 1629 decreta
1474 1574 1557 1629 sedis
1571 1575 1745 1644 apostolicae
1759 1578 1905 1632 temerare

219 1661 263 1717 17.
279 1661 363 1726 Quod
380 1663 512 1718 liemana
540 1664 675 1720 Ecclesia
700 1666 796 1736 ipsius
811 1665 929 1720 Domini
944 1679 1018 1719 voce
1072 1665 1243 1731 praesumat.

169 1751 350 1807 ·Salvatoris
368 1752 505 1808 omnibus
519 1754 640 1824 praelata
650 1756 708 1809 est.
1107 1749 1152 1805 16.
1169 1750 1251 1816 Quod
1267 1751 1430 1822 apostolica
1446 1753 1535 1808 sedes
1552 1753 1703 1810 universe
1717 1755 1824 1825 praesit
1839 1753 1880 1810 Ec
1891 1785 1906 1797 ·

223 1839 264 1895 18.
281 1839 363 1906 Quod
379 1841 542 1911 apostolica
557 1843 647 1898 sedes
664 1842 879 1901 firmamentum
894 1847 940 1899 est
955 1858 1019 1898 om·
1072 1838 1183 1894 clesiae.

184 1929 265 1984 nium
273 1930 491 2000 episcoporum,
503 1930 757 2003 ecclesiarumque
768 1933 897 1987 omnium
906 1935 1018 1987 vertex.
1105 1927 1149 1982 11.
1165 1926 1248 1993 Quod
1264 1928 1353 1984 sedes
1375 1927 1453 1983 beati
1477 1929 1558 1985 Petri
1580 1929 1626 1984 111
1651 1930 1907 2004 liabetjudicandi

220 2018 263 2072 19.
280 2017 318 2072 Ut
334 2017 428 2087 prima
445 2018 536 2073 sedes
550 2035 567 2074 1
582 2019 662 2076 nullo
675 2019 836 2092 iudicetur.
1071 2015 1106 2070 de
1122 2016 1200 2069 omni
1216 2015 1361 2087 Ecclesia,
1374 2016 1428 2071 sed
1440 2032 1526 2071 nemo
1541 2015 1577 2072 de
1593 2017 1652 2072 illa.

218 2104 262 2161 80.
281 2107 432 2162 1111111111
448 2106 593 2164 Ecclesiae
602 2111 710 2165 11111111
720 2110 861 2166 llomanae
876 2108 1019 2165 Ecclesiae
1105 2103 1149 2160 18.
1168 2103 1252 2170 Quod
1267 2105 1356 2161 sedes
1372 2105 1534 2178 apostolica
1547 2105 1663 2179 absque
1677 2108 1793 2180 synodo
1809 2110 1906 2180 possit

184 2198 374 2253 conservent.
1071 2194 1189 2249 solvere
1204 2195 1304 2266 inique
1320 2195 1483 2250 damnatos.

218 2285 262 2340 01.
280 2286 414 2342 Utnemo
429 2287 601 2359 apostolicoe
624 2287 708 2343 sedis
721 2287 868 2359 ,judicium
880 2286 1020 2360 judicare
1106 2282 1150 2338 19.
1166 2282 1248 2349 Quod
1264 2282 1427 2352 apostolica
1441 2283 1531 2340 sedes
1546 2285 1787 2358 uniuscujusque
1799 2287 1906 2358 svnedi

184 2375 234 2428 1111
248 2379 410 2430 retractare
425 2380 595 2447 praesumat.
1070 2387 1125 2427 sua
1144 2372 1317 2428 auctoritate
1340 2373 1520 2427 conilrmatae
1543 2388 1665 2429 servare
1685 2374 1772 2430 debet
1794 2376 1907 2431 consti-

220 2461 265 2517 11.
282 2461 365 2527 Quod
380 2464 542 2535 apostolica
558 2464 648 2522 sedes
659 2469 746 2535 caput
759 2468 805 2521 est
820 2464 948 2521 omnium
965 2464 1020 2520 Ec·
1069 2463 1174 2516 tutum.

185 2550 354 2606 elesiarum.
1105 2550 1150 2604 50.
1167 2550 1206 2605 Ut
1227 2548 1343 2604 irritum
1367 2549 1405 2605 sit
1428 2548 1571 2623 quidquid
1592 2551 1622 2606 in
1642 2553 1807 2622 apostolica
1833 2553 1906 2610 sede

219 2637 360 2703 33011111
377 2640 510 2694 Romana
538 2640 674 2695 Ecclesia
700 2641 848 2713 singulari
861 2641 1018 2714 privilegio
1070 2639 1184 2709 absque
1200 2637 1364 2709 apostolico
1379 2639 1559 2693 decernitur.

185 2729 360 2795 potestatem
372 2727 460 2782 habet
473 2728 583 2800 ligandi
599 2732 627 2783 11
643 2729 788 2784 solvendi.
1105 2729 1150 2782 51.
1160 2727 1244 2793 Quod
1257 2728 1365 2782 Petrus
1380 2729 1467 2800 regni
1477 2728 1619 2783 coelorum
1635 2729 1735 2785 clavas
1748 2731 1866 2802 accepit
1874 2733 1907 2787 ut

222 2814 266 2869 81.
283 2812 367 2879 Quod
387 2817 559 2884 apostolicae
573 2817 655 2872 sedis
670 2817 783 2888 praesul
798 2818 905 2872 anullo
920 2818 978 2872 nisi
1002 2834 1019 2872 a
1071 2816 1137 2871 aliis
1153 2817 1288 2887 aperiret.
1688 2873 1690 2876 ⁴

186 2903 248 2959 lieo
259 2903 441 2975 judicandus
456 2908 511 2960 est.
1106 2903 1244 2969 5101111
1259 2905 1420 2960 auotoritas
1432 2905 1709 2979 congregandarum
1716 2908 1906 2978 generalium

218 2991 453 3064 1101111111
480 2995 565 3050 vices
594 3010 666 3051 suas
682 2995 777 3066 alteri,
793 2999 823 3051 et
837 3012 901 3051 suae
931 2996 1014 3051 sedis
1071 2996 1251 3064 synodorum
1267 2995 1323 3049 soli
1338 2996 1512 3066 apostolrcae
1529 2996 1594 3051 sedi
1608 2995 1647 3050 sit
1662 2997 1835 3053 commissa.

184 3082 273 3136 etiam
289 3083 472 3138 subdiacono
488 3085 650 3155 committit,
666 3085 717 3139 ubi
730 3100 868 3154 praesens
880 3101 1017 3140 essenon
1032 3067 1058 3130 C
1106 3080 1150 3138 53.
1165 3082 1248 3148 Quod
1262 3099 1337 3154 papa
1352 3100 1368 3137 a
1384 3085 1449 3139 solo
1466 3085 1525 3138 Deo
1541 3084 1580 3138 sit
1590 3084 1782 3156 judicandus.

182 3174 290 3241 potest.
1106 3173 1150 3227 54.
1173 3173 1210 3227 Ut
1225 3188 1311 3227 nemo
1331 3188 1366 3228 ea
1385 3188 1452 3244 quae
1468 3173 1639 3245 apostolicae
1654 3173 1721 3229 sedi
1737 3179 1808 3231 sunt
1822 3192 1905 3233 con·

218 3259 261 3325 36,
279 3259 362 3325 Quod
373 3278 456 3332 papae
473 3265 571 3319 tacere
582 3264 719 3319 nonlicet
734 3264 811 3335 quod
827 3264 856 3318 in
867 3264 1017 3335 querelam
1070 3277 1158 3317 cessa
1170 3265 1294 3332 usurpet
1310 3262 1375 3316 siue
1391 3261 1459 3333 ejus
1470 3263 1618 3318 consultu.

182 3352 280 3419 potest
295 3352 408 3406 venire.
1105 3348 1149 3405 55.
1166 3350 1249 3415 Quod
1267 3357 1389 3406 sanctus
1406 3352 1514 3406 Petrus
1534 3350 1588 3420 jus
1609 3352 1720 3425 ligandi
1737 3357 1827 3425 atque
1843 3354 1906 3409 sol-

187 3501 191 3509 ,
217 3435 262 3490 ii.
279 3436 363 3503 Quod
378 3439 414 3493 ad
429 3440 736 3511 sedemapostolicam
751 3441 788 3495 ab
800 3441 950 3512 episcopis
967 3457 1016 3496 re·
1069 3439 1156 3494 vendi
1173 3439 1247 3493 Lino
1264 3443 1292 3493 11
1306 3438 1387 3494 Cleto
1403 3455 1461 3494 aon
1478 3439 1595 3493 tradidit
1610 3439 1658 3510 (2).

183 3523 305 3596 leretur,
323 3528 392 3581 dum
407 3528 437 3583 in
448 3528 517 3583 ildei
531 3530 645 3585 ratione
660 3530 819 3585 dubitatur.
1104 3528 1149 3582 56.
1165 3526 1248 3593 Quod
1269 3528 1297 3582 in
1317 3543 1375 3583 una
1389 3528 1533 3583 catholica
1548 3529 1682 3585 Ecclesia
1697 3544 1769 3584 vera
1784 3529 1905 3586 Christo

218 3613 263 3667 18.
279 3613 363 3679 Quod
377 3631 452 3686 papa
461 3632 498 3671 ex
509 3617 794 3674 divinaiastitutione
805 3619 953 3674 universis
966 3619 1017 3675 Ec·
1069 3618 1166 3673 hostia
1182 3618 1358 3672 immolatur.

187 3700 289 3757 1111111
304 3704 505 3774 principaliter
519 3722 620 3761 curam
631 3707 727 3762 debet.
1103 3707 1147 3761 57.
1165 3705 1249 3771 Quod
1264 3706 1300 3761 ab
1316 3706 1477 3778 apostolica
1493 3706 1565 3761 sede
1581 3706 1649 3761 fidei
1662 3707 1773 3762 veritas
1791 3712 1839 3764 est
1853 3709 1905 3763 in·

216 3789 261 3845 19.
279 3791 365 3857 Quod
379 3794 463 3849 sedis
474 3796 645 3865 apostolicae
660 3798 832 3853 auctoritate
844 3796 1016 3869 judicantur
1068 3797 1222 3868 quirenda.

183 3881 461 3952 quaedilficultatem
472 3883 692 3954 dijudicationis
706 3885 817 3942 habere
832 3886 979 3941 videntur.
1102 3884 1147 3940 58.
1159 3886 1202 3941 De
1217 3884 1484 3956 111111111Ν1111111
1500 3883 1626 3954 concilii,
1639 3887 1670 3940 11
1678 3884 1715 3938 ab
1730 3884 1897 3956 apostolica

219 3970 264 4025 80.
280 3970 363 4037 Quod
380 3973 511 4027 Romane
524 3973 880 4045 Ecclesiaprincipaiuma
892 3976 1015 4030 Domino
1068 3975 1240 4030 auctoritate
1255 3974 1456 4029 confirmetur.

182 4060 672 4135 1111111111Μ111111111111111ο
691 4065 863 4135 papaPetro
878 4081 936 4120 non
952 4065 1015 4119 dis·
1104 4062 1148 4118 59.
1170 4063 1212 4117 01
1229 4063 1370 4133 petitione
1387 4062 1597 4134 AEgyptioium
1620 4061 1831 4133 episcoporum
1848 4078 1904 4134 pro

98 4204 102 4213 .
181 4153 285 4204 sensit.
1068 4169 1127 4207 cxx
1142 4150 1278 4222 capitulis
1294 4151 1409 4205 Nioaeni
1424 4149 1552 4205 concilii.

218 4237 262 4294 31.
279 4239 317 4295 Ut
327 4255 430 4296 omnes
442 4243 578 4298 catholici
590 4248 753 4315 sequantur
763 4243 937 4315 quodsedes
949 4258 1015 4313 apo·
1105 4242 1149 4296 60.
1170 4240 1254 4306 Quod
1271 4241 1402 4295 Romana
1424 4239 1559 4294 Ecclesia
1583 4253 1701 4310 semper
1715 4240 1905 4295 immaculate

88 4386 96 4400 ,
180 4327 285 4383 stolica
301 4330 396 4385 docet.
1027 4331 1267 4402 Dpermanserit
1282 4333 1310 4385 et
1324 4328 1515 4400 permanebit.

216 4414 261 4472 30.
285 4418 323 4472 Ut
338 4419 469 4474 omnium
484 4419 686 4477 Ecclesierum
700 4426 796 4477 status
824 4438 898 4494 papa
914 4436 1014 4477 curam
1105 4418 1245 4484 61011111
1260 4419 1338 4473 beati
1350 4420 1429 4473 Petri
1445 4418 1535 4473 sedes
1546 4416 1739 4473 sacerdotalis
1750 4420 1848 4472 mater
1857 4421 1905 4472 est

180 4504 296 4560 habeat.
1070 4509 1222 4581 diguitatis
1238 4511 1266 4562 et
1281 4507 1423 4579 magistra
1439 4507 1652 4562 ecclesiastieae
1667 4505 1802 4561 rationis.

216 4596 260 4650 33.
278 4596 320 4650 De
331 4597 434 4652 eadem
447 4613 490 4652 ra.
1104 4597 1149 4654 61.
1162 4597 1200 4654 Ut
1213 4596 1287 4652 nulli
1300 4597 1339 4652 sit
1353 4596 1399 4651 111
1415 4599 1559 4653 temerare
1570 4595 1668 4649 divina
1683 4594 1712 4648 et
1725 4593 1905 4665 apostolicae

216 4684 260 4738 31.
274 4685 316 4739 De
332 4686 434 4741 eadem
448 4703 491 4742 re.
1070 4687 1153 4742 sedis
1167 4687 1308 4740 instituta.

213 4774 258 4829 35.
270 4775 354 4839 Quod
366 4776 498 4830 llomana
507 4776 642 4832 Ecclesia
657 4783 750 4832 mater
768 4779 807 4834 sit
820 4778 951 4834 omnium
962 4777 1014 4833 Ee
1104 4774 1149 4831 63.
1164 4774 1228 4841 Qod
1244 4776 1376 4830 Romana
1390 4772 1528 4828 Ecclesia
1541 4785 1646 4829 omnes
1660 4770 1789 4827 institnit
1801 4770 1905 4828 eccle·

182 4863 353 4933 clesiarum,
370 4868 399 4919 et
412 4881 563 4936 uunquam
578 4882 595 4920 a
610 4866 667 4920 fide
683 4868 835 4922 erraverit.
1070 4866 1208 4920 siasticas
1218 4864 1392 4936 dignitates3
1404 4867 1432 4917 at
1442 4862 1494 4933 qui
1508 4861 1536 4916 ei
1549 4877 1636 4915 suum
1647 4858 1906 4933 privilegiumau·

215 4952 260 5007 30.
274 4953 357 5017 Quod
372 4955 535 5025 apostolica
550 4956 639 5011 sedes
654 4972 803 5027 nunquam
817 4956 952 5013 haereses
971 4957 1014 5011 io·
1069 4955 1148 5009 terro
1163 4956 1295 5023 conatur,
1312 4952 1341 5006 iu
1359 4950 1499 5006 baerasim
1513 4949 1631 5005 labitur.

179 5044 238 5109 vet,
256 5041 310 5095 sed
326 5042 460 5098 destruit.
1104 5043 1148 5098 61.
1164 5041 1248 5108 Quod
1267 5041 1317 5111 qui
1338 5039 1498 5095 comederit
1511 5055 1622 5112 agnum
1635 5043 1719 5095 extra
1733 5037 1905 5095 Ecclesiam

215 5128 259 5182 31.
276 5129 359 5193 Quod
380 5132 465 5186 navis
480 5133 558 5187 beati
568 5135 714 5190 Petriuen
730 5136 874 5190 turbatur.
1068 5132 1154 5187 beato
1169 5133 1256 5185 Petro
1273 5131 1473 5197 commissam,
1486 5129 1630 5199 protenus
1645 5133 1702 5183 est.

215 5215 260 5273 38.
276 5219 359 5283 Quod
374 5236 433 5275 non
449 5222 487 5277 sit
501 5222 629 5279 liberum
644 5226 808 5296 apostolico
824 5224 1013 5281 dissimulare
1102 5221 1147 5276 65.
1171 5220 1254 5285 Quod
1276 5236 1329 5290 pro
1347 5219 1404 5274 lide
1418 5218 1496 5274 Petri
1508 5216 1646 5272 Christus
1661 5216 1833 5288 specialiter
1853 5231 1905 5273 ro·

180 5308 227 5364 vel
244 5315 351 5365 tacere.
1067 5313 1158 5384 gavit.

216 5480 254 5553 (1)
270 5480 414 5552 Loquitur
429 5499 465 5538 ex
481 5500 583 5541 eorum
598 5488 744 5542 sententia
758 5486 809 5558 qui
824 5486 930 5543 Linum
949 5488 978 5543 et
1001 5483 1116 5544 Gletum
1138 5499 1198 5541 non
1221 5480 1377 5554 pontifices
1388 5495 1423 5537 11
1434 5491 1630 5537 successores
1653 5477 1749 5553 Petri,
1765 5474 1904 5553 eadsine

178 5552 381 5615 tantummodo
400 5555 553 5631 1111111111
568 5558 665 5616 luisse
679 5561 790 5633 putant.
