3900 6112
572 266 818 340 olluoeb-
836 268 917 338 ΠΒ.
938 268 995 337 111.
1563 279 1646 345 1014

87 480 162 550 utus,
178 493 216 534 ne
233 476 369 533 Ecclesia
388 479 437 532 tua
452 475 579 548 amplius
600 475 755 546 polluatur,
769 456 795 518 Α
814 471 967 529 exhortari
980 472 1162 530 salutaribus
1179 474 1300 532 monitis
1314 477 1513 550 coepissemus
1526 483 1559 537 ut
1574 496 1641 555 quae

87 565 263 639 Spiritastui
271 565 394 622 ostende
405 565 560 619 virtutem:
574 563 699 618 illaesum
709 578 757 617 me
816 561 873 617 sibi
889 561 1121 633 opponebantur,
1138 563 1392 637 conscientiajam
1408 568 1526 640 fatente,
1543 570 1642 627 humi-

87 654 183 729 ignem
198 655 326 710 transire
340 653 479 708 cencede.
496 652 579 718 Quod
595 652 622 706 si
636 667 692 706 nos
707 650 758 705 lal-
813 649 882 705 liter
899 649 1097 722 confiteretur,
1112 649 1172 721 ille,
1201 654 1262 708 tum
1284 654 1352 725 quia
1367 655 1502 728 ejusdem
1516 659 1644 717 civitatis

87 744 103 813 i,
126 758 217 799 causa
233 742 352 798 invidire
374 742 463 810 ducti,
481 741 556 795 hane
574 745 674 795 centra
690 754 756 793 eum
815 741 877 793 erat
902 738 1072 809 episcopus,
1098 741 1160 794 tum
1188 741 1257 812 quia
1280 741 1374 798 fretus
1398 746 1506 802 auxilie
1526 749 1642 804 comitis

87 832 285 905 ¹usestionem,
312 830 401 885 arder
420 830 509 884 istius
533 829 613 902 ignis
639 843 686 882 me
707 828 758 881 tua
813 830 901 882 terrra
916 828 1022 896 ipsine,
1032 828 1138 897 plenus
1153 830 1294 901 superbia
1304 833 1422 888 omnine
1437 835 1528 890 verba
1541 839 1643 892 nestra

87 919 457 977 elictumconsumal.Haec
473 918 586 988 dicens,
605 919 634 971 et
648 917 757 971 sanctae
815 916 1020 986 vilipendebat.
1037 916 1094 972 Sed
1120 933 1186 973 cum
1213 934 1230 974 a
1257 920 1344 976 nebis
1369 923 1399 976 et
1417 938 1434 978 a
1449 924 1566 980 coeteris
1594 926 1645 996 qui

90 1008 247 1083 signaculo
262 1007 408 1077 muniens,
424 1022 479 1078 per
496 1005 609 1061 medias
624 1005 757 1059 llammas
817 1005 938 1060 aderant
951 1004 1101 1075 episcopis
1114 1006 1171 1061 sub
1182 1005 1307 1078 justitie
1318 1010 1422 1081 regula
1438 1026 1482 1082 se,
1494 1013 1573 1084 qued
1586 1029 1646 1070 nen

87 1097 267 1170 ringressus
283 1098 338 1151 est.
349 1093 422 1151 Cum
433 1094 525 1167 igitur
536 1093 666 1164 undiquc
677 1093 758 1180 esset
818 1095 1001 1165 speraverat,
1017 1094 1181 1167 constringi
1204 1096 1400 1168 conspiceret,
1416 1114 1470 1154 nec
1485 1099 1647 1173 effugiendi

87 1185 278 1254 ircumdatus,
291 1185 330 1239 ita
340 1185 402 1240 ula
416 1184 667 1255 nemineprorsus
681 1180 759 1236 vide·
817 1182 938 1239 heberet
959 1182 1117 1252 licentiam,
1133 1198 1243 1256 negare
1258 1185 1447 1254 pertinaciter
1467 1189 1555 1258 caepit
1569 1191 1648 1263 quod

87 1290 189 1331 omnes
213 1289 280 1330 eum
295 1281 359 1344 jam
381 1275 587 1342 consumptum
611 1272 757 1343 putarent,
817 1277 883 1329 ante
898 1273 947 1326 vix
956 1271 1057 1327 audire
1066 1271 1253 1343 dignabatur.
1262 1271 1394 1344 Cumque
1404 1275 1496 1331 verba
1506 1278 1647 1348 produce·

90 1363 148 1418 alia
163 1367 255 1434 parte,
267 1361 377 1416 Christi
387 1360 656 1432 comitantegratia,
673 1373 758 1431 egre·
816 1366 919 1418 rentur
932 1361 961 1415 iu
976 1359 1109 1432 longum,
1126 1364 1155 1416 et
1168 1361 1328 1415 maximum
1343 1363 1400 1417 diei
1422 1365 1549 1434 spatium
1563 1370 1647 1423 esset

87 1450 185 1519 silivit,
203 1450 241 1504 ita
257 1452 289 1504 ut
308 1466 366 1505 nen
383 1450 469 1505 modo
489 1449 664 1503 vestimenta
680 1446 757 1518 ejus,
816 1452 1034 1521 consumptum,
1050 1453 1079 1503 et
1093 1448 1142 1504 ille
1161 1449 1353 1505 nihilominus
1368 1452 1397 1505 in
1411 1468 1466 1508 sua
1484 1454 1647 1524 pertinacia

87 1539 169 1610 pillus
184 1539 304 1610 quidem
318 1539 411 1593 laesus
427 1538 463 1593 ab
473 1538 543 1610 igne
557 1536 587 1590 in
602 1536 700 1606 aliquo
716 1535 760 1588 vi·
815 1537 951 1609 negando
975 1535 1150 1606 persisteret
1173 1533 1271 1606 home,
1287 1550 1355 1591 eum
1370 1553 1436 1592 cum
1464 1541 1580 1596 caeteris
1596 1543 1648 1613 qui

87 1627 126 1682 ed
143 1627 260 1682 utidom
276 1625 456 1681 venerabilis
469 1627 515 1679 vir
527 1627 629 1695 postea
644 1622 759 1677 relere-
816 1626 937 1681 aderant
951 1623 1103 1695 religiosis
1120 1624 1269 1693 episcopis
1285 1625 1371 1680 nobis
1394 1627 1531 1698 acharare
1548 1630 1647 1687 visum

104 1730 158 1786 per
182 1715 294 1769 medias
315 1714 448 1768 llemmas
474 1713 659 1785 graderetur,
679 1727 759 1782 map·
815 1714 871 1769 luit
885 1716 913 1768 et
928 1717 1019 1767 totum
1030 1710 1214 1783 judiciumin
1229 1713 1400 1770 ostensione
1410 1715 1537 1785 Spiritus
1552 1719 1647 1774 sancti

88 1803 125 1860 de
141 1819 230 1858 manu
245 1803 311 1874 eius
328 1802 443 1857 cecidit.
459 1800 591 1872 Cumque
607 1800 670 1872 jam
685 1814 760 1870 pene
776 1821 802 1884 Β
816 1801 1008 1858 committere.
1024 1801 1055 1854 ln
1071 1800 1198 1869 nomine,
1218 1800 1348 1872 inquam,
1376 1803 1473 1859 Petris
1488 1809 1517 1861 et
1539 1806 1606 1862 Filii
1620 1809 1650 1864 et

87 1905 166 1946 urex
181 1891 260 1962 igne,
269 1889 343 1943 vidit
359 1904 391 1944 se
406 1889 571 1958 mappulam
583 1888 613 1942 in
624 1886 760 1942 manibus
816 1891 946 1961 Spiritus
956 1889 1062 1958 sancti,
1076 1887 1163 1960 cujus
1178 1888 1288 1943 donum
1302 1890 1406 1961 gratim
1420 1893 1448 1947 te
1456 1908 1649 1966 comparasse

89 1994 134 2048 re,
145 1994 189 2048 ac,
201 1979 339 2049 inignem
354 1976 413 2032 sibi
427 1976 647 2032 eumoccidisse
663 1975 761 2030 consi·
816 1979 994 2046 audivimus,
1009 1980 1042 2033 ut
1056 1976 1147 2049 hujus
1162 1977 1206 2032 rei
1225 1978 1312 2033 nobis
1327 1980 1479 2036 veritatem
1494 1981 1648 2040 edisseres

87 2081 119 2123 er
132 2066 246 2121 medias
263 2067 368 2120 iterum
390 2065 523 2120 flammas
543 2067 712 2132 revertitur,
733 2066 762 2118 ct
817 2067 1001 2140 adjuramus.
1017 2065 1101 2130 Quod
1125 2064 1151 2119 si
1175 2064 1312 2136 amplius,
1336 2071 1367 2121 ut
1388 2069 1515 2140 coepisti,
1537 2085 1649 2144 negare

87 2156 207 2227 ,ppulam
217 2154 375 2209 extrahens
385 2153 553 2224 reportavit.
565 2153 759 2221 Tuncenrnes
819 2155 990 2225 tentaveris,
1001 2152 1142 2225 Spiritum
1153 2156 1297 2224 sanctum,
1310 2154 1487 2227 denec,quse
1497 2174 1569 2215 vera
1580 2165 1650 2216 suat

87 2246 125 2314 ut,
141 2244 207 2299 viso
221 2246 280 2298 tam
294 2243 432 2308 maxime,
449 2246 509 2295 tam
522 2241 761 2311 obstupescendo
817 2242 1153 2314 eenllteeris,neminare
1162 2242 1650 2318 nonvaleas.Quiepiscopus,cum

88 2331 155 2403 (19),
171 2332 334 2387 immensas
350 2332 411 2385 Dee
424 2331 536 2403 gratias
546 2333 681 2402 agentes,
693 2344 763 2383 mex
818 2332 935 2389 abunde
949 2330 1092 2402 eloquens
1120 2332 1212 2399 esset,
1238 2333 1267 2385 et
1289 2331 1407 2386 anobis
1430 2337 1604 2391 exereretur
1617 2339 1650 2392 ut

87 2436 133 2477 ars
148 2436 207 2475 uno
221 2418 334 2490 elleota,
355 2418 510 2488 praelatum
530 2419 703 2489 episcopum
726 2417 762 2472 de
817 2422 958 2492 Spiritum
983 2422 1118 2475 sanctum
1144 2417 1317 2486 nominaret,
1341 2419 1458 2475 Patrem
1475 2422 1595 2492 quidem
1620 2426 1650 2480 et

88 2508 180 2564 ellunt
192 2525 197 2563 :
211 2512 261 2579 qui
277 2511 380 2579 postea
391 2508 448 2578 (80)
459 2508 628 2577 paenitentia
643 2506 760 2575 ductus,
818 2510 923 2566 Filium
938 2507 1132 2564 satisdiserte
1146 2507 1326 2576 nominabat,
1337 2507 1479 2578 Spiritum
1494 2526 1565 2568 vere
1581 2528 1649 2567 san·

87 2600 147 2667 rste,
165 2598 221 2652 sub
232 2600 343 2652 sanctes
358 2596 593 2652 conversationis
608 2596 764 2667 regulare·
818 2602 897 2654 ctum
912 2598 1020 2652 mirum
1034 2595 1064 2650 in
1074 2596 1193 2650 medum
1204 2595 1356 2651 nominare
1370 2597 1450 2652 nulle
1464 2600 1551 2654 medo
1567 2604 1650 2671 pete·

87 2702 174 2758 agere
188 2686 277 2740 vitam
291 2686 376 2741 visus
392 2688 446 2740 ost.
618 2690 621 2696 “
818 2690 873 2743 rai.
899 2687 982 2764 Tune
997 2684 1134 2740 omnibus
1150 2684 1201 2755 qui
1215 2683 1337 2739 aderunt
1350 2684 1416 2741 luce
1433 2686 1544 2743 clarius
1559 2690 1652 2759 patuit

88 2774 156 2830 ilus.
174 2776 212 2830 Ut
226 2775 351 2830 laetando
362 2775 464 2844 mirer,
481 2777 509 2829 et
523 2774 655 2830 mirando
667 2773 762 2842 laeter,
818 2776 896 2848 qued
912 2776 1054 2831 honorem
1069 2772 1257 2845 episcopatus
1273 2773 1340 2829 dato
1355 2775 1448 2846 pretio
1464 2781 1583 2848 emerat,
1600 2780 1651 2851 qui

87 2864 222 2920 ‚ocritatis
243 2866 353 2917 nostrae
372 2859 503 2933 tempore
519 2863 592 2917 illud
612 2864 764 2933 antiquum
818 2865 947 2919 mennisi
961 2863 1089 2934 Spiritus
1104 2863 1200 2917 sancti
1223 2863 1318 2934 gretia
1336 2864 1480 2935 largiente
1498 2865 1649 2922 tribuitur.

87 2967 150 3008 sum
170 2952 257 3006 trium
274 2966 433 3021 puerorum
448 2951 620 3006 miraculum
638 2951 763 3018 intueor,
818 2954 900 3007 Tunc
915 2952 1041 3022 Spiritus
1053 2950 1261 3005 sanctivirtute
1273 2951 1462 3007 tremefactus
1477 2953 1650 3026 episcopus,

87 3041 179 3095 amine
196 3040 350 3095 aestuanlis
365 3040 493 3094 incendii
507 3040 617 3111 integri
626 3044 653 3094 et
669 3040 765 3095 incor-
818 3041 969 3096 humiliter
983 3039 1230 3095 cerememnibus
1241 3039 1374 3094 confiteri
1385 3043 1561 3095 coactusest
1571 3044 1651 3112 quod

99 3144 224 3199 corpere
238 3129 420 3198 prodierunt.
781 3168 808 3241 c
819 3129 1023 3198 antemnates
1034 3126 1244 3197 superbiaDei,
1256 3127 1360 3181 timere
1374 3129 1650 3199 postpositepreca-

87 3219 157 3272 rins.
168 3216 522 3288 VenerabilisGregerius
532 3216 764 3288 pepa,cujussu·
819 3217 892 3272 citer
906 3231 1016 3288 negare
1030 3217 1271 3286 praesumpserat.
1670 3271 1676 3279 ,

87 3307 224 3362 ameriam
240 3305 306 3374 leci,
323 3305 393 3376 quid
409 3307 509 3359 centra
525 3306 656 3360 eamdem
671 3306 763 3360 Simo·
859 3303 1047 3376 Theophilus.
1075 3301 1148 3357 Cum
1173 3303 1268 3372 Pater,
1294 3305 1322 3356 et
1343 3302 1445 3373 Filius,
1470 3307 1499 3360 et
1522 3304 1650 3376 Spiritus

87 3395 214 3464 messim,
232 3409 265 3448 se
280 3398 439 3463 praesente,
456 3393 765 3450 Dominusestcndere
820 3397 942 3450 sanetus
967 3407 1058 3447 unum
1087 3391 1155 3459 sint,
1180 3406 1236 3445 nec
1255 3389 1334 3445 aliud
1354 3391 1389 3445 de
1416 3391 1505 3448 Patre
1533 3397 1562 3448 et
1577 3394 1651 3451 Filio

87 3499 122 3555 pe
142 3483 213 3537 mihi
237 3483 342 3538 solitus
365 3488 411 3538 est
426 3482 549 3537 referre.
566 3483 637 3537 Cum
653 3499 763 3553 essem,
819 3499 908 3555 quam
923 3482 958 3537 de
973 3481 1084 3551 Spiritu
1098 3482 1201 3534 sancto
1218 3481 1329 3534 sentire
1346 3478 1392 3534 las
1408 3483 1463 3548 est,
1481 3497 1534 3536 cur
1548 3483 1579 3538 in
1593 3484 1651 3538 Pa-

87 3573 265 3641 rbdiacenuS,
282 3574 340 3626 eta
362 3572 455 3626 beatae
475 3571 624 3626 memoriae
649 3572 765 3628 Victore
820 3573 874 3628 tris
889 3575 918 3626 et
946 3569 1012 3624 Filii
1037 3568 1191 3624 vocabulis
1209 3569 1399 3639 proterendis
1419 3568 1544 3624 solutam
1565 3575 1653 3644 atque

89 3661 222 3716 ostelicae
251 3661 332 3715 sedis
352 3660 491 3730 pontifice
507 3659 538 3714 in
562 3660 684 3715 Galliam
712 3676 765 3730 pre
821 3661 971 3726 disertam,
983 3657 1087 3713 insole
1101 3672 1173 3712 vero
1183 3656 1310 3726 Spiritus
1321 3657 1415 3712 sancti
1427 3658 1555 3730 nomine,
1567 3662 1654 3731 quasi

87 3750 149 3804 licis
160 3749 288 3820 negotiis
297 3747 491 3803 discutiendis
503 3763 603 3804 essem
611 3750 766 3803 transmis·
820 3746 1012 3821 praecellenti,
1025 3747 1156 3818 linguam
1167 3748 1275 3801 mutam
1291 3751 1319 3800 et
1330 3747 1448 3801 omnino
1459 3746 1561 3803 babuit
1571 3749 1652 3805 celli-

87 3856 97 3893 1
111 3838 193 3906 mihi,
205 3838 259 3892 luit
270 3837 477 3907 episcoporum
491 3851 656 3891 convocare
669 3838 767 3891 cenci·
821 3837 938 3910 galami
951 3833 1018 3905 (81).

87 3928 129 3984 ¹lis
140 3942 239 3981 eoram
249 3926 356 3995 positis
367 3924 403 3980 de
414 3925 628 3980 ecclesiasticis
639 3925 767 3997 negotiis
857 3922 1046 3979 Desiderius.
1062 3920 1148 3975 lusto
1164 3920 1217 3975 Dei
1229 3919 1343 3993 judicio
1359 3923 1482 3994 contigit
1492 3927 1524 3978 ut
1538 3925 1588 3995 qui
1603 3926 1655 3981 de·

87 4032 139 4072 rus.
157 4016 190 4069 ln
201 4015 302 4069 eadem
311 4030 382 4069 vere
394 4015 510 4068 civitate
525 4013 555 4068 in
565 4030 622 4085 quo
634 4013 767 4084 synodus
822 4028 892 4068 num
907 4010 1035 4080 Spiritus
1051 4008 1146 4063 sancti
1162 4010 1275 4079 gretiae,
1286 4010 1365 4080 qued
1381 4011 1474 4081 gratis
1485 4016 1514 4066 et
1528 4011 1614 4068 datur
1627 4018 1656 4070 et

104 4104 264 4174 episcopus
280 4104 343 4156 erat
356 4101 406 4172 qui
421 4102 515 4170 pretio
532 4101 672 4156 honorem
688 4115 767 4155 com·
822 4099 974 4169 accipitur,
990 4096 1091 4168 lingua
1105 4096 1259 4166 placitante
1274 4103 1424 4153 mercatus
1441 4102 1496 4165 est,
1512 4101 1543 4155 in
1557 4102 1656 4172 prole·

89 4192 277 4263 episcopatus
299 4205 316 4243 a
333 4189 434 4244 multis
454 4188 659 4245 infamabatur.
676 4189 769 4261 Igitur
821 4188 915 4244 rende
929 4186 1058 4256 Spiritus
1074 4185 1168 4239 sancti
1185 4185 1328 4240 vocabule
1343 4186 1512 4256 specialiter
1525 4187 1582 4257 (82)
1597 4188 1654 4244 lin-

87 4281 234 4351 tpiscopus
246 4278 376 4348 venitad
387 4277 525 4332 mediam.
540 4279 769 4349 Camergecum
822 4294 890 4350 guae
906 4275 1036 4331 olllcium
1050 4288 1109 4329 nen
1126 4272 1257 4328 heberet.

87 4420 207 4494 rppulara
229 4420 306 4475 Orde
323 4421 474 4475 Romanus
493 4420 628 4490 appellat,
654 4436 711 4491 qua
726 4420 769 4544 pi·
824 4418 959 4475 coenobio
976 4416 1203 4485 commorantes,
1220 4413 1250 4469 in
1261 4413 1379 4486 signum
1394 4413 1587 4499 miraculique
1599 4417 1657 4471 evi·

87 4508 185 4560 erum,
211 4493 325 4545 narium
340 4495 368 4546 et
388 4491 450 4544 oris
463 4489 691 4562 detergebotur;
707 4507 723 4545 a
737 4491 766 4555 ii,
824 4491 961 4559 dentiam,
978 4489 1009 4542 ut
1035 4502 1138 4542 omnes
1153 4501 1229 4556 pene
1252 4486 1395 4540 mirentur
1414 4485 1449 4540 de
1467 4489 1525 4541 tam
1542 4488 1656 4560 ingenti

87 4582 89 4616 ι
105 4566 133 4618 et
152 4562 299 4633 cingulum
314 4560 477 4616 brachiale.
782 4534 809 4596 D
825 4561 925 4616 ederis
941 4560 1085 4614 suavitate
1100 4557 1246 4627 dispersa.

87 4634 170 4705 ntigit
180 4633 236 4687 hee
247 4633 425 4704 prodigium,
438 4648 502 4695 seu,
515 4633 653 4702 utpotius
663 4632 768 4700 dicam,
860 4633 917 4701 (80)
932 4630 1014 4685 Adee
1029 4643 1115 4699 mque
1130 4628 1227 4683 anime
1251 4628 1358 4682 Petrus
1377 4627 1578 4699 justissimam
1593 4628 1658 4684 tulit

87 4703 312 4759 ammiraeulum
323 4703 523 4771 praesentibus
535 4703 672 4757 omnibus
688 4703 771 4758 cleri·
825 4702 1012 4770 sententiam,
1037 4704 1068 4755 et
1098 4701 1184 4754 etiam
1212 4704 1318 4754 tonsus
1348 4700 1422 4755 intra
1446 4699 1658 4769 Septimianum

87 4776 125 4829 eis
137 4775 298 4844 promiscui
310 4789 402 4828 sexus
418 4776 446 4826 et
465 4775 559 4829 relatis
575 4772 637 4828 iero
652 4774 690 4828 ad
705 4777 771 4828 ecto
825 4774 986 4828 claustrum
998 4771 1125 4825 veluerit
1135 4773 1224 4825 vitam
1232 4771 1424 4825 monasticam
1440 4770 1659 4839 profiterivide

87 4846 265 4915 Septimianc
288 4844 422 4898 ooenebio
443 4847 544 4914 quinte
560 4845 597 4898 ab
614 4844 686 4898 urbe
702 4844 771 4898 lle·
826 4845 893 4898 abb.
904 4842 1063 4913 Uglrellum
1075 4857 1227 4896 sacrarum
1237 4842 1426 4897 historiarum
1442 4840 1598 4896 excellenti
1609 4854 1657 4896 co·

87 4917 202 4970 nilliare
225 4916 362 4980 distante,
383 4930 459 4969 anne
480 4915 597 4971 llemini
622 4914 700 4983 1068,
724 4915 772 4969 die
848 4915 958 4969 nitione
969 4928 1003 4967 ae
1016 4912 1122 4982 peritia
1132 4913 1281 4984 insignem
1296 4913 1326 4965 in
1340 4927 1394 4967 sua
1405 4911 1484 4966 ltalia
1496 4927 1570 4982 sae,
1586 4914 1658 4968 tem.

99 4988 202 5058 quarta
215 4985 288 5041 teria
301 4986 330 5039 in
345 4985 629 5055 primahebdomeda
644 4984 772 5048 Quadra·
826 4931 875 5053 fu,
893 4986 922 5039 in
937 4985 1030 5053 episc.
1047 4981 1175 5038 Floreat.

97 5057 229 5113 Meminit
245 5056 337 5127 hujus
359 5056 427 5110 iacti
452 5057 558 5111 Boron.
575 5056 603 5107 in
620 5055 724 5109 hanel.
741 5055 769 5109 d.
863 5054 919 5137 (81)
935 5054 1008 5108 Vide
1030 5054 1126 5108 Boron
1142 5057 1212 5108 tom.
1227 5052 1274 5119 x1,
1294 5068 1342 5106 an.
1359 5053 1441 5121 Dom,
1464 5051 1544 5122 1055,
1566 5069 1596 5109 n.
1613 5053 1658 5123 17,

98 5127 399 5198 prolixenarraturin
415 5127 479 5181 Vita
495 5127 525 5181 S.
542 5127 665 5181 loannis
681 5125 772 5181 Gual-
828 5142 875 5182 cur
910 5125 1026 5198 rodigio
1041 5124 1172 5180 interluit
1187 5125 1273 5179 ctiam
1288 5123 1376 5195 Huge
1390 5122 1458 5178 abb.
1474 5121 1606 5178 Cluniae.

93 5201 123 5254 in
146 5199 257 5253 Thomu
279 5199 364 5252 llozic
389 5199 430 5251 De
456 5197 553 5269 signis
568 5196 637 5250 lice.
661 5196 711 5250 lib.
731 5213 771 5265 rx,
864 5142 919 5266 (ὦ)
935 5197 1048 5251 ideirco
1063 5196 1191 5265 Spiritus
1200 5198 1322 5249 sanctus
1334 5209 1392 5248 nen
1424 5195 1661 5264 eluitexprimia

87 5286 139 5340 zap.
152 5268 774 5338 5.Adlaevemmaj0risecclesiaemonaste·
827 5268 1006 5335 Simoniaco,
1021 5266 1091 5337 quia
1118 5267 1144 5321 ci
1166 5263 1375 5337 appropiantur
1394 5210 1470 5319 Xeno
1494 5266 1609 5337 gratiae,
1631 5267 1661 5320 in

87 5339 412 5410 iturlocusquoPetrus
422 5339 774 5412 perignemillaesusper·
827 5355 894 5465 gum
901 5337 1087 5394 Simoniacus
1103 5340 1149 5391 est
1160 5336 1325 5406 injuriosus
1339 5335 1472 5390 vendens
1482 5336 1541 5391 illa.
1554 5336 1662 5391 Exhec

88 5411 178 5482 bique
189 5411 224 5464 ad
236 5409 362 5464 luteram
377 5409 444 5464 lecti
459 5410 632 5464 memorium
642 5409 775 5464 nonnulli
848 5406 1219 5480 iscantquiperpecuniam
1230 5405 1662 5478 addignitatesecclesiasticas

87 5482 149 5537 reisi
163 5481 312 5553 leguntur,
322 5482 390 5549 ime,
403 5481 535 5536 mirabile
544 5477 638 5534 dictul
655 5496 775 5552 expres·
827 5481 960 5553 provecti
975 5481 1005 5533 ia
1020 5477 1128 5548 temple
1140 5477 1193 5532 Dei
1208 5478 1323 5545 sedent,
1339 5492 1426 5567 quam
1436 5476 1559 5547 fredum,
1575 5493 1664 5560 quam

87 5569 101 5608 o
126 5556 234 5608 tentam
257 5552 358 5607 ederis
381 5552 571 5624 fragrantiam
586 5566 724 5608 emanare
739 5552 775 5608 ad
827 5566 958 5623 enorme,
985 5564 1073 5620 quam
1090 5546 1274 5604 horrendum
1288 5546 1327 5602 sit
1341 5547 1480 5603 Simeniae
1495 5549 1662 5620 llagitrum:

87 5638 118 5684 ae
133 5626 266 5698 tempera
281 5624 428 5682 testantur
436 5623 573 5682 monachi
588 5623 618 5679 in
633 5624 776 5697 predicto
827 5621 1015 5686 meminerint
1028 5620 1127 5682 emnia
1145 5617 1272 5680 crimina
1289 5617 1328 5676 ad
1345 5619 1595 5693 comparationem
1615 5616 1647 5677 Sl
