3900 6112
108 231 188 313 rose
775 220 1008 287 currantur
1037 221 1166 287 aruer

107 425 244 482 Exultere
255 424 340 479 ssdem
357 423 491 493 cupiens,
508 435 685 492 operamque
695 419 840 492 juventus
952 396 975 466 t
994 418 1100 472 hluniri
1116 418 1228 487 pedites
1243 418 1344 472 fundis
1355 417 1424 472 fecit
1435 422 1522 490 atque
1531 417 1656 489 sagittis

110 516 193 570 Hanc
208 528 262 568 sua
279 513 428 583 praecipue
444 511 543 579 coluit,
560 511 627 565 dom
638 510 726 580 digna
741 508 848 579 quietis
995 505 1133 558 Armatos
1150 505 1265 575 equites
1281 520 1381 559 seeum
1399 503 1675 575 procedet-ejussit.

110 601 206 657 «lausa
218 616 281 655 suae
296 601 379 653 fieret
394 598 501 652 Siculae
518 598 664 668 subiectio
680 597 789 668 gentis.
994 593 1147 646 Accedunt
1162 608 1245 647 muro
1260 593 1386 662 pedites,
1402 598 1430 647 et
1446 592 1554 648 moenia
1570 594 1656 647 saxis

112 691 176 745 Hoc
188 689 245 744 sibi
261 689 321 741 dux
336 686 420 740 socio
436 686 568 740 confisus
584 690 612 738 ot
626 685 743 756 agmine
754 685 845 739 multo
995 682 1036 733 Ac
1054 680 1119 734 telis
1136 681 1269 749 quatiunt
1285 696 1449 752 ,egressus
1464 683 1586 751 iniquus
1599 680 1635 734 ab
1652 680 1725 733 urbe

112 777 218 832 Secum
232 776 358 830 deducio
374 790 432 828 non
448 774 602 827 obs'diono
620 772 675 840 tie)
688 773 865 826 Panormum
995 768 1097 822 Obstat
1108 769 1152 821 eis
1164 769 1300 838 populus,
1318 784 1405 838 (quom
1422 784 1479 823 non
1495 769 1630 837 perferre
1647 768 1773 821 valentes

111 865 238 919 Vincere
254 864 400 931 desperat,
417 861 525 915 Siculis
541 876 627 930 quam
640 860 822 915 nobiliorem
999 854 1160 927 Diffugiunt
1176 856 1300 925 peditcS,
1318 871 1393 926 quos
1409 857 1469 909 ilex
1483 859 1514 910 ut
1525 856 1633 910 cedere
1649 856 1720 909 vidit

113 951 245 1007 Urbibus
260 951 400 1004 audierat.
420 948 541 1003 lioberti
556 948 646 1001 milite
660 948 750 1001 multo
1000 942 1129 998 Diffusus
1146 946 1267 1013 campis,
1286 944 1419 1014 legiones
1434 945 1570 1014 protinus
1581 959 1687 998 omncs

113 1040 194 1094 Urbs
210 1039 314 1093 vallata
330 1039 423 1106 pavet,
446 1051 547 1089 mures
567 1040 723 1106 turresque
740 1034 909 1098 reformant.
998 1032 1079 1084 Bella
1093 1033 1159 1085 clato
1175 1032 1261 1103 signo
1277 1035 1375 1086 monet
1390 1033 1593 1088 incunctanter
1605 1033 1698 1101 adire,

113 1127 200 1181 Arma
217 1128 356 1195 virosque
368 1127 481 1194 parant,
500 1124 611 1177 ‹letecta
631 1124 774 1179 foramina
796 1123 943 1190 claudunt,
999 1119 1077 1172 Voce
1094 1135 1239 1189 manuque
1253 1135 1325 1173 suos
1340 1120 1416 1174 sicut
1428 1120 1486 1174 dux
1498 1122 1641 1174 strenuus
1657 1120 1784 1181 hortun&

111 1215 233 1269 Ponitur
249 1217 276 1266 et
291 1212 413 1282 vigilum
429 1211 561 1265 custodia
576 1213 681 1266 erelira
696 1212 873 1282 pcrurbcm.
998 1207 1154 1276 Paulisper
1169 1205 1271 1274 Siculi,
1290 1207 1444 1261 commisto
1461 1208 1554 1261 blartc
1570 1209 1687 1276 moreti,

114 1301 180 1355 Dux
192 1301 276 1371 jubet
288 1304 417 1353 armatos
433 1300 548 1369 equites
564 1301 705 1354 accedere
722 1301 814 1370 portis
1000 1294 1041 1346 Ad
1060 1294 1144 1346 ducis
1158 1300 1309 1363 aspectum
1321 1296 1483 1349 [tumefacti
1498 1300 1583 1367 terga
1599 1297 1748 1349 dederunt.

7 1415 10 1425 ·
116 1390 155 1443 Ut
170 1389 212 1442 sic
225 1389 340 1441 incluso
355 1387 390 1441 ad
408 1404 534 1458 pugnam
547 1391 689 1457 provocet
704 1388 826 1442 hostes:
999 1382 1065 1434 llux
1078 1381 1153 1449 ferit,
1169 1386 1256 1452 atque
1272 1398 1344 1435 suos
1360 1382 1492 1437 hortatur
1508 1389 1591 1453 tergo
1608 1384 1696 1437 scrire
1767 1392 1772 1403 ’

115 1476 217 1543 Omne,
230 1476 306 1547 quod
324 1475 444 1529 incutiat
457 1491 571 1544 poenam
587 1476 754 1546 pariterque
763 1475 904 1542 laborem,
999 1469 1154 1522 l'crvcrsae
1170 1470 1278 1539 geritis,
1293 1485 1346 1523 ncc
1363 1471 1477 1525 caedere
1491 1471 1599 1525 desinit
1611 1471 1723 1539 hostes,

115 1563 238 1619 Civibus
254 1563 355 1617 inferri
374 1566 492 1616 versuta
508 1563 634 1631 potentia
651 1564 776 1617 mandat.
999 1557 1141 1610 Atlt'ffl'sae
1158 1561 1259 1627 P01tt³S
1273 1558 1340 1611 (1¹11ss
1354 1559 1546 1628 perventum?
1559 1559 1594 1612 ssd
1611 1559 1703 1612 uillis·

114 1651 281 1705 Procedant
296 1651 390 1719 portis
407 1650 498 1703 Siculi
514 1666 570 1704 non
586 1654 665 1704 stare
683 1651 822 1720 ferentes,
998 1645 1076 1698 tiens
1092 1647 1227 1699 comitata
1240 1645 1344 1699 ducem
1360 1646 1489 1701 diversis
1505 1648 1620 1701 sauciat
1637 1647 1745 1701 hostem

114 1737 300 1811 Egressique
317 1737 398 1791 foras
414 1737 518 1791 audaci
532 1741 628 1791 mente
642 1742 826 1809 repugnent:
965 1733 1189 1825 BVulnerihus,
1206 1736 1350 1805 quosdam
1367 1737 1485 1807 gladiis,
1502 1740 1531 1791 et
1546 1735 1803 1806 cuspidequosdun.

115 1828 224 1882 Verum
235 1826 420 1880 Normannos
437 1828 585 1895 nequeunt
599 1824 727 1879 tolerare
743 1827 861 1880 feroces
1000 1821 1106 1875 Multos
1124 1822 1233 1876 surulali
1246 1823 1338 1893 jactu,
1352 1825 1509 1895 plerosque
1526 1826 1645 1896 sagittis
1658 1843 1664 1889 ;

116 1913 251 1968 Cultores
262 1911 382 1979 Christi,
400 1911 467 1964 dum
484 1927 559 1982 gens
576 1912 711 1983 agarena
723 1914 845 1982 resistit,
1000 1909 1084 1963 Unde
1100 1911 1333 1981 supergrediens
1349 1928 1495 1966 caesorum
1509 1928 1645 1983 corpora,
1660 1916 1743 1965 tentat

115 1999 441 2069 Nonporferrevalet3
469 1998 595 2069 fugiunt,
614 2001 767 2070 nostrique
784 2007 950 2071 sequuntur
998 1995 1070 2049 (lum
1087 1996 1195 2051 Siculis
1211 2002 1295 2067 porta
1309 1998 1492 2070 fugientibus
1508 1999 1594 2053 urbis
1607 2000 1697 2066 adire,

118 2087 226 2142 Multos
240 2089 432 2157 prosternunt
448 2085 565 2156 gladiiS,
579 2089 607 2140 ct
623 2088 744 2158 cuspide
759 2089 878 2159 multos,
1000 2084 1038 2137 Ut
1049 2085 1137 2138 finem
1153 2090 1231 2139 tento
1248 2086 1392 2154 ltraebetet
1407 2089 1491 2157 capta
1505 2086 1611 2141 lebori-

118 2173 266 2229 llioenibus
280 2189 296 2226 c
308 2173 452 2236 summis;
470 2173 548 2227 volat
563 2174 692 2246 undique
708 2176 821 2231 missile
831 2178 930 2232 telum,
999 2171 1055 2224 Sed
1073 2172 1154 2226 cives
1171 2175 1263 2241 portis
1285 2174 1424 2228 adhihent
1441 2175 1508 2229 dum
1526 2176 1657 2230 claustra
1671 2176 1764 2229 seratis

118 2261 254 2333 Saxaque
267 2276 334 2315 cum
349 2261 556 2331 pilisjaoentia
568 2262 674 2316 laedere
691 2267 801 2318 tentent
999 2259 1065 2312 Non
1076 2260 1221 2313 modicam
1236 2266 1348 2330 partem
1365 2262 1439 2316 foris
1454 2262 1612 2318 exclusere
1628 2278 1758 2318 suorum:

117 2350 247 2420 Corpore
258 2352 448 2414 nostrorum
466 2350 597 2403 nosurri
613 2351 760 2406 moenibus
776 2354 860 2408 umis
1000 2344 1129 2416 Impetus
1145 2345 1263 2401 hostius
1278 2349 1367 2402 tanus
1378 2351 1543 2404 terroribus
1553 2350 1657 2405 urbem

118 2436 375 2507 Hosimpeltentes
387 2437 444 2490 taeu
460 2453 514 2491 sua
529 2442 625 2492 casua
641 2439 803 2510 requirunt.
1001 2434 1104 2503 Implet
1116 2437 1144 2487 ur
1161 2435 1301 2489 exclusos
1316 2437 1389 2490 eaeui
1400 2439 1569 2508 permiserit
1585 2455 1696 2493 omnes.

116 2525 187 2580 Inde
202 2526 420 2579 Panormcnscs
436 2525 525 2579 Afros
541 2526 636 2579 accire
655 2526 789 2581 laborant
1004 2522 1152 2576 liebertus
1167 2539 1332 2594 quanquam
1343 2524 1430 2596 longo
1446 2527 1605 2581 certamine
1620 2529 1688 2581 vidit

116 2611 243 2676 Auxilio,
262 2627 385 2680 quorum
400 2611 457 2664 sibi
473 2612 588 2665 viribus
603 2614 770 2683 associatis,
1004 2610 1127 2663 llisfisos
1150 2611 1274 2681 equites,
1291 2628 1345 2684 coe,
1358 2613 1396 2667 tis
1411 2614 1549 2669 insistere
1565 2617 1682 2686 poscit:

116 2698 200 2763 Quod
214 2714 271 2753 non
285 2702 352 2751 sunt
367 2699 432 2751 ausi
449 2703 526 2752 terra
542 2702 721 2755 committere
732 2702 840 2757 liellum
1002 2698 1103 2751 Virtus
1119 2704 1228 2767 vestra,
1244 2701 1311 2769 viri,
1330 2701 1427 2756 varios
1444 2707 1566 2772 experta
1582 2704 1697 2758 labores

117 2784 298 2841 Commisero
312 2786 386 2839 mari
402 2802 409 2855 3
426 2785 604 2841 bellantibus
616 2788 672 2842 hoe
683 2788 859 2844 elementum
1002 2785 1152 2840 velmede
1169 2787 1274 2856 laudis,
1291 2789 1340 2859 ait,
1357 2790 1474 2844 velerit
1490 2792 1576 2845 ruodo
1592 2792 1678 2864 digne
1689 2792 1794 2862 repulse.

118 2874 307 2931 Commodius
323 2874 446 2928 credunt
461 2893 468 2940 ;
492 2877 647 2930 instructis
662 2894 734 2949 ergo
750 2880 860 2935 carinis
1002 2874 1082 2927 l'rbs
1098 2874 1214 2928 inimica
1231 2877 1300 2943 Deo,
1313 2878 1404 2932 divini
1420 2881 1520 2933 nescia
1537 2881 1645 2951 cultae,

118 2963 214 3035 Erigit
225 2967 254 3016 ut
267 2963 335 3016 belli
351 2963 465 3016 navalis
482 2964 536 3017 rite
551 2969 681 3034 paratus,
1000 2962 1121 3017 Subdita
1137 2963 1333 3035 daemonibus,
1347 2967 1439 3021 reteri
1454 2968 1579 3038 spoliata
1594 2971 1703 3040 vigore,

116 3053 235 3123 Proque
254 3050 432 3120 repellendis
448 3067 588 3106 saxorum
602 3053 822 3124 retiaculorum
1001 3051 1065 3104 dam
1081 3053 1166 3122 qnasi
1181 3052 1272 3107 fracta
1287 3055 1383 3108 tremit
1399 3071 1406 3122 ς
1419 3055 1443 3108 si
1456 3072 1510 3109 vos
1527 3058 1639 3111 instare
1650 3061 1761 3127 potenter

117 3140 238 3208 lctibuS,
256 3140 380 3194 obtectis
398 3140 570 3195 rubicundis
586 3144 714 3213 undiquc
730 3144 857 3214 philtris,
967 3099 1122 3207 cViderit,
1139 3141 1275 3194 obstandi
1291 3141 1387 3197 nullos
1403 3143 1592 3198 meditabitur
1606 3161 1712 3200 ausus:

116 3228 161 3283 Ad
175 3244 303 3301 pugnam
316 3229 437 3283 veniunt
451 3228 508 3282 sub
520 3231 686 3285 conditione
701 3232 789 3301 virili,
1001 3228 1037 3279 Al
1052 3227 1078 3280 si
1098 3227 1233 3296 deficitis,
1251 3245 1316 3283 cras
1331 3230 1446 3284 viribus
1462 3231 1526 3285 haec
1543 3235 1693 3303 reparatis,

115 3317 153 3373 Ut
167 3333 225 3388 quo
233 3316 301 3386 juro
312 3317 368 3370 viri
384 3316 430 3370 vol
446 3318 546 3370 vivant
561 3319 605 3371 vel
617 3320 786 3374 morientur.
1001 3316 1109 3370 Acrius
1126 3317 1253 3371 obstabit
1270 3319 1356 3387 3dum
1373 3323 1488 3388 tompus
1503 3320 1612 3375 adesse
1627 3323 1733 3391 videtis,

116 3404 233 3460 Mandat
247 3404 437 3471 Normannis,
451 3405 593 3473 Calabris,
611 3407 803 3476 ltarcusibus,
816 3410 906 3481 Argis
1000 3405 1213 3490 Curritedura
1229 3407 1303 3476 capi,
1321 3406 1437 3461 Christo
1454 3407 1623 3479 miserante,
1640 3411 1753 3479 irritabit:

116 3493 180 3547 Dux
194 3509 209 3545 a
225 3508 257 3545 se
274 3492 367 3560 captis
386 3491 493 3543 muniri
505 3508 630 3561 corpore
641 3493 749 3549 Clu-isti
766 3514 772 3561 ;
1002 3492 1156 3547 Difficilem
1171 3495 1307 3564 quamvis
1324 3494 1438 3549 facilem
1454 3497 1523 3551 facit
1535 3499 1599 3567 ipsc
1611 3499 1740 3561 laborem,
1818 3556 1821 3561 ,

115 3580 178 3644 Quo
192 3579 276 3649 jubet
287 3581 407 3646 accepto
423 3592 489 3631 eum
505 3580 649 3648 sanguine
663 3581 740 3635 bolla
756 3585 867 3639 subire.
1002 3581 1066 3635 Hoc
1077 3583 1151 3636 duce
1167 3583 1272 3653 confisi
1283 3584 1368 3637 bellis
1384 3585 1522 3654 imponite
1538 3586 1635 3656 tinent,

117 3667 178 3721 Tali
194 3670 254 3719 tute
269 3666 335 3719 cibo
355 3667 488 3735 procedit
504 3668 587 3720 turba
603 3668 698 3723 tidelis
1001 3673 1096 3740 hique
1112 3671 1305 3727 invadendam
1320 3675 1416 3727 cuncti
1431 3690 1627 3744 properemus
1644 3677 1677 3729 ad
1689 3676 1775 3730 urbem

117 3752 251 3809 Navibus
266 3754 370 3823 aptatis
384 3769 441 3823 quo
453 3755 635 3823 praevaluere
645 3762 774 3826 paratus.
1002 3759 1055 3812 ilis
1071 3760 1180 3813 animat
1199 3760 1285 3815 dietis
1303 3761 1450 3816 liebertus
1465 3763 1554 3817 corda
1571 3781 1703 3820 suorum.

116 3842 234 3896 Perfida
249 3857 324 3912 gens
339 3845 426 3896 totam
443 3842 521 3897 lituis
539 3845 695 3916 sonituque
710 3848 855 3919 tubarum,
1000 3848 1146 3902 oscensis
1170 3849 1260 3902 scalis
1275 3854 1432 3919 properant
1448 3854 1649 3908 conscendere
1664 3868 1759 3920 muros,

117 3929 349 4000 hlagnarumque
364 3931 456 4000 replet
471 3948 575 3986 vocum
587 3934 765 3990 clamoribus
779 3954 889 4009 aequor.
1001 3936 1097 4007 Seque
1112 3936 1252 3992 voluntati
1268 3943 1418 4008 promptos
1433 3939 1518 3994 ducis
1533 3940 1623 3996 affore
1638 3942 1772 4014 spondent.

116 4016 300 4073 Christicolae
316 4021 416 4073 contra
427 4019 568 4091 sutfragia
583 4022 645 4075 sola
661 4027 792 4093 petentes
1000 4025 1049 4080 Sic
1063 4026 1165 4098 auriga
1181 4026 1287 4093 bonus,
1306 4029 1424 4082 veloces
1440 4030 1546 4083 cedere
1562 4046 1652 4086 cursu

114 4107 262 4177 Principis
275 4106 386 4174 aeterni,
404 4107 490 4178 cujus
507 4112 575 4163 sunt
590 4127 678 4166 earne
689 4113 801 4183 relecti,
999 4114 1073 4168 Dum
1089 4116 1243 4186 cognoscit
1258 4130 1360 4188 equos,
1372 4119 1474 4187 parcit,
1490 4119 1657 4191 patiturque
1672 4117 1773 4186 morari,

114 4192 202 4249 Nullo
217 4197 367 4250 terruntur
387 4196 535 4268 clangore,
553 4200 607 4254 sed
621 4201 729 4255 acriter
742 4202 802 4256 illis
998 4202 1066 4256 Inde
1083 4203 1257 4258 reformatos
1269 4206 1411 4274 reparatis
1426 4207 1545 4261 flatibus
1556 4209 1599 4263 ire

112 4282 244 4347 obstant,
261 4285 289 4337 et
305 4283 411 4338 feriunt
427 4291 628 4359 quassantque
642 4290 765 4345 viriliter
779 4292 894 4347 hostes.
996 4290 1130 4360 Coeptum
1146 4292 1225 4363 cogit
1235 4293 1300 4364 iter,
1313 4294 1498 4367 stimulisque
1515 4297 1718 4367 frequentibus
1728 4294 1803 4366 urget,

112 4371 262 4441 Principio
277 4387 369 4425 naues
383 4372 464 4426 Afrae
479 4373 644 4446 Siculaeque
655 4380 808 4450 resistunt,
998 4380 1072 4433 llum
1090 4395 1210 4435 cursum
1224 4387 1374 4455 peragant,
1385 4387 1412 4436 et
1423 4399 1476 4438 cos
1490 4386 1662 4454 praecedere
1676 4386 1738 4440 victi

116 4458 194 4513 Nutu
209 4458 308 4512 divino
324 4461 439 4512 tandem
456 4476 576 4516 cessere
593 4471 711 4533 coacte,
961 4442 1124 4522 ”Vincere
1140 4471 1188 4539 qui
1206 4470 1329 4538 soleant,
1346 4473 1430 4525 canto
1442 4472 1726 4546 ducentemagistro.

114 4546 245 4616 Cumque
259 4546 358 4617 fugam
374 4550 513 4618 peterent,
530 4551 637 4622 aliquot
655 4556 808 4624 recipiuntur
822 4574 940 4617 carum:
999 4557 1064 4610 Dux
1080 4557 1127 4610 ubi
1142 4560 1291 4626 persensit
1306 4559 1457 4628 capiendis
1472 4562 1621 4616 moenibus
1636 4578 1734 4617 omnes

114 4633 254 4698 Quaedam
270 4635 434 4689 submersae
449 4642 582 4707 pereunt,
599 4641 746 4713 pleraeque
763 4644 906 4715 frequenti
998 4646 1139 4699 insudare
1151 4661 1234 4714 suos,
1247 4647 1364 4701 insudat
1378 4651 1407 4702 et
1421 4649 1485 4719 ipse
1501 4650 1633 4706 ferendis

114 4722 274 4777 Remorum
289 4722 377 4777 ductu
388 4724 438 4776 vix
452 4739 574 4779 evasere
586 4726 719 4798 fugaces,
997 4733 1147 4789 Sollicitus
1159 4734 1249 4789 scalis
1265 4741 1314 4805 3ut
1329 4738 1557 4808 progrediantur
1571 4741 1608 4794 ad
1623 4741 1678 4794 elta

113 4809 188 4864 Dum
203 4812 317 4880 portum
333 4809 472 4881 subcunt,
486 4828 555 4866 mox
565 4831 729 4884 opposuere
742 4821 871 4888 catenas,
996 4823 1133 4893 Praecipit
1144 4823 1210 4878 inde
1221 4826 1295 4878 suis.
1313 4822 1355 4878 llli
1372 4826 1574 4881 conscendere
1590 4845 1690 4884 muros

112 4898 184 4952 Cum
200 4898 308 4968 quibus
324 4914 480 4969 aequoreos
495 4901 591 4955 aditus
606 4905 763 4973 prohibere
780 4908 923 4964 solebant.
999 4912 1159 4965 Unanimes
1173 4917 1351 4984 properant3
1367 4918 1493 4968 econtra
1506 4919 1563 4970 tota
1573 4917 1707 4972 Panormi

110 4986 166 5040 His
177 4987 262 5041 etiam
277 4985 379 5042 fractis
387 4988 529 5059 quasdam
545 4991 580 5044 de
592 4994 717 5048 navibus
734 4996 836 5050 horum
997 5000 1076 5054 Gens
1088 5005 1163 5054 astat
1178 5003 1272 5055 muris
1287 5018 1340 5071 per
1354 5006 1575 5075 propugnacula
1593 5022 1694 5076 sparsa

111 5073 296 5132 Christicolae
312 5079 439 5147 capiunt,
461 5079 586 5134 flammis
601 5081 761 5153 plerasque
775 5094 916 5156 perurunt
933 5105 940 5144 ε
998 5090 1080 5143 Unus
1098 5091 1213 5159 utrique
1230 5090 1312 5144 labor
1327 5092 1443 5161 popule,
1460 5093 1580 5147 diversa
1592 5095 1646 5149 sed
1661 5095 1715 5148 illis

114 5160 168 5215 Det
184 5167 296 5220 validas
312 5168 408 5221 animo
424 5168 509 5222 ducis
525 5168 588 5222 haec
603 5170 727 5225 victoria
740 5174 830 5229 vires
994 5179 1089 5231 Causa
1101 5178 1155 5231 fuit
1171 5194 1178 5247 3
1195 5179 1273 5247 cupit
1289 5179 1335 5234 hic
1351 5180 1454 5234 urbem
1468 5196 1584 5252 capere,
1603 5183 1652 5238 ille
1666 5181 1747 5247 tueri,

113 5247 189 5301 Hinc
200 5254 415 5319 pervadendam
430 5255 527 5310 solers
538 5257 666 5313 intentus
681 5261 717 5314 ad
732 5262 834 5318 urbem
994 5266 1092 5320 Altera
1108 5283 1177 5336 pars
1192 5283 1245 5337 pro
1261 5283 1304 5337 sc,
1322 5284 1374 5337 pro
1387 5269 1474 5336 natis,
1492 5270 1624 5343 conjuge
1638 5274 1753 5333 constan

111 5333 231 5390 Molitnr
249 5341 340 5395 variis
356 5345 510 5403 conatibus
525 5350 556 5402 ut
571 5349 710 5418 capiatur.
995 5354 1090 5409 Altera
1107 5360 1190 5426 grata
1205 5355 1272 5409 duci
1288 5356 1352 5410 fleri
1369 5357 1465 5411 studet
1482 5359 1555 5412 urhe
1570 5360 1700 5415 subacta.

147 5472 204 5545 (Ἶὸ)
215 5475 369 5548 Panormo,
382 5487 584 5543 vetustissima
599 5490 704 5545 civitas
718 5492 748 5546 in
763 5490 873 5562 Sicilia,
889 5493 939 5549 ubi
992 5497 1098 5567 templo
1114 5497 1240 5551 maximo
1255 5512 1344 5571 reges
1360 5501 1388 5553 et
1402 5501 1504 5570 epieco
1527 5499 1654 5559 iSiciliae
1672 5497 1787 5575 sepeliun-

110 5559 583 5632 regoscoronasaurcasaccipere
593 5562 939 5621 consueverantlnillius
991 5570 1057 5635 tur;
1073 5569 1252 5642 privatorum
1267 5571 1364 5627 autern
1378 5585 1475 5629 nemo.
1514 5588 1597 5631 meu.
