3900 6112
121 195 201 260 ⁴259

693 136 914 248 witimar
948 186 1273 262 coreunsroms

122 395 192 450 dum
206 393 341 448 inultum
361 391 478 446 culmen
492 386 673 442 ascenditur.
690 384 827 440 Profecto
843 401 900 439 non
912 386 953 439 illi
967 372 994 431 Α
1010 404 1112 459 regem
1137 390 1316 447 Edwardum
1338 396 1468 466 attigerit
1495 396 1576 453 tilius
1597 398 1689 454 ducis
1712 400 1838 471 Roberti,

122 483 328 539 dominabatur
349 478 493 551 regnandi
508 476 609 530 libido.
627 475 766 529 Sanctum
781 489 850 528 esse
867 474 952 528 intel-

120 575 241 641 lexerat,
259 575 419 640 sancteque
435 568 576 637 diligebat
592 566 722 636 conjugii
733 564 851 633 pignus
862 563 952 616 Fumi·

122 662 324 717 liareseontra
341 673 466 711 suasere
493 661 522 710 ut
545 657 634 709 totins
658 655 808 708 exercilus
824 652 952 707 iuranimi

120 750 268 807 desiderio
280 748 373 818 optari
389 747 532 801 sciebant.
545 747 725 813 Quamquam
741 743 869 796 rationes
885 741 951 811 ejus

120 840 251 910 opprime
273 836 434 891 laudabiles
450 835 668 905 dignoscerent,
687 850 723 886 cx
738 848 847 885 arcano
863 832 950 885 uber-

122 929 204 982 rimae
216 926 368 996 sapientiae
386 928 547 978 manantes.

156 1017 264 1072 Aderat
277 1013 475 1069 buieeonsilie
484 1009 951 1080 linimerinsltqrritanns,praeses

120 1105 309 1172 Toarceusis,
322 1104 421 1173 lingua
437 1118 495 1154 neu
511 1099 670 1169 ignobilior
684 1115 770 1168 quani
787 1097 898 1150 dextra.
911 1097 948 1165 ls,

120 1194 269 1249 demirans
284 1195 312 1246 el
328 1193 437 1245 urliane
450 1189 595 1242 extollens
612 1187 785 1241 modestiam
802 1186 951 1255 inquiren·

120 1286 177 1337 tem
201 1282 315 1335 animos
341 1279 464 1332 militum
488 1294 558 1331 num
575 1276 682 1329 vellent
698 1276 847 1328 dominum
863 1288 951 1327 suurn

119 1370 302 1442 regemtieri,
322 1367 388 1421 «Ad
397 1365 650 1435 disceptationem,
663 1364 765 1433 inquit,
778 1361 949 1432 hujusmodi

119 1459 227 1514 milites
238 1472 387 1528 nunquam
403 1457 451 1508 aul
468 1470 533 1508 raro
549 1454 633 1507 acciti
649 1457 727 1506 sunt.
745 1451 811 1505 Noa
830 1455 876 1505 est
901 1449 949 1503 diu

118 1547 294 1602 trahendum
308 1547 409 1599 nostru
426 1543 637 1598 deliberatione
651 1541 729 1611 quod
745 1540 950 1594 desideramus

118 1637 182 1691 lleri
202 1651 290 1706 quam
306 1633 480 1688 ocissime.»
512 1633 549 1684 nt
567 1629 790 1700 prudentissimi
806 1631 834 1682 et
850 1626 949 1696 optimi

1012 479 1100 547 eujus
1124 480 1211 534 amite
1239 482 1379 537 iliebardi
1401 486 1524 540 secundi
1546 502 1648 555 soror,
1664 488 1734 543 tiliae
1748 489 1837 560 primi,

1011 565 1122 634 limma,
1140 569 1268 638 genitrix
1284 570 1338 624 luit
1355 571 1502 628 Edwardi.

1048 657 1117 709 l'ost
1146 658 1323 712 celebratam
1350 661 1575 731 ordinationem,
1606 665 1836 721 nonutselitnn

1011 746 1066 811 est,
1079 748 1147 814 post
1162 745 1305 800 bonorum
1315 755 1481 819 augmenta,
1495 752 1836 817 lieri,remissiuslauda·

1010 832 1081 885 bilia
1094 848 1198 903 gerere
1214 837 1311 904 coepil,
1328 838 1383 890 scd
1398 854 1474 893 novo
1490 840 1726 912 admirandoque
1739 844 1835 898 antero

1011 922 1835 1001 adlienestosctiugcntesactusaccendilurdignissimus

1011 1025 1073 1077 rex,
1091 1012 1168 1081 quod
1184 1028 1301 1081 nomen,
1317 1017 1414 1082 pesilo
1431 1015 1516 1069 ducis
1532 1019 1665 1087 nomine,
1683 1019 1779 1074 libens
1792 1037 1834 1076 ee·

1011 1103 1105 1168 ccplat
1117 1099 1212 1169 stylus
1227 1105 1338 1155 noster.
1355 1103 1556 1158 Saecularibus
1575 1122 1706 1177 namque
1721 1124 1754 1162 ac
1768 1110 1833 1163 diri-

1012 1187 1058 1239 nis
1073 1203 1191 1255 opernm
1207 1189 1392 1258 impendebat
1403 1196 1553 1246 strenuam
1563 1196 1713 1265 utrisque,
1730 1199 1763 1251 nd
1775 1214 1832 1252 sur-

1012 1276 1112 1328 ritium
1129 1280 1223 1330 tanren
1242 1278 1333 1348 llegis
1349 1282 1477 1335 omnium
1487 1298 1592 1353 regum
1602 1300 1656 1339 cor
1664 1286 1831 1355 propensius

1010 1363 1145 1431 babebat,
1155 1365 1263 1435 quippe
1279 1366 1326 1420 cui
1342 1383 1415 1422 suos
1426 1376 1587 1437 provectus
1598 1374 1763 1441 reputabat,
1774 1391 1830 1428 con·

1008 1455 1052 1504 tra
1080 1467 1166 1521 quem
1192 1455 1319 1521 potentia
1348 1460 1398 1509 aut
1425 1457 1483 1510 vile
1511 1461 1661 1515 neminem
1678 1463 1830 1517 mortalium

1007 1541 1091 1608 poliri
1108 1540 1157 1594 din
1174 1556 1263 1611 posse
1279 1543 1430 1611 sciebal,a
1445 1561 1504 1616 quo
1523 1548 1651 1617 gloriam
1677 1552 1830 1605 intermina·

1007 1629 1105 1696 bilem,
1114 1629 1163 1682 ubi
1174 1631 1362 1699 temporalem
1379 1634 1485 1703 liniret,
1497 1637 1704 1705 exspectabat.
1713 1639 1744 1692 ln
1754 1640 1828 1710 liujus

117 1726 173 1780 viri
196 1738 381 1794 nequaquam
397 1722 435 1774 ita
453 1723 592 1790 cuperent
607 1719 637 1771 in
651 1719 708 1771 alto
725 1716 815 1787 hujus
832 1733 949 1770 menar-
966 1733 1078 1800 Berge
1106 1718 1293 1786 imperatoris
1316 1721 1403 1790 quasi
1424 1723 1564 1777 tributum
1590 1725 1677 1796 large
1699 1731 1827 1799 erogarit,

118 1812 287 1868 ehiaeillum
302 1809 403 1877 locari,
420 1809 477 1861 nisi
493 1807 641 1877 praecipue
657 1806 795 1861 idoneum
811 1806 949 1875 pervide·
1006 1807 1083 1875 quod
1097 1806 1216 1859 llereldi
1229 1808 1312 1877 regis
1328 1810 1464 1863 aerarium
1481 1827 1570 1865 avare
1587 1813 1722 1869 inclusit.
1744 1817 1827 1871 Terre

117 1903 197 1968 rent,
215 1894 585 1967 licetipsorumcommodn
602 1894 768 1948 ctlrouores
783 1909 835 1962 per
844 1895 950 1948 exalte·
1007 1894 1046 1946 illi
1063 1910 1116 1947 sua
1132 1894 1279 1948 fertilitate
1289 1896 1393 1964 opimae
1404 1898 1574 1954 uberiorem
1584 1903 1763 1971 opulentiam
1772 1921 1826 1959 con·

117 1990 226 2045 tionem
256 1987 322 2057 ejus
348 1986 450 2057 augeri
476 1983 620 2038 volentes
638 1983 714 2052 lpse,
733 1983 949 2036 iterumomnia
1007 1986 1123 2050 portare
1151 1983 1230 2037 soliti
1255 1990 1325 2037 sunt
1344 1987 1545 2057 negotiatores
1575 2005 1649 2060 gaza
1676 1993 1823 2048 advectitia.

119 2092 222 2133 secum
237 2075 434 2146 perpendens
448 2073 595 2143 acquievit
609 2075 651 2125 lot
667 2072 833 2140 petentibus
849 2074 949 2141 totque
1008 2070 1125 2123 Maximi
1134 2087 1267 2136 numero,
1280 2089 1398 2143 genere,
1409 2075 1531 2130 artilicio
1541 2078 1680 2133 thesauri
1688 2082 1824 2150 compositi

117 2161 490 2231 suadentibus,praesertim
507 2175 642 2229 sperans,
656 2159 704 2212 ubi
717 2174 842 2229 regnare
852 2174 948 2228 eoepc·
1008 2159 1133 2223 luerent,
1156 2163 1206 2213 aut
1225 2162 1410 2216 custodiendi
1425 2165 1460 2217 nd
1471 2180 1581 2219 renum
1591 2168 1736 2238 gaudium
1745 2171 1824 2224 avan-

115 2255 163 2324 rit,
173 2252 313 2307 rebellem
328 2266 473 2322 quemque
484 2248 579 2302 minus
588 2263 729 2302 ausurum
741 2248 768 2300 in
780 2247 943 2315 selemias

116 2343 327 2401 conterendum
356 2354 429 2394 asc.
448 2337 597 2392 Praemisit
612 2352 683 2407 ergo
696 2336 877 2390 [lundoniam
893 2339 944 2407 qui

115 2432 305 2489 munitionem
321 2429 349 2483 in
372 2429 436 2499 ipsa
452 2429 657 2481 construerent
673 2426 744 2479 urbe
760 2429 787 2478 cl
803 2426 943 2497 pleraque

116 2520 309 2590 competentia
323 2514 629 2588 regiamagniliccntia
639 2518 944 2583 praepararentmora·

115 2615 200 2666 turus
213 2607 330 2663 interim
345 2620 398 2675 per
412 2605 517 2657 vicina.
537 2603 710 2656 Adversilas
730 2603 826 2656 eninis
843 2604 944 2671 procul

115 2699 179 2769 luit,
196 2696 269 2753 adeo
285 2698 315 2750 ut
327 2694 443 2750 venatui
459 2695 487 2747 et
510 2693 606 2744 avium
623 2690 700 2761 ludo,
717 2691 744 2745 si
760 2691 836 2745 lorte
852 2693 945 2762 libuit,

115 2803 222 2844 secure
237 2789 365 2840 vacaret.

1007 2250 1065 2314 tiae,
1082 2250 1131 2301 aiil
1143 2248 1213 2302 luxu
1224 2249 1349 2320 Anglice
1357 2252 1479 2322 turpiter
1490 2258 1703 2311 consumendi.
1713 2257 1822 2321 Quorum

1006 2341 1119 2406 pnmcm
1135 2338 1170 2390 ad
1186 2339 1339 2393 ministres
1351 2341 1476 2395 conlecti
1487 2343 1557 2396 belli
1568 2346 1821 2418 magnibcceroga-

1006 2426 1056 2492 rit,
1069 2426 1193 2494 plurima
1208 2443 1241 2480 ac
1256 2429 1472 2495 pretiosissima
1487 2433 1595 2502 egenis
1609 2437 1637 2487 el
1652 2437 1821 2491 monasteriis

1005 2514 1190 2567 diversarum
1206 2516 1423 2583 provinciarum
1434 2517 1598 2574 distribuit.
1616 2522 1647 2575 ld
1667 2524 1819 2578 muniticcn-

1006 2603 1053 2655 tiae
1064 2604 1191 2656 studium
1203 2604 1315 2674 adjuvit
1324 2621 1381 2659 non
1390 2608 1525 2662 modicus
1534 2613 1819 2682 census‚quemundi·

1005 2706 1062 2761 quc
1073 2692 1206 2745 civitates
1223 2698 1250 2745 et
1259 2693 1420 2763 locupletes
1431 2697 1540 2767 quique
1551 2699 1723 2755 obtulerant
1730 2701 1817 2756 nordio

1005 2781 1132 2833 domine.
1143 2781 1424 2838 liemanauecclcsioe
1437 2787 1537 2840 Sancti
1550 2787 1634 2842 Petri
1643 2790 1788 2859 pecuniam
1796 2791 1816 2842 in

151 2877 203 2931 Die
214 2872 390 2931 ordinationi
399 2872 517 2926 decreto
527 2871 660 2925 elocutus
670 2870 706 2924 ad
717 2871 830 2942 clugies
840 2870 947 2925 conde·
1004 2883 1075 2921 auro
1091 2873 1177 2938 alque
1188 2874 1311 2940 argento
1326 2871 1496 2940 ampliorem
1506 2890 1596 2945 quum
1608 2877 1815 2932 dictucredibile

114 2959 946 3030 eentisermoneEboraeensisarchiepiscopusaequita-
1005 2957 1053 3023 sit,
1070 2960 1099 3010 cl
1114 2962 1285 3011 ornamenta
1301 2976 1367 3029 quae
1379 2960 1813 3033 ltizantiumpcrebaiababent,
1854 3012 1856 3019 .

114 3057 172 3111 tem
201 3052 286 3107 valde
308 3065 421 3117 amans,
447 3064 510 3103 aevo
526 3051 668 3116 maturae,
686 3049 818 3118 sapienS,
835 3049 943 3117 benus,
1005 3046 1033 3097 in
1049 3061 1164 3099 eranum
1182 3047 1340 3101 Alexandri
1355 3064 1436 3118 pnpae
1452 3053 1629 3107 transmisit.
1647 3054 1812 3110 Memorabile

114 3143 269 3213 eloquens,
286 3157 322 3194 an
339 3138 539 3193 consentirent
554 3153 620 3192 cum
635 3138 692 3191 sibi
704 3137 853 3191 dominum
866 3153 947 3192 core·
1003 3151 1120 3205 qnoque
1136 3135 1275 3190 vexillum
1287 3137 1417 3207 ileraldi,
1429 3137 1674 3197 bominisarmati
1682 3146 1811 3215 imaginem

114 3232 179 3286 neri
194 3228 357 3302 inquisivit.
377 3227 531 3281 l‘rotestati
548 3230 615 3279 sunt
629 3225 751 3281 bilarcm
765 3241 945 3280 consensum
1003 3223 1142 3276 intextam
1158 3224 1270 3278 babens
1281 3229 1649 3302 exauropurissime,quo
1661 3234 1809 3303 speliopre·

114 3319 247 3376 universi
276 3317 395 3370 minime
425 3315 607 3379 haesitantes,
638 3330 671 3367 ne
696 3315 722 3367 si
742 3314 869 3381 caelitus,
887 3330 944 3368 una

114 3411 210 3463 mente
224 3407 289 3461 data
306 3419 421 3473 unaque
437 3418 520 3457 voce.
531 3403 693 3473 Anglorum
706 3403 844 3456 voluntati
857 3418 944 3473 quam

114 3496 251 3551 facillime
273 3492 468 3546 Norlhmauni
490 3494 721 3558 consonuerunt,
746 3492 943 3546 sermocinato

114 3585 151 3638 ed
167 3598 220 3637 eos
234 3597 268 3635 ac
284 3580 457 3634 sententiam
476 3581 663 3648 percunctato
678 3580 861 3632 Constantini
872 3597 945 3648 prae

114 3670 190 3726 sule.
207 3670 363 3738 (laterum,
383 3667 520 3738 quieirca
538 3667 747 3720 monasterinm
764 3669 793 3721 in
808 3669 899 3722 armis
915 3672 943 3722 et

114 3761 200 3831 equis
215 3757 355 3829 praesidio
367 3756 503 3826 dispositi
512 3755 639 3825 luerunt,
654 3756 762 3827 ignotae
774 3757 862 3810 nimio
872 3761 944 3810 stre·

112 3849 174 3919 pitu
193 3851 378 3916 acceptorem
408 3845 559 3898 sinistram
579 3844 710 3898 arbitrati
727 3862 816 3914 prope
833 3846 941 3900 civitati

112 3937 306 4007 imprudentia
318 3935 462 3989 batumum
478 3933 651 4004 injecerunt.
668 3932 716 3987 Sic
732 3935 856 3989 electum
871 3951 939 3989 con·

112 4026 241 4081 secrevit
256 4025 331 4079 idem
349 4023 590 4092 archiepiscopus
600 4038 683 4093 {eque
693 4028 793 4076 saneta
806 4023 937 4077 rilacba·

112 4130 165 4170 rus
181 4113 356 4169 etinviolata
373 4112 459 4178 lama,
475 4111 615 4180 imposuit
629 4112 779 4182 eiregium
794 4112 936 4184 diadema,

112 4204 269 4273 ipsumque
285 4202 368 4273 regio
379 4200 465 4267 solio,
483 4200 597 4254 favente
616 4200 939 4270 multorumproesentia

1004 3327 1125 3366 inunere
1149 3312 1285 3382 eJ'usdem
1300 3316 1453 3385 apostolici
1468 3318 1655 3389 benignitate
1671 3322 1729 3376 sibi
1741 3322 1808 3375 misso

1003 3417 1055 3470 par
1070 3401 1206 3455 redderet
1216 3417 1223 3471 3
1235 3403 1357 3457 simulet
1367 3404 1546 3474 triumphum
1556 3408 1724 3479 detpranno
1734 3411 1806 3464 done

1003 3490 1185 3560 ulteriusque
1200 3495 1328 3561 optatum
1348 3493 1471 3562 pulchre
1495 3494 1653 3552 indicaret.
1672 3496 1806 3563 Qrianlila·

1003 3580 1147 3634 mulorum
1156 3578 1267 3634 Christi
1279 3585 1373 3635 eoetus
1388 3585 1448 3635 tum
1463 3582 1522 3637 laeti
1533 3585 1699 3654 gratiarum
1710 3587 1804 3657 liparas

1003 3669 1145 3722 canebant
1159 3684 1212 3738 pro
1227 3669 1339 3723 victore
1353 3675 1437 3723 aulea
1454 3670 1598 3739 snut-eree,
1617 3673 1698 3728 illius
1713 3686 1804 3744 precum

1001 3762 1157 3824 armatura,
1188 3759 1355 3812 summatim
1383 3760 1553 3815 recitamus.
1583 3762 1664 3817 Mille
1689 3760 1803 3817 Ecclesiis

1000 3848 1142 3916 Franciae,
1154 3847 1328 3917 Aquitaniae,
1337 3848 1527 3919 Burgundiac,
1538 3865 1657 3905 necnon
1667 3850 1803 3912 Aruernis,

1000 3937 1181 4006 aliarumque
1197 3935 1352 4005 regionum
1368 3940 1509 4006 perpetuo
1534 3939 1656 3995 celebre
1676 3942 1729 3995 erit
1748 3935 1802 3990 ll'il-

999 4026 1079 4079 lclmi
1090 4025 1173 4095 regis
1189 4025 1367 4079 memoriale.
1381 4025 1519 4079 llenelicii
1530 4028 1706 4099 magnitudo
1714 4039 1804 4095 semper

999 4115 1104 4168 virens
1120 4113 1192 4167 mori
1222 4113 1422 4167 benefactoris
1438 4117 1610 4169 memoriam
1627 4133 1688 4173 non
1698 4118 1803 4188 patietur.

999 4203 1071 4256 illice
1097 4217 1202 4256 cruces
1232 4218 1338 4256 aureas
1353 4203 1509 4256 admodum
1525 4205 1659 4274 grandes
1676 4204 1804 4276 insigniter

110 4292 274 4363 praesulum
290 4294 318 4344 et
332 4289 478 4354 olibetum,
488 4289 517 4341 in
532 4289 655 4343 basilica
666 4290 763 4343 Sancti
775 4289 852 4343 Petri
867 4308 938 4361 npo-
998 4295 1171 4361 gemmatas,
1195 4291 1444 4361 pleraequelibres
1460 4293 1522 4346 euri
1533 4293 1582 4346 vel
1598 4308 1636 4347 ex
1650 4295 1747 4349 eodem
1758 4304 1803 4345 me

111 4380 189 4449 stoli,
201 4395 268 4450 quae
285 4379 365 4449 regis
376 4377 513 4431 Edwardi
531 4378 667 4447 sepulcro
682 4379 838 4449 gaudebat,
850 4380 876 4433 in
890 4396 940 4434 sa·
997 4382 1067 4436 talio
1084 4397 1165 4449 rasa,
1183 4379 1321 4434 nonnulla
1336 4379 1480 4450 palliaret
1495 4381 1663 4450 pretiosum
1674 4376 1802 4451 aliudquid

111 4470 266 4521 cresaaela
281 4466 465 4520 solemnitate
481 4465 623 4519 lleminici
640 4466 762 4535 Natalis,
783 4450 1147 4540 millesimeDnccepere.
1185 4467 1342 4536 Splendida
1383 4467 1540 4523 adornaret
1575 4472 1801 4542 metrapolitanae

111 4555 301 4626 sexagesimo
323 4558 407 4609 sexto
436 4555 649 4608 lnearnationis
672 4555 832 4610 iloniinicee
851 4573 937 4612 antio.
996 4558 1160 4625 basilicam,
1170 4557 1248 4627 quod
1262 4557 1412 4610 minimum
1423 4556 1453 4609 in
1464 4556 1512 4610 bis
1523 4557 1612 4612 donis
1625 4560 1800 4615 coenobieau

110 4643 286 4715 Repudiarit
313 4643 390 4698 enim
420 4644 626 4697 consecraria
655 4643 938 4714 StigandoCanlua-
997 4647 1115 4716 aliquod
1132 4645 1298 4699 laetificarit.
1324 4644 1457 4699 Ducibus
1471 4648 1560 4716 alque
1582 4649 1708 4720 regibus
1720 4646 1800 4701 beret

111 4733 215 4802 riensi,
231 4747 318 4803 quem
339 4747 393 4802 per
415 4730 569 4801 apostolici
581 4730 696 4802 justum
711 4733 803 4786 zelum
819 4735 937 4789 anatlre-
997 4736 1106 4806 scripta
1134 4735 1164 4787 in
1185 4735 1242 4787 bec
1257 4732 1356 4787 libello
1372 4733 1521 4802 complura
1535 4735 1723 4791 innotescere
1736 4732 1799 4788 velim

110 4826 186 4877 mete
214 4820 402 4891 reprobatum
425 4819 576 4874 didicerat.
603 4820 664 4874 Nec
694 4821 790 4876 niinus
808 4823 937 4894 insignia
996 4826 1030 4879 ml
1047 4823 1212 4894 exemplum
1229 4826 1278 4876 aul
1307 4822 1537 4877 incitamentum.
1562 4823 1686 4879 Munera
1708 4821 1798 4913 quiden

108 4927 212 4982 regum
227 4910 389 4964 decuerunt
399 4924 557 4979 personam
570 4908 646 4978 ejus,
660 4926 746 4979 quam
758 4910 792 4963 ad
805 4911 937 4981 regimen
997 4914 1168 4984 gratissima
1196 4910 1418 4965 Nerthmanniae
1445 4911 1665 4985 advenerunla
1680 4930 1731 4969 suo
1742 4907 1798 5004 (lutet

107 4999 406 5056 idoneeeexstilerunt
421 4997 631 5068 virtutesejus
652 4997 745 5068 liujus
759 4999 938 5070 liberiatque
994 5006 1060 5057 nato
1080 5003 1128 5071 pio
1145 5006 1227 5071 patre
1237 5000 1393 5054 festinante
1407 4997 1512 5054 ellectu
1521 5003 1628 5073 misse,
1638 5019 1702 5058 eum
1712 4997 1798 5057 sevila

107 5086 730 5159 nepotesjustasuccessionepraesidebunt
740 5088 873 5158 anglicae
884 5093 937 5143 ter·
993 5091 1134 5160 temporis
1149 5096 1235 5161 alque
1245 5090 1334 5142 maris
1344 5089 1471 5142 intrante
1481 5088 1624 5146 ianuario
1632 5094 1712 5146 esset
1719 5100 1796 5143 aecer

108 5191 161 5242 rae,
177 5192 264 5246 quum
284 5179 313 5230 et
336 5175 521 5229 haereditaria
543 5174 727 5244 delegatione
743 5176 937 5230 sacrementis
993 5179 1076 5233 rima.
1094 5179 1235 5233 Nuntium
1263 5193 1334 5232 vero
1349 5181 1484 5245 creatae,
1499 5177 1590 5249 cujus
1605 5175 1796 5250 exspectatione

108 5262 271 5332 anglorum
285 5264 399 5318 firmata
414 5266 442 5318 el
454 5262 522 5334 ,jure
538 5263 606 5317 belli
621 5263 685 5331 ipse
700 5264 843 5331 possedit,
856 5279 936 5319 core·

107 5352 194 5402 nolus
208 5350 259 5402 tuli
285 5353 445 5408 eorundem
468 5352 683 5418 censensu,vel
695 5353 792 5420 polius
807 5353 935 5422 appetitu

107 5434 936 5511 ejusdemgentisprimatum.Etsiratiosaaguinisposci·

107 5525 165 5595 tur,
189 5526 344 5597 pernotum
363 5532 408 5583 est
429 5531 664 5603 quamproxime
680 5530 935 5603 consanguinitate

991 5269 1100 5322 intentu
1117 5267 1171 5321 suit
1185 5265 1321 5334 ctenxia,
1331 5264 1739 5336 millicscburioremaccepil.
1750 5259 1794 5315 Nec

990 5357 1067 5411 enim
1084 5356 1157 5409 adeo
1173 5357 1289 5426 gratum
1310 5354 1456 5423 acciperet
1479 5354 1624 5426 quidquid
1638 5354 1738 5410 Arabia
1748 5344 1792 5419 pul·

990 5446 1093 5502 cluam
1123 5448 1171 5497 aut
1200 5459 1291 5497 suove
1310 5441 1420 5496 ilonare
1440 5447 1555 5512 pessel.
1572 5443 1679 5499 Nullus
1693 5447 1792 5509 uutpll1¹1

989 5536 1084 5592 illuxit
1102 5534 1129 5588 ei
1144 5532 1208 5589 dice
1223 5532 1327 5603 laelior,
1339 5546 1502 5604 quamcum
1512 5523 1789 5601 carloreeciritprir·
