3900 6112
166 284 226 347 ete
658 282 854 348 UDthlCl
884 283 1187 348 CLUNIAUENSIS
1210 283 1417 351 monachu.
1815 284 1865 354 ssdl

168 477 202 517 ac
214 464 247 518 Β.
266 463 387 546 Hugoni
401 463 499 545 abbati
513 463 687 533 dicatarum,
704 463 943 547 subministranti
953 466 1088 591 quaedam
1105 466 1200 535 capita
1210 481 1277 538 quoe
1288 466 1317 546 in
1332 465 1467 537 utrisque
1483 468 1512 520 et
1525 464 1722 549 cluniacensi·
1733 470 1762 521 ct
1776 466 1866 523 (lamu-

167 539 235 589 zatn
252 534 407 589 codicibus
424 533 680 603 desiderabantur,
695 551 832 592 nimirum
849 539 943 606 capita
975 534 1001 605 3,
1019 537 1052 591 lt
1068 541 1095 590 ct
1111 535 1153 591 lb.
1175 536 1317 591 Bernardr
1337 541 1434 591 autem
1458 536 1642 606 prcelutronis
1658 551 1826 608 pericopen,
1840 556 1866 595 ne

167 608 234 731 {rodite
235 604 431 731 geggbi'dliltber
445 605 522 731 1131}ss
525 605 703 732 asfflgxzere’
727 607 854 675 Lectori,
884 608 999 677 opinor,
1015 607 1092 661 houd
1114 607 1168 662 erit
1192 607 1348 679 ingratum,
1375 608 1454 661 vela
1476 608 1629 678 proposito
1665 608 1803 662 alienum.
1830 608 1866 664 Sic

168 772 434 829 Reverendissimo
444 778 531 846 atqcue
548 776 639 830 totins
653 775 812 846 reliqionis
819 777 970 848 praecipuo
980 774 1084 831 domno
1100 774 1215 830 Hucoru
1226 774 1338 829 abbati.
1356 773 1467 830 Frater
1479 775 1660 831 Bnunannus
1672 773 1800 830 filiorum
1813 778 1862 847 ejus

542 844 662 901 ultimus
676 845 817 918 quidquid
836 862 913 914 esse,
933 846 993 901 dici
1008 850 1037 901 et
1053 845 1181 917 copitari
1193 850 1292 917 potest
1307 844 1516 900 excellentius.

206 962 217 986 ιι
238 939 391 1008 Quoniam,
408 940 494 995 Pater
509 941 748 1013 religiosissime,
765 942 821 998 loci
836 941 1042 998 Cluniacensis
1058 941 1136 994 viam
1151 940 1301 995 universae
1317 940 1416 994 carnis
1432 938 1571 1010 paulatim
1586 940 1862 1013 ingredientibuanc

168 1011 288 1066 novitiis
304 1011 545 1081 succedentibus,
559 1014 693 1083 quaedam
705 1014 740 1068 dc
749 1013 1015 1069 consuetudinibus
1027 1012 1196 1081 saepissime
1207 1009 1379 1066 oriebantur
1389 1012 1612 1079 controversiae,
1626 1011 1861 1070 diversisdirersa

169 1082 376 1151 sentientibus
394 1082 432 1136 ita
448 1085 479 1137 ut
494 1084 667 1155 plerumque
684 1085 785 1139 novitii
799 1085 862 1140 haec
873 1084 1037 1151 audientes,
1053 1083 1229 1136 incertiores
1241 1081 1277 1135 do
1287 1081 1412 1151 capitulo
1424 1081 1614 1137 discederent
1625 1097 1714 1153 quam
1731 1085 1860 1139 accessis-

168 1155 243 1222 sent,
261 1167 359 1222 operae
374 1154 501 1222 pretium
517 1153 659 1224 judicavi,
684 1155 710 1209 si
725 1160 825 1210 vestm
851 1155 920 1209 mihi
948 1152 1108 1209 auctoritas
1135 1153 1302 1222 imperaret,
1320 1155 1351 1206 ut
1376 1168 1442 1207 cum
1458 1155 1565 1233 quauta
1587 1168 1712 1223 possem
1732 1153 1859 1225 diligentie

169 1225 263 1294 ipsam
280 1224 431 1278 veritatem
448 1225 670 1298 investigarem,
681 1229 709 1280 et
725 1227 789 1282 sive
806 1244 843 1281 ex
859 1226 905 1280 his
921 1241 988 1296 quae
1004 1224 1113 1294 scripta
1129 1223 1300 1292 reperirem,
1313 1223 1377 1277 sive
1393 1238 1430 1278 ex
1445 1224 1492 1277 his
1507 1238 1573 1295 quae
1589 1224 1752 1279 didiceram
1762 1225 1859 1281 veliis·

168 1309 236 1349 cere
251 1308 382 1365 possem,
402 1297 566 1350 sententias
581 1297 714 1351 veriores
731 1299 818 1369 atque
842 1297 1044 1359 discretiores,
1064 1293 1173 1365 quibus
1188 1293 1327 1349 videlicet
1345 1293 1563 1363 probabiliores
1582 1300 1611 1349 et
1627 1294 1736 1350 melius
1751 1295 1858 1351 ordinem

167 1364 298 1419 scientes
322 1380 460 1435 personae
485 1367 686 1421 testimonium
707 1367 820 1433 darent,
838 1368 867 1421 in
884 1382 973 1422 unum
989 1365 1124 1420 volumen
1143 1365 1329 1435 redigerem
1346 1365 1450 1435 sicque
1466 1365 1633 1436 aequitatem
1654 1366 1857 1437 consideratam,

167 1435 273 1490 litteris
288 1435 458 1507 diligentius
475 1440 640 1492 annotatam
655 1439 784 1509 posteris
802 1438 1047 1509 derelinquerem.
1065 1435 1128 1490 Hoc
1144 1437 1240 1506 itaque
1258 1435 1401 1504 opusculo
1417 1451 1470 1505 pro
1482 1451 1556 1490 meae
1566 1437 1721 1505 parvitatis
1738 1437 1857 1492 modulor

167 1506 253 1561 vobis
269 1511 387 1577 accepta
399 1507 539 1579 jussione
561 1508 671 1578 implet,
696 1509 782 1579 quasi
798 1509 913 1563 rivulus
929 1509 965 1562 ad
981 1507 1091 1562 iontem
1105 1521 1244 1572 recurro,
1271 1505 1445 1576 vestraeque
1461 1505 1651 1562 Excellentioe
1667 1508 1747 1577 quod
1762 1508 1856 1579 exejus

167 1577 348 1646 planitudine
363 1578 450 1632 hausi
467 1581 660 1649 repraesento,
671 1582 726 1634 etc.
743 1580 868 1635 Tantum
884 1581 976 1634 restat
987 1581 1017 1632 ut
1032 1581 1132 1631 uestra
1147 1576 1218 1630 mihi
1229 1579 1385 1630 succurrat
1399 1579 1502 1641 oratio,
1516 1577 1655 1648 quatinus
1667 1579 1753 1648 sequi
1768 1581 1856 1647 possin

167 1647 246 1718 quod
260 1648 291 1702 in
304 1648 392 1703 vohis
407 1649 504 1715 laudo,
522 1654 551 1703 et
565 1650 642 1704 uiam
658 1665 746 1720 quam
761 1649 943 1718 monstratis,
960 1662 1107 1721 quamque
1123 1647 1294 1702 describere
1307 1646 1459 1717 jussistis,
1472 1653 1572 1703 tenere
1587 1647 1736 1702 sufficiam
1753 1648 1787 1702 ad
1800 1650 1855 1703 selu·

167 1724 225 1773 tem
244 1733 340 1773 meam
367 1721 396 1773 et
414 1721 540 1791 gloriam
564 1725 704 1775 vostram.
730 1720 862 1777 Obsecro
878 1724 975 1775 autem
992 1718 1099 1773 iratres
1121 1723 1241 1773 nostros
1263 1732 1299 1772 ne
1316 1717 1515 1790 dedignentur
1529 1734 1565 1773 cx
1581 1718 1680 1843 liqneo
1695 1734 1767 1773 raso
1779 1724 1855 1844 setun

168 1789 301 1844 vertutis
318 1804 447 1858 sumere,
463 1805 559 1861 neque
574 1794 695 1861 propter
711 1790 839 1846 fistulam
855 1790 1032 1861 plumbeam,
1048 1805 1102 1859 per
1122 1804 1209 1858 quam
1225 1789 1296 1856 lluit,
1318 1804 1424 1860 aquam
1445 1790 1580 1861 frigidam
1596 1805 1765 1861 caramque
1798 1791 1854 1860 espi-

168 1860 255 1928 ciant,
273 1860 298 1914 si
319 1875 373 1915 eos
388 1861 470 1915 sitire
487 1863 646 1933 contingat,
664 1867 695 1917 ut
710 1863 805 1917 sciant
820 1863 929 1933 quibus
945 1861 1101 1917 sententiis
1117 1860 1201 1914 inniti
1216 1859 1350 1926 debeant,
1368 1864 1398 1913 ut
1414 1876 1429 1913 a
1445 1865 1614 1915 sanctarum
1629 1860 1855 1917 Consuetudinem

169 1930 283 1984 tramite
300 1944 358 1985 non
382 1931 530 1986 recedant.
554 1931 745 2003 Omnipotens
761 1933 852 2001 Deus,
870 1934 899 1988 in
922 1930 1010 2004 cujus
1032 1946 1119 1985 manu
1140 1930 1278 1985 consistit
1300 1931 1398 1985 omnis
1415 1930 1567 2001 profectus
1591 1931 1648 1986 loci
1666 1931 1853 1999 cluniacensis,

169 2004 328 2055 conservet
343 2004 477 2056 sanctum
493 2005 580 2073 caput
594 2007 727 2058 vestrum
741 2004 829 2059 nobis
845 2004 1004 2069 incolume,
1022 2005 1054 2057 ut
1066 2001 1191 2056 videatis
1212 2000 1290 2056 illios
1305 2000 1431 2056 illiorum
1448 2005 1624 2070 vestrorum,
1643 2003 1790 2075 longoque
1801 2006 1853 2057 tem-

168 2085 240 2141 pore
256 2071 363 2127 mundo
372 2072 537 2197 1praebeatis
553 2073 700 2130 solatium.
721 2099 732 2121 ι»

206 2141 356 2197 Hactenus
397 2143 515 2198 erhardi
531 2144 679 2212 l'raelatio,
697 2147 748 2216 qui
772 2160 797 2200 ae
819 2145 896 2200 uatis
909 2144 1022 2200 exstitit
1037 2142 1168 2198 Udalrici
1197 2141 1360 2213 eodemque
1375 2144 1700 2215 conseripsitternporc
1715 2143 1853 2200 Consuetu-

169 2212 264 2283 dines,
283 2216 313 2267 ut
328 2213 482 2285 conjicere
498 2214 576 2282 licet,
593 2231 651 2286 quo
667 2219 695 2270 et
709 2217 774 2287 ipse
791 2161 959 2272 flectemus.
976 2213 1037 2270 Cur
1052 2229 1139 2285 porro
1153 2183 1285 2294 ildalrici
1322 2215 1400 2269 otius
1416 2229 1504 2286 quam
1520 2216 1664 2270 Bernnrdi
1680 2215 1853 2271 collectionem

168 2282 360 2354 ediderimus,
378 2286 451 2340 ratio
466 2286 496 2339 in
512 2289 648 2356 promptu
664 2292 719 2353 est,
737 2288 873 2342 nimirum
890 2287 927 2341 ob
944 2285 1072 2360 nominis
1089 2286 1250 2339 claritatem
1266 2230 1416 2349 Ucfalrich
1432 2286 1570 2358 qnodque
1585 2287 1749 2357 comptiore
1762 2286 1818 2341 stilo
1829 2300 1852 2339 ce

167 2354 279 2410 meliori
296 2355 409 2425 ordino,
425 2356 552 2427 dialogis
567 2357 692 2426 scilieet,
711 2359 858 2430 digestam
875 2357 942 2428 ejus
960 2355 1163 2411 collectionem
1174 2354 1411 2426 judicaverimus
1428 2373 1434 2411 :
1452 2358 1501 2428 qui
1516 2356 1669 2413 scribendi
1688 2357 1852 2425 meduanum

168 2425 204 2480 dc
221 2425 362 2482 asceticis
378 2427 468 2482 rebus
483 2427 629 2483 ritibusvo
645 2430 810 2499 praesertim
827 2428 935 2501 agitur,
952 2427 1077 2482 faciliori
1087 2427 1135 2480 via
1149 2427 1279 2482 animum
1294 2428 1413 2483 instruit
1429 2429 1601 2500 suadetque.

318 2724 938 2907 inmemores
989 2727 1738 2871 conscendamus

601 2983 1039 3104 GLUNthllNSlS
1079 2983 1457 3103 MONASTlllill

216 3214 640 3307 oouunuronn
675 3216 1001 3307 unaunrao
1053 3216 1362 3308 nouenae
1400 3212 1825 3306 nauanrorrno

747 3408 886 3477 (bennun
901 3407 1006 3480 Spicil.
1021 3412 1092 3465 tom.
1110 3407 1132 3479 l,
1148 3424 1218 3481 pag.
1234 3404 1310 3477 dil.)

538 3642 883 3758 belsebul
931 3641 1496 3760 nuncuparentu-

203 3910 326 3967 Dominc
341 3911 592 3968 reverendissimo
607 3927 641 3967 ac
663 3912 799 3984 piissimo
815 3910 894 3966 Patri
910 3911 996 3968 Wm-
1010 3891 1040 3955 Α
1054 3914 1165 3968 tantum
1173 3917 1205 3967 ut
1216 3913 1334 3984 seipsos
1345 3913 1502 3983 expediant
1510 3912 1546 3968 ab
1555 3912 1769 3969 eiseducandis
1778 3915 1861 3980 etpre-

165 3998 488 4072 rtnuuofflirsaugiensi
503 4000 610 4071 abbati,
625 4002 786 4073 sanctoque
797 4000 921 4056 fratrum
938 4001 995 4056 col·
1055 4001 1167 4067 cendia,
1177 3993 1862 4074 velaliissuisliberispossiteesemugisconsul·

165 4088 244 4161 legio
276 4088 333 4143 sibi
358 4088 503 4161 subjecto,
528 4088 619 4144 trater
640 4089 855 4145 Wmunmncus
877 4089 997 4145 Clunia·
1053 4093 1124 4144 tum.
1142 4087 1386 4162 Ergonttuceam
1404 4090 1440 4145 de
1452 4089 1558 4162 hisqui
1576 4105 1634 4145 non
1650 4093 1751 4145 carent
1761 4085 1863 4144 sanitate

166 4177 267 4233 censis
279 4176 827 4250 Ecclesiaequaliscunqucmonachus,
837 4178 998 4233 inDomino
1054 4177 1200 4248 corporali
1211 4180 1239 4233 et
1251 4178 1448 4234 membrorum
1461 4178 1637 4251 integritate,
1651 4178 1687 4233 ab
1695 4178 1743 4234 his
1753 4170 1864 4249 ipsisqni

166 4265 302 4336 salutem,
314 4270 341 4322 et
352 4266 448 4337 ipsius
459 4266 644 4322 celerrimam
655 4266 901 4335 benedictionem,
915 4266 998 4322 ethic
1054 4269 1122 4321 sunt
1133 4266 1171 4322 ita
1180 4267 1393 4322 semihomines
1403 4267 1448 4321 vel
1459 4267 1652 4333 itasemiviui,
1665 4268 1763 4340 qualia
1771 4262 1863 4336 sepius

166 4358 194 4409 et
209 4356 239 4409 in
254 4355 361 4410 futuro.
1053 4354 1167 4425 experti
1181 4370 1285 4410 sumus
1296 4357 1470 4426 perpetrari.
1486 4355 1517 4411 Si
1532 4355 1693 4426 expediret,
1709 4357 1739 4410 iu
1749 4352 1863 4426 promptu

201 4443 336 4510 Quotidie
352 4443 524 4499 meminisse
540 4459 606 4498 cum
621 4458 760 4513 personae
774 4446 835 4498 tum
853 4441 998 4500 Ecclesiae
1053 4447 1099 4500 est
1113 4444 1200 4499 talem
1222 4444 1373 4499 nominare
1398 4460 1486 4515 quem
1509 4444 1546 4499 ad
1568 4443 1699 4499 habitum
1720 4437 1865 4508 sanctitatis

166 4536 238 4600 tuae,
255 4533 343 4586 Pater
358 4532 560 4601 dilectissime,
587 4546 692 4585 revera
706 4531 744 4585 ita
761 4532 842 4587 venit
866 4532 894 4586 in
911 4547 999 4587 usum
1051 4548 1110 4587 non
1125 4531 1181 4586 alia
1205 4532 1347 4587 sanctitas
1364 4548 1452 4604 quam
1477 4533 1540 4588 sola
1565 4536 1687 4589 strumae
1709 4526 1866 4587 contumelia

166 4619 321 4675 humilitati
336 4634 420 4689 meae,
434 4618 531 4691 utjam
543 4623 601 4673 tam
618 4634 692 4673 usus
706 4634 793 4690 quom
806 4617 929 4675 affectus
939 4635 998 4675 non
1051 4621 1148 4689 traxit,
1170 4624 1198 4675 et
1211 4620 1298 4676 talem
1314 4637 1402 4692 quem
1417 4637 1476 4676 uon
1487 4620 1547 4675 nisi
1562 4636 1617 4691 pes
1638 4663 1645 4675 .
1669 4663 1675 4676 .
1699 4663 1705 4675 .
1727 4628 1867 4692 aquorun

165 4709 292 4778 patiatur
311 4711 342 4763 ut
366 4706 426 4762 ullo
447 4707 494 4762 die
518 4709 675 4762 omittatur.
699 4706 821 4762 Accedit
842 4708 998 4778 aliquoties
1052 4711 1176 4780 utroque
1191 4709 1278 4765 vobis
1293 4710 1380 4765 etiam
1395 4708 1522 4764 testibus
1534 4725 1637 4780 perum
1651 4710 1723 4764 boni
1738 4703 1869 4780 processit

165 4796 323 4851 admodum
337 4799 421 4868 grata
436 4798 466 4850 et
477 4794 609 4866 ,iocunda
625 4795 765 4850 memoria
777 4795 997 4866 pollicitationis
1051 4796 1178 4867 exempli
1191 4813 1198 4868 3
1215 4800 1324 4869 quanto
1336 4797 1433 4852 minus
1443 4798 1478 4853 ab
1490 4797 1550 4852 illis
1566 4798 1615 4868 qui
1626 4798 1714 4853 bonoe
1724 4794 1871 4852 suntrale·

164 4889 222 4941 tuae
233 4885 269 4940 dc
285 4885 417 4940 carendo
433 4884 552 4956 ingenio
569 4883 763 4955 quorumdam
779 4884 929 4939 hominum
945 4900 999 4939 sac·
1052 4885 1173 4953 tudinis,
1191 4885 1359 4956 ubicunque
1375 4886 1446 4941 tanti
1458 4889 1527 4941 sunt
1542 4887 1727 4959 congregati,
1739 4889 1874 4955 tantaeque

165 4974 382 5045 cularium,qui
393 4974 609 5041 nimirum,non
621 4988 801 5045 magnopere
812 4976 950 5029 canantes
962 4974 997 5028 de
1053 4976 1207 5044 potentia),
1233 4980 1264 5029 ut
1287 4974 1428 5030 habitudo
1452 4975 1623 5031 monasterii
1653 4975 1691 5030 sit
1716 4976 1747 5029 in
1770 4974 1877 5028 illorum

164 5063 221 5116 alio
246 5077 333 5132 quam
348 5062 384 5117 do
411 5062 464 5116 hac
489 5062 553 5116 sola
575 5062 728 5132 temporali
745 5063 818 5131 uita,
841 5066 997 5133 postquam
1053 5066 1165 5117 turma?
1181 5063 1322 5132 liquidem
1343 5080 1409 5132 qum
1429 5064 1469 5117 ibi
1484 5064 1521 5118 sil
1536 5064 1606 5131 rita,
1624 5064 1673 5133 qni
1691 5064 1779 5134 vigor
1794 5060 1879 5115 disci·

164 5148 281 5203 domum
307 5150 472 5219 habuerint,
497 5153 528 5204 ut
552 5150 657 5217 dicam,
683 5150 797 5219 plenam
819 5150 944 5205 illiorum
970 5155 998 5203 ct
1053 5151 1141 5221 plinae
1158 5152 1432 5221 regular-tammus
1449 5147 1880 5222 sciunt,quicunquesciuntid

164 5235 307 5304 illiorum,
324 5240 373 5291 aut
393 5238 419 5291 si
442 5239 509 5309 quis
534 5240 705 5293 eorumdem
725 5238 848 5293 claudus
874 5241 929 5293 erit
949 5242 997 5293 cut
1054 5255 1148 5310 genus
1166 5240 1377 5294 numuchorum
1390 5242 1428 5295 ibi
1441 5254 1575 5311 regirare.
1589 5241 1670 5294 Adeo
1682 5240 1784 5295 tritum
1800 5241 1846 5294 cst
1859 5241 1885 5293 el

163 5338 297 5391 mancus,
315 5324 471 5379 surdaster
487 5332 535 5380 aut
552 5317 662 5396 cacus,
681 5327 827 5395 gibbosus
842 5326 997 5397 antlepro·
1055 5330 1203 5393 usitatum,
1222 5328 1248 5381 si
1263 5343 1320 5400 qun
1333 5329 1477 5383 districtio
1493 5328 1585 5399 hujus
1597 5328 1762 5398 spiritualis
1778 5327 1885 5384 militiae

164 5426 229 5479 sus,
240 5412 371 5467 velalind
381 5413 632 5485 quidhujusruodi
643 5416 794 5486 quodcum
806 5414 997 5485 aliquomodo
1012 5442 1039 5506 Β
1054 5417 1131 5470 iuter
1146 5417 1199 5469 has
1216 5422 1385 5471 iritstrorunr
1403 5422 1568 5486 temporum
1585 5417 1676 5472 faeces
1692 5431 1764 5472 esse
1781 5420 1888 5488 potest,

164 5497 276 5554 succum
293 5499 363 5555 iacit
377 5499 475 5555 minus
486 5504 736 5573 acceptum,hunc
752 5502 870 5574 quidem
885 5503 996 5573 impen·
1055 5519 1113 5559 non
1129 5519 1209 5574 esso,
1226 5506 1284 5559 uisi
1300 5506 1349 5561 ubi
1366 5504 1463 5576 major
1472 5508 1671 5561 estnumerus
1682 5508 1710 5561 et
1726 5507 1889 5561 auctoritas

165 5586 288 5642 sissimo
303 5592 372 5643 uoto
388 5591 419 5642 ut
430 5590 593 5646 monachus
609 5592 657 5646 ssat
673 5590 797 5647 olleruut
813 5591 883 5662 Dee,
901 5607 995 5664 quen·
1055 5592 1151 5664 major
1166 5593 1282 5650 illorum
1298 5593 1347 5665 qui
1363 5610 1421 5649 non
1442 5597 1525 5649 aetate
1543 5593 1666 5664 lasciva,
1693 5609 1749 5650 nec
1766 5594 1889 5666 imperio

107 5730 131 5745 Ι,
160 5677 354 5767 1(χιιιιιιιρΙιιιιο
378 5692 438 5733 non
456 5681 576 5748 propter
594 5677 697 5748 Deum,
721 5679 775 5736 aed
798 5685 920 5753 propter
939 5679 995 5739 boc
1055 5686 1218 5755 parentum,
1243 5683 1296 5739 sed
1312 5686 1417 5755 sponte
1433 5698 1498 5753 sua,
1515 5687 1543 5739 et
1557 5682 1683 5757 majoris
1698 5685 1809 5761 aetatis,
1827 5682 1890 5743 solo
