3908 6112
113 313 169 411 tta
375 347 548 412 conrsa
569 328 827 413 emsanrou
846 330 1102 411 nunrnrnu
1123 344 1238 411 nissi
1261 348 1409 412 nuo-
1429 348 1508 412 ua.
1531 348 1569 411 n.
1772 350 1833 416 474

114 548 286 619 ceptionem,
300 547 424 621 ideoque
441 549 643 604 necessarium
661 550 706 603 est
723 553 753 604 ut
768 565 821 618 per
836 564 946 619 quem·
964 536 981 596 t
1000 549 1060 618 est,
1079 548 1129 619 qui
1147 564 1205 603 non
1228 549 1363 619 sequitur
1378 549 1550 604 catholicam
1566 551 1727 606 veritatem.
1745 551 1832 607 Schi-

114 639 179 692 lihct
193 637 358 708 baptizetur
367 642 524 709 antequam
536 638 721 692 Dominicum
732 652 841 707 corpus
852 653 868 690 a
879 653 945 691 mo·
1002 639 1196 691 smnticasest
1205 639 1254 708 qui
1266 654 1323 691 non
1333 639 1507 706 amplecitur
1516 638 1689 692 catholicam
1701 656 1829 709 pacem.»

115 727 204 780 rituro
213 727 370 797 expetitur.
379 726 476 799 hlagis
486 726 777 798 namquedolendum
787 733 832 781 est
844 742 945 796 quem·
1037 726 1107 780 ltem
1124 742 1197 795 papa
1208 726 1347 798 Pelagius
1359 728 1389 781 in
1400 743 1455 781 suo
1469 729 1598 797 liegesto
1614 728 1772 782 introducit
1783 730 1832 783 he-

114 815 186 886 piam
211 814 328 885 absque
348 814 495 885 baptismo
522 816 660 870 humanis
685 816 777 870 rebus
799 815 945 869 excedere
1000 818 1079 868 atum
1095 815 1296 885 augustinum
1316 816 1355 869 ila
1375 816 1562 870 definientem
1579 815 1709 870 schisma
1726 817 1754 870 in
1769 817 1832 885 epi-

115 918 197 974 quam
212 902 390 973 baptizatum
400 902 516 974 absquo
526 903 715 958 eucharistiae
726 904 942 973 communione,
1001 904 1076 957 stola
1089 903 1123 956 ad
1132 903 1318 957 Valerianum
1329 905 1498 973 patricium;
1511 905 1586 959 inter
1599 907 1723 959 eaetera:
1740 926 1750 951 a
1760 904 1832 960 Vide

116 990 247 1063 quamvis
269 992 335 1046 sine
357 996 483 1064 utroque
507 1008 566 1047 non
589 992 735 1061 salvetur,
757 992 945 1062 quiquidem
1001 994 1100 1046 utrum
1114 990 1295 1046 schismatici
1317 1009 1375 1046 non
1401 993 1473 1057 sint,
1492 995 1541 1064 qui
1558 1009 1591 1047 se
1608 992 1643 1047 ah
1660 993 1833 1048 eminentis-

116 1082 269 1151 ulrumque
289 1084 393 1151 pessel
415 1096 543 1136 sumere.
570 1081 643 1134 Nam
655 1081 714 1151 qui
736 1079 808 1134 dixit
824 1095 856 1135 :a
879 1080 945 1134 Nisi
1000 1081 1074 1134 sima
1099 1084 1127 1134 et
1147 1079 1392 1135 manifestissima
1416 1082 1589 1137 auctoritate
1605 1083 1832 1152 apostolicarum

117 1167 176 1239 quis
191 1171 315 1223 renatus
329 1167 418 1224 faerit
433 1184 469 1223 ex
484 1185 559 1240 aqua
578 1174 606 1223 et
625 1168 735 1240 Spiritu
753 1184 810 1223 non
826 1168 945 1222 intrabit
1000 1169 1115 1222 sedium
1131 1172 1353 1237 separaverunt.

119 1255 528 1328 nregnumuei(toan.1n));
542 1256 637 1312 »idem
655 1257 746 1313 dixit:
759 1282 769 1304 a
787 1256 853 1310 Nisi
863 1273 944 1311 man·
1035 1258 1120 1321 ltem,
1142 1257 1218 1311 idem
1238 1257 1378 1327 Pelagius
1395 1257 1424 1310 in
1440 1257 1566 1328 epistola
1581 1258 1616 1311 ad
1633 1258 1782 1313 Victorem
1804 1262 1832 1312 et

120 1343 294 1399 lacaveritis
312 1360 433 1401 caruem
452 1346 502 1401 fliii
522 1345 651 1401 hominis
666 1347 694 1400 et
716 1344 852 1400 biberitis
876 1345 944 1417 ejus
997 1344 1189 1417 Pangratium
1199 1346 1309 1400 inducit
1320 1347 1516 1418 augustinum
1529 1346 1568 1399 ita
1579 1346 1723 1400 dicentem
1737 1346 1832 1412 :«Qui

121 1432 367 1504 anguicomam
378 1434 525 1489 habebitis
534 1434 623 1488 vitam
635 1434 860 1503 innobisldoan.
869 1436 941 1504 vr),»
999 1435 1159 1489 adversum
1172 1435 1374 1489 auctoritatem
1397 1435 1514 1489 illarum
1529 1432 1747 1505 Ecclesiarum,
1764 1451 1831 1506 quaa

122 1518 175 1574 ideo
194 1522 294 1576 autem
318 1521 380 1576 dixi
401 1522 437 1578 de
457 1524 586 1594 potentie
611 1522 748 1577 sumendi
770 1525 942 1595 utrumque,
999 1521 1178 1592 apostolicas
1192 1522 1281 1576 sedes
1296 1524 1325 1576 et
1339 1523 1482 1593 epistolas
1496 1523 1631 1592 accipere
1646 1524 1829 1592 meruerunt,

123 1607 249 1679 qnoniam
265 1610 408 1681 parvulus
428 1612 514 1666 modo
539 1616 626 1666 natus
646 1611 733 1666 modo
749 1614 870 1667 renatus
886 1628 944 1665 non
998 1612 1108 1664 temere
1133 1604 1234 1673 ctcdit,
1252 1611 1497 1665 immanissimum
1520 1610 1692 1665 schismatis
1718 1612 1830 1666 crimen

123 1694 186 1751 ralct
201 1713 323 1753 carnem
339 1698 520 1753 Dominicam
535 1701 724 1769 manducare,
736 1700 804 1754 licet
819 1700 944 1771 sangui-
998 1714 1014 1751 a
1030 1714 1064 1753 se
1080 1699 1255 1769 propulsare
1271 1715 1330 1753 non
1344 1700 1460 1769 poterit.
1479 1722 1489 1746 a

123 1799 177 1840 aem
185 1784 325 1857 ejusdem
338 1789 434 1857 possit
443 1789 492 1842 vix
504 1789 546 1843 ori
563 1789 694 1844 infusum
704 1789 859 1861 deglutire.
870 1788 944 1842 Nam
1035 1787 1106 1841 Haec
1122 1802 1189 1842 eum
1205 1788 1241 1841 ita
1257 1787 1331 1858 sint,
1354 1803 1391 1842 ex
1414 1788 1460 1841 his
1480 1791 1557 1858 patet
1573 1804 1625 1842 eos
1640 1803 1709 1842 csse
1725 1788 1831 1843 Eccle-

125 1873 190 1945 qaod
205 1874 338 1931 dicitur:
358 1898 370 1923 a
391 1876 457 1932 Nisi
473 1876 730 1946 manducaveritis,
751 1878 814 1931 nde
830 1877 878 1931 his
893 1876 943 1947 qui
960 1908 982 1965 U
999 1875 1072 1929 siam
1089 1875 1139 1947 qui
1155 1877 1385 1947 apostolicarum
1409 1875 1610 1930 Ecclesiarum
1628 1877 1830 1931 auctoritatem

124 1962 288 2018 manducare
303 1965 649 2036 possent,eccipiendum
664 1970 744 2037 puto.
755 1966 849 2020 Nemo
865 1966 943 2020 caim
998 1967 1178 2034 sequuntur3
1195 1980 1247 2019 eos
1257 1981 1328 2020 vero
1340 1965 1477 2019 omnihus
1492 1964 1588 2019 modis
1605 1980 1673 2019 esse
1686 1965 1833 2020 schisma·

126 2049 181 2105 dicit
194 2051 230 2107 de
249 2066 286 2107 eo
305 2053 357 2124 qui
377 2054 554 2109 manducare
577 2070 634 2109 non
658 2058 770 2125 potest,
786 2054 841 2109 sed
856 2054 892 2108 de
909 2070 943 2108 eo
998 2053 1085 2122 ticos,
1102 2053 1152 2124 qui
1168 2056 1268 2107 contra
1285 2055 1475 2124 praescriptas
1489 2053 1677 2107 auctoritates
1692 2053 1832 2124 apostoli·

127 2140 280 2211 qnipotast.
999 2157 1099 2195 carum
1114 2142 1240 2208 sedium,
1253 2146 1282 2196 et
1295 2145 1465 2196 sanctorum
1481 2142 1600 2195 l’atrum
1617 2141 1683 2211 plus
1699 2156 1832 2212 quamco

154 2235 203 2290 llis
219 2236 257 2291 ita
273 2236 411 2292 decursis
419 2237 576 2295 dicendum
586 2240 702 2295 videtur
717 2240 847 2294 haercsin
858 2240 944 2294 hria-
998 2229 1154 2298 P0¹¹¹ifl0⁰⁸
1171 2229 1199 2283 in
1215 2228 1350 2283 E0⁰l⁰⁸tfl
1364 2229 1417 2283 Del
1434 2230 1571 2283 0¹'dissssl‘0
1587 2231 1727 2283 nituntur·

128 2338 236 2394 aarum,
251 2327 281 2380 et
294 2324 546 2400 Sabellianorum,
562 2332 589 2382 et-
605 2328 899 2395 llacedonianorum,
917 2332 946 2383 et
1038 2339 1048 2364 ¹¹
1066 2317 1281 2373 schismaticus
1297 2334 1367 2371 V01'0
1391 2317 1474 2387 juxta
1500 2316 1715 2371 Ass¹i⁰⁰h⁰¹¹¹¹m
1730 2316 1832 2371 ⁰⁰⁰⁰i·

128 2409 459 2487 Pholinianorum‚atque
471 2432 587 2471 ,mem
599 2417 768 2489 generalem
780 2418 945 2472 haeresima
998 2406 1080 2475 lium,
1097 2407 1124 2461 si
1139 2407 1335 2475 permanserit
1355 2406 1458 2460 turbas
1482 2405 1595 2460 taciens
1619 2408 1647 2460 et
1669 2406 1832 2460 seditiones

129 2496 152 2553 S.
162 2499 365 2557 nsisseelesiae
381 2504 600 2577 impugnatione
616 2520 766 2575 cessasse,
776 2507 805 2560 et
820 2506 880 2560 000
890 2520 944 2576 pro
999 2494 1153 2565 Ecclesiae,
1162 2509 1215 2565 per
1224 2498 1381 2549 extranens
1396 2497 1704 2566 potestatestanquam
1716 2493 1833 2548 seditio·

129 2588 215 2643 cadem
226 2596 376 2662 pugnante
385 2598 580 2661 cessaturam,
590 2595 616 2648 si
628 2610 684 2664 qua
694 2594 834 2664 deinceps
845 2593 945 2647 existi·
1000 2599 1054 2638 sus
1069 2582 1308 2653 comprimendus
1324 2585 1379 2636 est·
1395 2606 1405 2628 ¹¹
1416 2605 1471 2631 -r
1489 2582 1578 2637 Multa
1595 2596 1731 2653 namque,
1748 2583 1779 2637 Ut
1793 2581 1833 2636 ⁸st

127 2680 207 2731 matur
219 2679 291 2733 oriri
306 2694 408 2749 posse,
422 2681 492 2736 Hoec
509 2697 592 2750 vero,
605 2683 633 2735 id
649 2685 695 2736 est
709 2683 944 2737 Simonigcopum
999 2672 1288 2745 Augustinus,etttltll
1296 2688 1362 2725 cum
1371 2672 1472 2725 invitis
1480 2671 1610 2742 benignu
1619 2672 1833 2741 qllttdamtlspo·

128 2763 250 2836 heresis,
262 2783 329 2838 quae
340 2768 369 2822 in
381 2768 462 2823 initio
478 2772 630 2824 nascentis
643 2770 786 2825 Ecclesia,
797 2772 944 2826 adversus
998 2761 1460 2832 ritateplectendisagendasunt,
1469 2775 1596 2830 quorum
1605 2760 1703 2830 potius
1720 2759 1834 2814 utilitati

127 2867 181 2907 um
195 2856 291 2909 slsum
305 2871 386 2910 arma
403 2859 553 2929 corripuit,
569 2874 666 2930 usquo
681 2859 711 2913 in
725 2859 813 2914 finem
830 2859 944 2931 emuli,
1000 2846 1215 2904 consulendum
1226 2852 1273 2903 est
1287 2849 1535 2920 quamvoluntali.
1550 2849 1662 2902 Namin
1672 2848 1833 2917 corripien-

126 2946 200 3011 proat
211 2944 268 2999 sihi
277 2944 639 3003 diabolusvoxillifcroset
650 2948 944 3019 saquacesinrsniet,
999 2938 1036 2992 do
1048 2936 1107 2992 sslio
1119 2937 1279 3008 quamlibet
1294 2940 1410 3006 aspere,
1423 2952 1570 3007 nunquam
1582 2939 1678 2990 tamen
1689 2951 1771 2990 amor
1783 2951 1832 3005 pa-

126 3031 333 3103 etadejusdem
343 3035 546 3104 probationem
557 3037 689 3091 eamdem
700 3037 875 3109 impugnare
886 3053 945 3092 non
1000 3031 1103 3082 ternus
1119 3027 1268 3081 amittitur.
1285 3025 1331 3079 Fit
1345 3028 1442 3079 tamen
1467 3025 1544 3096 quod
1571 3024 1660 3079 nollet
1674 3027 1705 3079 ut
1721 3023 1832 3093 doleat,

125 3122 254 3177 cessabit,
273 3146 285 3170 ι
301 3123 423 3195 oportet
438 3125 516 3179 enim
532 3125 667 3180 ωηερε
683 3141 763 3193 esse,
782 3148 793 3173 l
811 3129 842 3179 ul
858 3126 896 3180 ait
910 3126 943 3180 Β,
1000 3116 1051 3186 qui
1065 3116 1152 3170 etiam
1168 3115 1278 3167 invitus
1293 3114 1409 3168 videtur
1423 3114 1523 3168 dolere
1535 3112 1723 3166 sanandus.»

124 3211 292 3281 Apostolus,
316 3234 328 3262 a
351 3217 382 3268 ul
403 3214 454 3286 qui
475 3215 590 3285 probari
614 3219 683 3269 gunt
706 3213 854 3268 manifesti
877 3214 946 3270 fiant
1035 3204 1106 3257 Item
1118 3203 1257 3274 Pelagius
1267 3202 1423 3256 Valeriano
1434 3201 1595 3271 patriciam
1610 3200 1834 3271 Nonpersequi-

123 3298 196 3367 (cof,
209 3304 260 3369 ῃ),
277 3300 360 3356 ,Sed
375 3302 665 3358 animadvertendum
682 3306 744 3372 est,
768 3304 847 3374 quod
862 3302 945 3359 chri.
960 3260 1058 3360 ctur,
1076 3292 1134 3346 nisi
1149 3292 1200 3362 qui
1214 3291 1249 3344 ad
1266 3291 1374 3344 malum
1390 3291 1479 3362 cogit.
1496 3289 1549 3354 Qui
1565 3304 1637 3344 vero
1653 3290 1762 3344 malum
1786 3288 1833 3343 vei

121 3393 181 3443 stas
195 3390 286 3459 Deus,
297 3390 349 3461 qai
363 3406 448 3445 suam
463 3390 627 3445 Ecclesiam
644 3407 736 3460 super
750 3390 818 3445 fidei
834 3393 945 3462 petram
999 3380 1109 3435 sactum
1121 3379 1183 3450 jam
1199 3380 1292 3449 punit,
1306 3379 1352 3433 rel
1368 3379 1504 3447 prohibet
1523 3394 1561 3434 ne
1579 3378 1639 3447 ssat,
1655 3394 1714 3432 non
1733 3392 1835 3448 perse·

121 3476 315 3533 ‚illamam
328 3478 579 3551 promigigprimo
590 3480 721 3534 omnium
737 3480 944 3534 haeffiticorum
1000 3470 1101 3540 quitur
1116 3469 1182 3537 iste,
1199 3468 1253 3522 sed
1268 3466 1374 3538 diligit.
1396 3467 1470 3521 Nam
1486 3467 1523 3534 si,
1540 3469 1571 3520 ut
1585 3467 1705 3537 quidam
1721 3468 1831 3537 putant,

121 3566 313 3635 ,pardorum
327 3566 475 3639 opposuit,
494 3566 640 3636 videlieet,
656 3572 686 3623 ut
706 3569 783 3623 sieut
799 3567 944 3636 Ecclesia,
999 3572 1087 3612 nemo
1102 3571 1156 3611 nec
1172 3555 1378 3626 reprimendus
1394 3571 1410 3608 a
1427 3556 1514 3624 malo,
1524 3570 1578 3609 nec
1593 3554 1788 3610 retrahendus
1798 3553 1834 3608 ad

121 3652 400 3710 irlestcredentium
423 3656 580 3711 multitudo
603 3657 684 3711 novit
705 3674 737 3712 so
762 3658 849 3712 tidem
867 3656 946 3711 Petri
1000 3646 1112 3700 b0¹11¹¹1¹
1127 3648 1188 3713 est,
1206 3644 1349 3698 humanas
1364 3658 1398 3698 ³⁰
1414 3642 1529 3697 dilinssss
1545 3643 1630 3714 ¹08⁰ss
1645 3656 1773 3698 neeesse
1788 3645 1835 3697 ⁰⁸2

121 3756 233 3813 semper
247 3744 357 3800 debere
372 3744 473 3816 sequi,
491 3744 535 3799 sic
550 3745 579 3800 in
595 3749 770 3816 perpetuum
783 3746 948 3800 meminerit
1001 3733 1150 3801 0V⁰01¹³lii
1163 3749 1229 3803 <11¹ae
1245 3737 1273 3787 θῑ
1288 3731 1373 3785 matis
1388 3746 1505 3800 poenam
1517 3731 1641 3785 Otb⁰¹¹i⁸
1655 3730 1833 3801 Plaemial'u·

122 3829 249 3901 ejmdem
264 3832 389 3888 nefaria,
407 3833 534 3888 haerosts
550 3835 650 3889 virosa
666 3836 694 3888 et
709 3835 858 3889 mortifera
874 3850 947 3888 con·
1001 3823 1079 3877 stitia
1094 3822 1237 3877 suadente
1254 3821 1448 3874 constituunt.
1469 3820 1575 3873 llalum
1591 3822 1687 3873 autern
1704 3819 1836 3873 schisma

121 3920 331 3993 mmmmm,
344 3920 473 3994 {nonjug
488 3924 581 3992 cappe
597 3924 713 3977 emm
723 3923 852 3977 omnium
863 3923 948 3977 chri.
1001 3914 1047 3965 est
1063 3910 1149 3964 etiam
1165 3924 1220 3979 per
1233 3911 1391 3962 extraneas
1406 3910 1567 3977 potestates
1579 3908 1833 3979 opprimendum.»

126 4008 769 4082 sthuumprineipemmaledictionisjaculum
778 4013 945 4066 intorsisse.
1038 4009 1137 4077 ltaque
1154 4008 1190 4076 si,
1208 4011 1238 4060 ut
1252 4022 1289 4060 ex
1304 4006 1351 4060 his
1367 4008 1445 4074 patet
1460 4006 1642 4059 schismatici
1658 4022 1713 4074 per
1727 4010 1811 4061 extra
1821 4035 1836 4046 -

121 4094 187 4151 ileo
200 4112 269 4153 eum
282 4098 324 4152 ita
337 4098 406 4168 siat,
418 4100 586 4172 quicunque
602 4114 655 4172 pro
667 4114 721 4155 suo
733 4115 824 4170 posse
839 4099 876 4154 ab
892 4099 945 4154 hu·
1002 4111 1074 4150 neas
1085 4098 1247 4165 potestates
1262 4098 1331 4148 sunt
1346 4093 1540 4164 opprimendi,
1552 4095 1685 4164 nunquid
1700 4099 1728 4148 et
1741 4095 1835 4149 Simo-

121 4182 269 4255 ,iuspestis
284 4186 507 4259 impugnatione
519 4189 698 4256 cessaverit,
708 4200 774 4243 cum
789 4188 908 4243 Simone
920 4190 947 4242 et
1001 4185 1077 4239 niaci
1095 4184 1131 4239 ah
1150 4183 1263 4238 eisdem
1287 4197 1346 4236 non
1371 4183 1441 4235 sant
1466 4181 1676 4252 opprimendi?
1695 4182 1835 4254 Nunquid

121 4271 185 4342 eius
192 4275 375 4346 sequacibus
385 4277 549 4346 portionem
563 4278 694 4347 habehit,
705 4277 820 4332 dicente
831 4276 864 4330 B.
874 4276 947 4331 Gre-
1002 4274 1100 4328 minus
1115 4271 1307 4342 delinquunt?
1322 4270 1383 4324 lmo
1398 4269 1505 4340 magis.
1515 4269 1588 4323 Nam
1600 4270 1625 4323 si
1634 4269 1772 4325 Christus
1785 4272 1837 4326 Dei
1908 4341 1913 4352 ι

124 4362 218 4432 gano:
232 4362 399 4436 nouisquis
410 4368 512 4421 contra
524 4364 760 4422 Simeniacorum
771 4366 910 4420 haeresim
919 4368 948 4420 et
1003 4361 1098 4416 Filius
1113 4365 1140 4415 ot
1151 4361 1279 4431 Spiritus
1295 4358 1361 4429 ejus
1371 4362 1398 4412 et
1408 4358 1506 4411 Patris
1521 4372 1575 4428 per
1591 4357 1688 4412 omnia
1704 4360 1837 4429 aequales

123 4447 337 4525 neophytorum
352 4469 405 4523 pro
421 4454 512 4509 officii
535 4457 582 4510 sui
600 4456 667 4510 loco
683 4455 874 4509 vehomenter
889 4469 948 4508 non
1001 4454 1072 4505 sunt
1093 4450 1216 4505 ludaeus
1242 4451 1270 4502 et
1291 4447 1492 4515 simoniacus,
1510 4446 1560 4517 qui
1583 4449 1741 4518 utrumque
1761 4462 1836 4502 ven-

123 4541 234 4610 usarit,
250 4556 319 4597 oum
333 4557 368 4597 eo
389 4556 423 4597 se
439 4558 499 4598 non
517 4543 630 4599 dubitet
645 4544 756 4599 hahere
771 4543 946 4613 portionem,
1002 4539 1084 4606 dunt,
1101 4553 1188 4609 pares
1200 4552 1259 4592 non
1270 4537 1377 4590 erunt?
1392 4535 1464 4590 Item
1476 4551 1542 4590 cum
1558 4550 1595 4590 ex
1609 4535 1778 4606 premissis
1789 4552 1839 4591 au·

125 4626 172 4697 qni
181 4628 263 4698 prius
276 4630 335 4685 hoc
348 4630 501 4702 piaculare
514 4632 658 4704 llagltium
672 4631 830 4687 commisit.
845 4652 857 4681 r
955 4611 984 4675 D
1001 4624 1525 4693 ctoritatihusconstet,Simoniaeum
1535 4624 1718 4679 Paracletum
1726 4638 1835 4695 emere,

155 4724 309 4783 Sciendum
324 4732 371 4783 ost
386 4730 483 4784 autem
503 4729 583 4799 quod
604 4727 683 4782 aliud
705 4731 751 4782 &St
776 4727 948 4781 haepetioum
1000 4715 1136 4770 Judaeum
1161 4730 1232 4770 Vero
1255 4714 1364 4785 liqueat
1386 4712 1537 4768 Christum
1559 4713 1686 4783 emisso,
1704 4713 1837 4784 nunquid

124 4814 283 4882 megalius
299 4814 533 4872 schismaticum,
546 4816 698 4887 Siquidem
711 4820 766 4884 est,
779 4816 830 4887 qui
846 4815 948 4869 calho-
1000 4804 1147 4858 constabit
1163 4804 1285 4858 eosdem
1301 4803 1410 4857 malitia
1421 4802 1564 4857 etmerlto
1579 4816 1668 4873 pares
1683 4800 1836 4857 habendos

122 4898 185 4957 tien
197 4900 341 4960 Ecclesiae
365 4904 452 4961 fldem
474 4904 629 4976 relinquit,
650 4907 679 4959 et
701 4904 749 4959 sui
764 4905 811 4958 vel
826 4902 948 4958 alterius
1002 4894 1093 4948 0⁸80?
1109 4892 1143 4946 m
1158 4893 1277 4964 quidem
1291 4893 1330 4947 iifl
1347 4891 1473 4946 videtur·

115 4988 229 5047 'emn's
242 4992 322 5048 uam
332 4994 418 5064 sequi
429 4990 534 5066 diligit.
545 4990 708 5064 ltemjuxta
721 4993 840 5047 beatum
855 4990 948 5045 lsido-
1040 4993 1121 5047 Patet
1136 4993 1234 5063 itaque
1248 4990 1445 5057 simoniacos,
1453 4988 1545 5044 veluti
1558 4987 1671 5060 primos
1687 4988 1716 5041 et
1728 4985 1837 5055 praeci-

122 5080 201 5134 mm:
214 5102 226 5128 ι
239 5078 295 5147 Qui
309 5096 427 5136 sacram
442 5080 623 5152 Scripturam
639 5082 723 5137 aliter
735 5082 949 5151 interpretatur
1003 5096 1079 5152 puos
1088 5081 1258 5150 haereticos,
1267 5080 1449 5135 abomnibus
1458 5074 1839 5146 fidelibusrespuendos,et

119 5170 206 5239 quam
214 5167 323 5243 flagitat
332 5184 444 5225 sensus
452 5168 581 5241 Spiritus
598 5171 691 5224 sancti
706 5185 760 5240 per
774 5184 862 5242 quem
873 5167 948 5223 scri·
1002 5169 1029 5222 si
1045 5169 1214 5224 commoniti
1228 5183 1284 5224 non
1300 5168 1488 5237 resipuerint,
1504 5166 1590 5220 etiam
1606 5163 1644 5219 ab
1659 5163 1771 5218 exteris
1785 5179 1837 5233 po·

118 5256 167 5327 ph
180 5260 236 5326 est,
246 5256 316 5313 licet
330 5258 368 5313 ab
382 5257 518 5313 Ecclesia
533 5274 592 5314 non
606 5260 776 5328 recesserit,
787 5258 946 5312 haereticus
1003 5258 1162 5313 testatihus
1177 5257 1399 5328 opprimendos.
1414 5276 1425 5306 ι
1440 5254 1609 5309 Verendum
1623 5253 1732 5324 quippe
1742 5254 1839 5320 est,ut

110 5344 257 5417 'appellari
272 5348 381 5419 potest.
400 5371 412 5395 ι
428 5346 643 5403 schismaticus
659 5363 730 5402 vero
746 5347 857 5418 estqui
879 5346 947 5416 qui·
1001 5346 1041 5400 ait
1055 5346 1386 5418 Gregorius,quemque
1401 5360 1454 5414 pro
1471 5359 1526 5398 suo
1543 5343 1641 5397 ottlcio
1654 5342 1758 5396 etloco
1769 5355 1838 5396 con·

114 5432 182 5490 dem
193 5438 301 5491 rectam
317 5451 352 5492 se
366 5436 501 5491 confiteri
515 5434 604 5491 fldem
616 5435 744 5503 simulat,
757 5435 810 5490 sed
825 5438 946 5490 sancto·
999 5437 1044 5490 tra
1057 5435 1177 5490 eosdem
1188 5435 1380 5490 vehementer
1391 5448 1450 5488 non
1465 5431 1838 5501 inardescere,eorumque

114 5536 180 5579 rum
194 5522 313 5580 Petram
334 5524 510 5579 traditiones
530 5525 658 5595 superbe
674 5524 849 5594 contemnit,
869 5528 897 5579 et
913 5540 946 5580 se
1000 5523 1173 5579 detestando
1184 5523 1355 5578 erroritotis
1368 5521 1695 5592 nisibus,nonohviare.
1707 5519 1838 5573 »tError

108 5602 215 5685 'aliqua
229 5612 434 5669 malevolentia
450 5613 487 5668 ab
500 5614 609 5667 unitate
624 5611 769 5668 Ecclesia
785 5613 902 5668 scindit.
999 5628 1135 5684 namque,
1148 5617 1178 5666 ut
1194 5612 1233 5666 ait
1248 5612 1436 5666 Innocentius
1444 5627 1528 5681 papa,
1542 5610 1590 5664 cui
1600 5625 1658 5664 non
1672 5608 1833 5672 resistitur,

146 5698 224 5757 hem
241 5700 327 5775 iaxta
339 5700 485 5759 suetam
499 5701 700 5776 hagustlaum
721 5714 758 5758 :r
780 5698 948 5760 haereticus
999 5702 1224 5773 approbatur-‚et
1233 5700 1420 5760 ramuscula
1427 5701 1550 5757 mutare
1557 5692 1837 5770 defensaturoppri·
