3900 6112
105 306 170 374 899

458 304 678 367 WlbLELMl
703 301 878 365 GALCUtl
901 293 1248 363 GEMMETICENSIS
1266 292 1478 359 meulent.

1768 288 1825 353 9oe

107 486 296 562 postmodum
316 489 343 543 in
361 488 531 560 supradicto
546 489 701 559 naufragio
713 503 779 542 cum
795 484 936 540 iratribus
952 480 1072 554 Arione
1101 498 1171 552 illud
1202 496 1321 563 faceret,
1346 512 1364 549 a
1385 494 1486 550 multis
1521 491 1728 559 nesciebatur,
1751 489 1819 545 unde

108 580 173 634 suis
188 580 345 635 submersa
362 582 417 633 est.
435 579 499 632 ,ilia
514 579 582 632 itern
605 578 753 631 llatlriltlis
771 576 938 645 nuncupata

108 665 938 737 dataestConanocomitiruinorislii-itaunirr,genuitque

109 770 146 811 ex
161 772 196 812 ea
208 755 297 811 liliam
312 758 428 810 nomino
440 756 575 811 lloellum
591 760 619 811 et
635 757 710 810 lilios
727 756 812 810 duas.
831 753 938 817 Tertia,

111 845 227 900 scilieet
241 846 366 913 iuliane,
386 846 544 900 Eustochio
559 845 719 912 detersio,
731 845 779 914 qui
791 841 894 897 lralurit
904 855 940 894 ex

110 940 145 979 ea
173 924 248 979 duos
277 925 364 991 filios,
396 924 577 980 il'illclmum
602 929 630 980 et
647 924 817 995 ltogerium.
834 921 939 986 Quarta

110 1012 262 1067 Willelmo
278 1014 389 1068 tioieto.
402 1012 516 1080 Quinta,
530 1014 694 1068 vicecomiti
704 1014 739 1067 de
749 1011 939 1077 Bellomonte,

109 1102 187 1172 quod
214 1105 341 1155 castrum
372 1103 459 1156 situm
480 1109 526 1156 est
555 1104 583 1156 iu
599 1100 834 1157 cenomannensi
852 1113 940 1170 pago.

114 1190 213 1256 Sexta,
228 1190 354 1244 lluttlreo
367 1192 425 1245 tilio
442 1192 597 1245 Bulcbardi
613 1192 648 1245 de
664 1186 941 1245 lloutemorenceio.

110 1277 251 1347 Septima,
267 1294 333 1348 quae
349 1295 385 1333 ex
399 1279 562 1347 Elisabeth,
579 1296 683 1334 sorore
710 1276 880 1332 waleranni
896 1290 943 1329 eo·

110 1366 190 1421 mitis
206 1366 345 1437 ltlellenti,
362 1369 458 1422 udlrue
473 1371 593 1439 innupta
602 1371 764 1438 perruauet.

408 1491 534 1546 CAPUT
553 1493 646 1546 XXX.

115 1613 197 1680 Quod
211 1615 375 1670 decedente
386 1616 531 1671 Gurrlride
548 1615 945 1686 llotlromapeusiarchiepis-

147 1702 226 1758 copo,
241 1687 291 1759 qui
309 1687 333 1739 ll
340 1687 457 1742 'illelmo
472 1688 578 1742 <lullum
599 1693 796 1753 successerat,
813 1687 944 1741 eaurdcm

147 1758 249 1813 sedem
265 1758 388 1828 adeptus
401 1765 448 1812 est
464 1759 548 1830 liupo
567 1758 660 1813 abbas
676 1759 889 1828 lludiuparum.

146 1864 231 1919 Circa
241 1863 455 1934 htaetempora,
469 1866 629 1919 decedente
639 1865 781 1920 Gaulrido
796 1864 944 1934 arelriepi-
962 1885 986 1946 Β

994 571 1122 640 idipsum
1139 567 1406 639 reprehendebant.

1273 638 1400 692 CAPUT
1422 636 1541 691 XXXII.

992 730 1037 784 lle
1052 729 1200 794 ecclesiis,
1219 728 1267 783 rel
1276 728 1313 782 dc
1328 726 1521 781 monasteriis
1535 738 1602 795 quie
1620 719 1779 778 sedilictrit
1790 728 1814 775 et

1029 802 1066 855 dc
1075 801 1216 881 largitate
1231 800 1296 870 ejus
1310 800 1341 852 iu
1352 812 1460 852 serres
1478 794 1597 851 Clrristi
1610 799 1643 849 et
1658 793 1697 848 de
1711 794 1815 847 caeteris

991 874 1051 944 piis
1067 888 1131 943 epus
1147 870 1273 925 actibus.

1032 961 1098 1015 Fuit
1113 963 1208 1014 autem
1225 958 1353 1029 inclytus
1369 955 1590 1021 rexHenrieus,
1605 952 1643 1007 de
1660 950 1811 1022 cujusaeti·

995 1052 1052 1106 bus
1067 1050 1225 1120 loquimur,
1241 1042 1648 1101 liberalissimusnonsalum
1660 1039 1810 1110 potentibus

995 1138 1087 1209 hujus
1101 1136 1212 1203 mundi,
1228 1150 1331 1189 verum
1347 1133 1444 1198 eliam,
1462 1130 1541 1201 quod
1557 1128 1658 1199 majus
1675 1130 1721 1182 est
1733 1132 1757 1181 et
1770 1128 1811 1181 uti·

996 1227 1065 1293 lius,
1083 1223 1254 1279 hominibus
1270 1220 1434 1292 religiosis,
1450 1219 1611 1273 Testantur
1628 1215 1685 1271 boe
1700 1216 1809 1286 episcopi

998 1315 1131 1379 abbates,
1140 1312 1277 1366 monachi
1285 1324 1442 1380 pauperes,
1454 1304 1712 1362 sanctimonalium
1720 1318 1809 1375 greges

998 1420 1056 1458 noa
1072 1403 1169 1457 solum
1184 1397 1537 1469 l'raueiaeetriquitaniae,
1550 1394 1745 1449 verumetiam
1756 1392 1809 1447 Bru·

999 1492 1117 1563 guadiae
1133 1493 1161 1544 et
1175 1490 1275 1555 ltaliae,
1292 1488 1342 1558 qui
1358 1487 1394 1540 ab
1406 1487 1472 1557 ipso
1500 1483 1652 1539 annuatim
1676 1482 1808 1552 plurimun

999 1579 1187 1635 emolumenti
1215 1576 1410 1646 accipiebant.
1428 1572 1600 1628 AEdificarit
1617 1573 1712 1626 aulem
1726 1571 1754 1624 iu
1765 1571 1808 1625 lu·

999 1670 1058 1741 glia
1074 1685 1090 1721 a
1109 1666 1308 1720 fundamentis
1324 1662 1471 1717 abbatiam
1486 1661 1603 1717 Sauetae
1620 1659 1719 1713 Mariae
1728 1658 1809 1713 liadia·

999 1748 1808 1830 gissuperliuviumThamisiaeetornamentisctpossse

1001 1846 1137 1900 sionibus
1145 1843 1340 1913 locupletare,
1349 1840 1511 1896 monachos
1522 1844 1550 1893 et
1559 1838 1694 1893 ordinem
1702 1834 1807 1890 Clunittl

112 1968 204 2023 scopo
213 1953 770 2026 Rorhomagensi,1ru30ppimusapbus
781 1954 946 2025 endingen.
1002 1936 1041 1990 ibi
1062 1950 1131 1989 csse
1160 1934 1240 1988 lecit.
1256 1930 1428 1985 AEdilteavit
1447 1928 1571 1982 otaliam
1583 1926 1740 1981 ecelesiam
1752 1922 1808 1995 apat

113 2042 157 2096 sis
173 2042 332 2096 suceessit.
349 2043 444 2097 l'arvo
461 2043 568 2097 exinde
585 2050 716 2113 tempore
732 2046 844 2105 exacto,
861 2042 946 2096 luno-

113 2130 228 2185 centius
245 2146 318 2199 papa
342 2131 363 2184 ll
392 2132 606 2203 ltotbomugum
624 2134 846 2187 reuienseausa
863 2133 946 2204 regis

116 2218 248 2289 Heariei,
279 2219 449 2291 ingentibus
466 2221 629 2292 obsequiis
648 2223 779 2275 utvirum
794 2221 946 2291 Apostoli-

113 2322 179 2362 eum
195 2307 327 2377 decebat,
343 2309 493 2363 abeodem
509 2325 580 2381 rego
592 2313 752 2379 susceptus
766 2314 794 2365 et
805 2326 946 2381 prosecu-

113 2398 162 2450 tus
178 2400 234 2451 est.
260 2396 309 2451 Sic
320 2397 406 2451 etium
427 2397 571 2453 t'laiiatum
587 2416 691 2470 papam
704 2399 793 2470 longe
813 2403 897 2453 antea
912 2414 946 2452 se

112 2484 268 2540 adeuntem
294 2502 348 2554 pro
369 2487 469 2541 causis
492 2488 705 2541 ecclesiasticis
724 2488 800 2557 apud
817 2491 946 2542 castrum

112 2588 200 2628 suum
215 2573 319 2628 Gisora
333 2576 460 2645 nomine,
471 2577 499 2628 in
519 2579 651 2647 margine
661 2577 706 2630 sui
716 2576 945 2646 ‹luealussitum,

114 2662 253 2732 regaliter
279 2668 478 2732 procuratum,
509 2666 681 2720 muneribus
696 2670 837 2719 onustum
852 2665 947 2736 regiis

112 2748 277 2804 remiserat.

400 2821 525 2878 earet
552 2824 659 2878 XXXl.

113 2933 159 2989 De
176 2936 310 2992 castellis
322 2954 386 3009 (μισ)
406 2954 462 2993 rer
477 2939 626 2994 Henricus
639 2938 800 2994 cedidearit
816 2940 846 2993 iu
861 2939 947 2994 duca·

151 3015 182 3062 tu
204 3008 432 3063 Nortluaarrec
461 3017 490 3064 et
520 3011 594 3082 quod
620 3027 721 3081 pacem
736 3027 792 3065 uou
808 3011 899 3064 solum
916 3011 947 3064 iu

153 3086 235 3134 terra
246 3096 308 3147 sua,
327 3096 428 3135 rerum
443 3082 532 3135 etiam
548 3083 577 3135 iu
590 3080 758 3154 longinquis
772 3082 948 3153 regionibus

150 3167 202 3206 sua
222 3152 369 3223 sapientia
380 3151 519 3208 faciebat.

150 3257 233 3312 Fecit
245 3261 340 3313 autem
357 3274 411 3312 rex
425 3258 705 3329 llenrieusplurima
719 3260 839 3315 castella
849 3264 906 3313 tam
918 3259 947 3313 in

113 3362 208 3418 reguo
221 3362 308 3419 quam
323 3349 352 3401 in
367 3347 474 3402 ducatu
490 3348 663 3404 suvaetera
679 3364 750 3404 roro
761 3351 797 3404 ab
811 3354 947 3405 auteres·

114 3436 235 3491 acribus
250 3436 316 3489 suis
331 3440 511 3504 constructa,
529 3452 586 3490 non
603 3438 700 3492 solum
717 3438 948 3508 inuuieipia,sed

115 3523 202 3578 etiam
219 3523 443 3594 antiquissimas
459 3526 550 3579 urbes
565 3540 639 3595 pene
655 3542 758 3581 omnes
774 3527 947 3581 melioravit.

113 3610 233 3665 illorum
252 3615 349 3666 autem
365 3627 431 3682 quae
453 3613 482 3666 in
498 3613 709 3667 Nortlunaunia
726 3615 902 3684 construxit,
919 3614 949 3669 iu

115 3699 248 3771 margine
271 3700 317 3756 sui
347 3700 472 3755 ducatus
491 3706 520 3756 et
543 3703 700 3756 confinium
717 3703 947 3774 provinciarum,

17 3810 23 3827 ·
114 3788 256 3844 istasunt
284 3789 415 3843 nomina:
447 3790 651 3859 llriemcurtis,
678 3791 793 3845 Novum
818 3796 948 3846 castrum

115 3878 204 3933 situm
220 3893 312 3948 super
328 3878 422 3947 ripam
439 3878 520 3949 llptae
536 3880 675 3947 lluminis,
688 3880 867 3949 vernoilum,
885 3882 948 3937 No-

115 3966 194 4021 uaati
210 3967 312 4035 erutis,
336 3965 448 4021 Bonum
468 3967 676 4034 molendinum,
707 3969 827 4023 tloluriat
851 3984 947 4039 mons,

117 4056 195 4111 Pons
212 4057 340 4112 Ursonis
351 4058 379 4112 ot
393 4058 449 4112 alia
464 4073 530 4128 quae
547 4057 737 4112 exindustria
749 4063 948 4129 praetereare

116 4161 228 4201 morum
252 4146 368 4201 faeiem.
395 4148 501 4202 Pacem
531 4163 590 4201 non
619 4149 714 4202 solum
739 4148 768 4201 in
785 4151 862 4202 terra
882 4163 947 4217 sua,

1001 2024 1197 2079 Cireeestram
1214 2022 1243 2075 in
1255 2021 1399 2074 bonorem
1414 2016 1507 2071 saneti
1521 2014 1660 2083 loannis,
1676 2016 1704 2068 et
1717 2010 1809 2067 canoni·

1001 2128 1054 2168 cos
1069 2111 1225 2183 regulares
1241 2109 1349 2162 ibidem
1365 2109 1508 2174 statuens,
1520 2102 1766 2158 illissulficieutcr
1777 2116 1809 2154 ue
1837 2090 1841 2173 l

1001 2200 1133 2255 cessaria
1157 2198 1336 2269 procurarit.
1353 2194 1554 2249 Nihilominus
1570 2192 1660 2247 etiam
1675 2192 1705 2244 in
1724 2187 1809 2244 Norti-
1836 2176 1841 2249 J

1001 2289 1118 2343 mannia
1132 2287 1208 2358 apud
1219 2286 1435 2355 Rothomagum
1444 2282 1603 2337 ecelesiam
1612 2277 1810 2336 Sanetaellarb
1839 2270 1841 2289 ²

1000 2380 1036 2433 de
1050 2379 1137 2432 Prata
1153 2393 1170 2430 a
1185 2378 1275 2429 matre
1292 2389 1347 2428 sua
1361 2372 1470 2427 dudum
1489 2371 1650 2441 inemptam
1679 2382 1809 2440 pensem·
1837 2364 1841 2435 j

1001 2467 1168 2535 summovit,
1180 2465 1310 2519 elaustro
1322 2466 1352 2517 et
1360 2461 1468 2515 ciliciis
1479 2459 1634 2515 monachis
1650 2454 1809 2529 congruenti·

1001 2558 1057 2611 bus
1083 2560 1111 2610 el
1140 2554 1250 2608 ambitu
1280 2566 1433 2605 murorum
1451 2551 1549 2619 ipsum
1564 2550 1666 2603 locum
1681 2547 1809 2609 deaurare.

1002 2644 1142 2700 nonnulla
1158 2643 1268 2712 praedia
1284 2646 1343 2695 tam
1359 2640 1388 2692 in
1404 2638 1620 2694 Nortbmunuia
1632 2652 1720 2708 quam
1733 2635 1810 2688 inlr

1002 2735 1072 2807 glia,
1093 2733 1127 2787 ad
1144 2748 1219 2802 opus
1235 2730 1343 2785 ibidem
1365 2729 1424 2783 lleo
1441 2727 1650 2794 servientium,
1666 2740 1732 2778 eum
1745 2736 1809 2778 ortu·

1004 2822 1110 2877 mentis
1126 2819 1269 2892 pretiosis
1285 2816 1481 2883 contradidit3
1497 2815 1611 2886 majora
1634 2818 1731 2868 iernen
1745 2812 1768 2865 si
1779 2807 1810 2863 ali

1004 2913 1144 2981 quantum
1160 2909 1217 2962 vita
1233 2922 1334 2961 eomes
1342 2905 1427 2975 toret,
1436 2904 1601 2959 seeundum
1610 2918 1696 2957 suam
1711 2899 1812 2970 promu-

1004 3000 1118 3053 sionem
1134 2997 1306 3067 largiturus
1323 2993 1358 3049 Et
1371 2992 1440 3064 quia
1451 2991 1622 3047 idemloeue
1632 2986 1810 3044 udeeelesim

1006 3088 1187 3141 lieceeusem
1210 3083 1384 3153 pertinebat,
1400 3083 1499 3150 utpote
1514 3078 1726 3148 patrimonium
1738 3070 1812 3130 dontu'

1005 3175 1138 3229 llorluiui
1155 3173 1239 3243 primi
1255 3172 1372 3227 abbatis
1381 3173 1409 3224 et
1417 3168 1584 3224 fundatoris
1598 3166 1758 3222 lleoeensis
1770 3176 1812 3217 uo·

1004 3263 1137 3332 nesterii,
1161 3260 1324 3315 nronaebos
1341 3260 1509 3314 Beecenses
1525 3256 1585 3311 illie
1598 3255 1661 3310 Deo
1673 3254 1813 3309 servituros

1003 3352 1138 3407 instituit.
1156 3351 1239 3405 illius
1255 3350 1333 3403 errirn
1349 3347 1485 3402 eeclesiae
1500 3345 1626 3399 abbates
1642 3340 1815 3398 etmonaebot

1004 3429 1815 3508 mireserupereoluit,plurimumvoueratusestunaxiut

1003 3535 1101 3584 autem
1116 3528 1255 3582 domnum
1270 3526 1418 3580 Bosonem
1428 3523 1574 3578 abbatem.
1583 3521 1670 3586 Quod
1680 3536 1734 3574 nos
1744 3520 1812 3572 ineo·

1004 3621 1065 3673 stra
1080 3616 1221 3671 memoria
1237 3615 1351 3684 experti
1366 3628 1481 3678 sumus,
1507 3627 1575 3665 eum
1590 3611 1670 3665 idem
1682 3626 1735 3663 rex
1756 3602 1815 3660 daut

1004 3707 1154 3761 annuatim
1170 3705 1265 3759 eidem
1279 3701 1577 3758 venerabilivironou
1590 3700 1742 3754 miniatum
1753 3709 1813 3751 sun·

1003 3793 1262 3864 mampeeuuiaead
1274 3791 1442 3845 subsidium
1452 3790 1623 3843 victualium
1634 3804 1699 3842 suae
1708 3796 1813 3857 congra-

1004 3884 1133 3955 gationis
1158 3886 1187 3936 et
1202 3880 1421 3950 susceptionem
1437 3878 1596 3947 hospitum,
1617 3892 1696 3947 quos
1712 3876 1757 3929 ille
1770 3873 1816 3942 plat

1004 3971 1193 4042 amplitudine
1209 3968 1360 4023 eharitatis
1370 3961 1816 4038 quamrerumsuarum,uririlirt.

1004 4077 1040 4115 no
1066 4061 1161 4113 (licam
1177 4059 1252 4113 ultra
1277 4058 1357 4111 vires
1374 4071 1455 4120 suas,
1472 4058 1650 4126 procuratos
1666 4049 1814 4106 honorabat.

1005 4149 1040 4203 Et
1056 4148 1193 4220 quamvis
1202 4144 1489 4214 munificentiaregis
1500 4143 1604 4197 eadem
1614 4143 1813 4213 largit-elutum

116 4250 220 4290 verum
235 4235 361 4290 etiamin
377 4236 465 4307 longe
476 4236 582 4307 positis
599 4236 700 4307 regnis
717 4235 950 4290 concessasibia
1004 4239 1101 4293 solum
1134 4238 1253 4307 propter
1268 4235 1413 4299 abbatem,
1431 4248 1534 4286 verum
1550 4231 1639 4286 eliam
1654 4225 1814 4300 propterbt·

116 4323 177 4379 Deo
193 4323 336 4392 sapientia
352 4328 381 4378 et
395 4324 522 4379 bonitate
539 4324 666 4378 tenebat.
685 4324 857 4378 ll’ulleuses
871 4339 949 4379 sem·
1004 4343 1072 4381 nam
1088 4325 1336 4380 existimationem
1352 4320 1573 4387 monachorum,
1590 4335 1716 4389 quorum
1732 4314 1815 4371 oratio

117 4411 288 4482 perlinglis
303 4411 431 4466 rebelles
448 4413 486 4466 ita
498 4411 634 4466 subditos
649 4412 882 4483 halrebat,utper
892 4429 950 4467 om·
966 4390 989 4451 Ῐ)
1006 4417 1093 4471 uibus
1110 4432 1143 4469 se
1159 4412 1358 4468 commendari
1380 4413 1429 4464 aut
1443 4425 1498 4479 per
1518 4424 1563 4475 se,
1579 4413 1630 4462 aut
1645 4423 1697 4479 per
1711 4406 1814 4475 aliqum

116 4515 184 4554 uem
202 4504 310 4555 terram
327 4515 428 4556 eorum
444 4501 490 4554 vel
515 4501 590 4570 ipse,
607 4500 653 4554 vel
670 4506 797 4571 satrapae
816 4502 872 4566 sui,
891 4501 950 4556 illis

116 4587 227 4656 invitia,
245 4587 423 4642 munitiones
440 4588 633 4653 aeditlearont;
650 4604 705 4642 nee
717 4588 844 4658 aliquam
856 4589 949 4643 insuo

113 4675 183 4747 juro
200 4676 392 4731 munitionem
415 4676 556 4731 haberent
571 4677 628 4746 ipsi
644 4677 693 4731 illo
710 4681 950 4747 vivente,praeter

117 4772 245 4822 montem
270 4766 319 4836 qui
336 4766 437 4838 lingue
463 4766 625 4837 Anglorum
641 4766 949 4835 Sneuuduuetb'uow-

118 4855 246 4925 dowue),
264 4856 350 4910 idest
365 4871 450 4910 mons
468 4857 604 4925 nivosus,
625 4855 692 4926 quia
713 4856 753 4910 ibi
768 4857 881 4927 rogiter
900 4856 951 4909 nix

118 4945 268 5015 perdurat,
285 4944 457 5015 appellatur.
471 4945 567 4998 L'num
583 4945 612 4998 iu
627 4944 819 5015 ipsoquidum
833 4946 951 4999 nonim-

117 5034 233 5101 merito,
263 5036 294 5089 ut
322 5034 458 5105 pluribus
472 5034 598 5101 videtur,
611 5034 952 5103 reprehendendumdu-

119 5121 234 5175 cebant.
251 5122 323 5177 Cum
338 5124 415 5178 enim
439 5123 562 5178 baberet
576 5123 605 5176 iu
621 5138 709 5176 manu
725 5138 781 5177 sua
796 5121 953 5176 nonnullo-

120 5224 184 5261 rum
199 5209 344 5264 baronum
355 5227 488 5279 suorum,
505 5216 534 5266 et
550 5213 637 5266 etiam
652 5211 817 5265 vicinorum
840 5212 954 5281 aliquo·

119 5308 184 5347 rum
201 5294 434 5351 collimitantium
450 5314 504 5353 suo
521 5298 638 5352 ducatui
654 5298 842 5367 munitiones,
860 5314 896 5351 ne
912 5297 954 5351 illi

120 5382 305 5437 confidentes
313 5384 342 5437 in
358 5386 403 5440 eis
415 5388 525 5458 aliquid
541 5390 642 5441 eontra
655 5402 758 5455 pacem
776 5387 822 5440 sui
839 5387 955 5456 imperii

120 5474 253 5542 agerent,
285 5470 353 5525 illae
378 5475 457 5528 velut
478 5476 614 5546 proprias
639 5475 749 5530 ambitu
766 5491 916 5529 murorum
928 5479 957 5529 et

121 5558 254 5619 turribus
270 5575 481 5639 nonnunquam
497 5564 657 5620 muniebat.
676 5564 738 5631 Qua
753 5566 850 5619 autem
866 5565 957 5620 inton-

1005 4505 1137 4559 uuutium
1155 4502 1341 4572 frequentius
1357 4498 1520 4570 satagebat,
1539 4497 1611 4552 illud
1626 4487 1814 4551 tameniudieio

1005 4597 1060 4659 est,
1090 4591 1168 4661 quod
1194 4591 1275 4643 illum
1302 4589 1370 4658 plus
1389 4586 1636 4641 antecessoribus
1663 4578 1815 4638 suisium

1005 4680 1145 4734 duntaxat
1158 4680 1241 4749 parte
1257 4679 1415 4731 veneratus
1431 4675 1479 4743 sit,
1496 4673 1575 4743 quod
1589 4671 1745 4744 aliquando
1765 4676 1814 4719 ret·

1005 4773 1091 4822 tenue
1106 4766 1198 4819 libras
1211 4768 1431 4834 argenteorum,
1447 4761 1617 4831 saepissime
1628 4762 1743 4814 centum
1756 4763 1814 4842 rutr-¹

1006 4871 1057 4910 eas
1073 4854 1210 4925 ejusdem
1239 4851 1359 4919 metalli,
1376 4855 1506 4919 temporo
1535 4848 1692 4920 regiminis
1707 4836 1814 4915 pratici

1007 4944 1135 5011 abbatis,
1153 4941 1290 4996 eeclesiae
1300 4939 1387 4993 lieeei
1403 4937 1507 4992 devote
1523 4937 1648 4991 eontulit
1661 4951 1669 5003 3
1680 4930 1813 4988 carmentet

1005 5034 1059 5087 vix
1073 5032 1109 5085 ad
1121 5033 1253 5101 qum·tanr
1265 5032 1377 5098 partem
1391 5029 1562 5096 praetuxutae
1572 5040 1697 5079 sumurae
1708 5010 1816 5075 intanto

1007 5121 1103 5175 eidem
1118 5118 1230 5188 aliquid
1239 5116 1376 5170 ecelesiae
1388 5116 1565 5184 pervenerit.
1582 5113 1666 5167 lllum
1677 5111 1759 5165 etiarn
1768 5116 1817 5159 stt·

1007 5209 1103 5264 etitnte
1132 5211 1160 5261 et
1180 5206 1377 5261 consiliolum
1406 5202 1552 5273 spirituali
1582 5218 1671 5272 quam
1693 5188 1819 5255 seculari,

1008 5298 1124 5353 caeteris
1154 5296 1293 5365 personis
1322 5294 1368 5347 sui
1397 5291 1657 5363 regniexcellere,
1674 5284 1821 5343 uorrsoltttt

1008 5387 1110 5453 verbo,
1125 5380 1659 5455 setleperepraedieabat3praesertim
1676 5366 1823 5432 ruminillt

1009 5474 1201 5544 biennio,quo
1216 5472 1352 5525 eumdem
1369 5475 1503 5524 saucium
1519 5468 1617 5522 virum
1631 5460 1826 5521 trontinuemb

1010 5579 1094 5618 suam
1120 5565 1244 5616 mortem
1260 5560 1343 5632 gravi
1367 5558 1534 5613 iullrmitate
1573 5556 1741 5629 fatigatum,
1773 5560 1832 5605 uua·
