3908 6112
109 296 169 362 stt

610 291 747 354 GESTA
767 288 977 365 DESIDERli
995 286 1175 355 ABBATIS
1196 289 1318 353 castrt

1772 288 1830 354 948

110 514 189 553 mam
214 498 345 570 erigens,
367 500 483 568 portam
499 510 573 565 pene
588 495 704 550 cubitos
720 495 841 567 triginta
856 479 979 548 extraA
998 491 1113 546 loribus
1124 453 1585 562 pictorumingeniodecoratum,
1596 490 1710 545 ibidem
1717 490 1826 544 exstrui

112 591 243 642 veterem
267 587 303 641 de
332 585 485 656 quadratis
500 600 534 638 ac
559 586 650 638 sectis
666 583 814 652 lapidibus
829 582 940 650 statuit,
996 579 1100 649 jussit.
1114 582 1189 634 Ante
1204 579 1300 650 ipsius
1316 594 1442 650 namque
1458 580 1537 634 Beati
1553 579 1672 633 Martini
1698 578 1828 632 altarium

110 691 202 746 supra
216 689 303 746 quam
317 677 429 729 turrem
445 672 638 726 fortissimam
651 672 681 724 in
690 674 816 741 quatuor
824 670 941 742 magnis

110 763 258 817 columnis
273 766 400 815 erectam
415 760 526 829 ingenti
538 775 653 814 camera
671 758 863 813 confirmavit.
882 757 942 811 Va·

112 866 190 921 rum,
202 865 269 905 cum
278 849 410 904 exterius
422 849 614 918 praecipitium
630 851 742 917 pateret
756 847 942 915 immensam,

113 937 244 993 tumulus
260 953 331 992 vero
339 937 462 990 interius
473 933 942 1006 magnusexisteret,eodeiosso,

112 1026 307 1096 precipitium
326 1024 399 1078 iliud
418 1025 500 1078 saxis
517 1024 583 1094 cius
600 1027 627 1077 et
643 1026 730 1092 terra,
748 1023 862 1076 clivoso
877 1021 946 1076 iicet

111 1116 237 1184 tramite,
253 1114 385 1183 pervium
402 1112 487 1181 iecit3
501 1111 601 1182 ibique
614 1110 709 1181 juxta,
732 1115 815 1165 extra
831 1113 945 1180 portam

113 1203 238 1272 seilicet,
249 1201 464 1255 xenodochium
480 1200 639 1253 maximum
655 1199 821 1253 fabricavit.
844 1199 945 1268 Itaque

114 1291 232 1344 demum
248 1289 317 1343 hinc
333 1289 493 1343 indemnro
509 1289 648 1359 contiguo
664 1304 697 1341 ac
709 1288 858 1355 civitatum
866 1301 947 1341 more

115 1379 227 1433 munito
242 1378 415 1431 universnm
430 1376 641 1429 monasterium
657 1374 875 1444 circumsepsit.
887 1374 947 1428 ile·

999 668 1128 722 tabulam
1145 672 1314 739 argenteam
1329 684 1363 722 ac
1378 668 1557 738 deauratam,
1574 672 1602 722 et
1634 665 1829 738 pulcherrime

1000 756 1155 827 sculptam,
1171 759 1296 826 quatuor
1310 760 1338 810 et
1356 755 1552 828 quadraginta
1565 755 1661 810 libras
1676 755 1829 809 habentem

1002 844 1291 914 Desideriuspatrari
1302 845 1459 912 mandavit,
1472 845 1565 915 inqua
1576 859 1682 899 omnes
1699 841 1827 898 tereben-

1002 933 1024 987 ti
1040 933 1232 1004 evangelistae
1242 933 1370 988 Mattbaei
1384 933 1513 988 etsancti
1524 932 1715 988 contessoris
1727 931 1828 987 Christi

1002 1020 1119 1074 Martini
1128 1021 1292 1090 descuipsit
1301 1021 1454 1076 historias.
1464 1020 1546 1075 Fecit
1557 1025 1695 1091 etportas
1704 1021 1827 1074 aereasia

1003 1108 1286 1180 ingressnejusdem
1302 1108 1449 1164 ecciesiae.
1461 1109 1549 1164 iuxta
1558 1109 1696 1164 eamdem
1706 1124 1777 1163 vero
1786 1109 1828 1162 ba·

1003 1197 1119 1251 silicam
1147 1197 1381 1252 mansiunculam
1409 1197 1439 1251 in
1464 1212 1521 1267 qua
1535 1197 1601 1266 ipse
1615 1199 1750 1251 maneret
1765 1212 1826 1251 con·

1004 1290 1135 1354 struens,
1147 1284 1281 1339 trabibus
1298 1285 1441 1355 appositis
1450 1284 1700 1357 tegulisdcsuper
1712 1286 1824 1354 operuit.

1005 1374 1076 1427 iiaec
1091 1373 1152 1436 ubi,
1168 1377 1345 1443 cooperante
1360 1373 1588 1443 Domino,prout
1598 1377 1756 1443 optaverat
1769 1389 1824 1428 con·

118 1465 187 1520 hinc
202 1465 361 1536 aquilonali
375 1466 456 1534 parte
471 1464 609 1532 palatium
624 1463 792 1533 quantitatis
808 1477 867 1515 non
882 1475 947 1515 mo·
1005 1462 1173 1530 summarii,
1200 1462 1280 1516 Beati
1303 1461 1509 1516 Bartholomaei
1525 1461 1680 1531 basilicam
1702 1477 1768 1516 cum
1778 1461 1825 1516 ira·

114 1553 188 1608 dicae
204 1553 241 1607 ad
256 1553 406 1623 hospitum
421 1551 809 1622 quorumquereceptionem
822 1548 949 1624 aedifica·
1005 1553 1082 1604 trum
1097 1550 1239 1604 universo
1254 1553 1401 1603 conventu
1420 1549 1506 1604 tertio
1522 1549 1625 1604 Nonas
1650 1549 1824 1604 ianuariasa

115 1641 177 1711 vit3
193 1641 349 1711 pristinum
365 1654 482 1710 quoque
497 1642 577 1693 tanto
592 1639 701 1693 decore
717 1638 893 1706 construxit,
918 1642 950 1692 ut
1004 1639 1130 1702 ioanne,
1147 1637 1239 1708 hujus
1248 1641 1314 1692 ante
1330 1638 1459 1693 coeuobii
1473 1637 1628 1706 monacho,
1640 1642 1712 1708 post
1725 1637 1822 1693 Sorano

116 1729 200 1784 multi
215 1728 443 1799 peregrinorum
464 1727 521 1781 huc
550 1726 739 1796 venientium,
765 1727 948 1798 ignorantes,
1004 1726 1145 1796 episcopo
1168 1725 1237 1780 lecit
1261 1725 1585 1795 solemniterdedicari;
1607 1726 1638 1779 in
1654 1725 1742 1797 cujus
1757 1725 1821 1780 altari

118 1817 251 1889 quasiad
266 1815 422 1870 ecclesiam
432 1814 948 1883 saepiusiliucoraturiconvenerint.
965 1844 989 1909 B
1006 1815 1160 1885 apostolica
1175 1814 1495 1883 eorporispartemnon
1506 1814 1647 1886 exiguam
1662 1815 1821 1886 inargentat

118 1905 186 1960 Non
202 1904 348 1969 cessabat,
361 1903 429 1956 dum
440 1903 496 1956 ista
514 1905 682 1972 agerentur,
696 1902 870 1957 Desiderius
887 1917 953 1956 con·
1006 1900 1170 1956 recondidit
1186 1917 1289 1972 capsa,
1301 1902 1331 1955 in
1346 1918 1404 1972 qua
1415 1902 1502 1956 etiam
1510 1901 1565 1957 has
1572 1902 1719 1973 reliquias
1728 1903 1816 1973 posuit

121 1992 274 2065 quirendis
290 1991 426 2045 ecciesiae
451 1990 632 2045 ornamentis
650 1990 801 2058 insudare,
816 1993 844 2044 et
866 1990 955 2044 uude·
1007 1990 1043 2044 dc
1058 1989 1153 2059 lapide
1167 1992 1261 2044 sancti
1276 1989 1421 2060 sepulcri,
1437 1994 1465 2046 et
1480 1995 1654 2045 sanctorum
1673 1991 1788 2046 ioannis
1799 1995 1819 2046 ei

121 2095 238 2152 cunque
248 2080 359 2149 posset,
371 2079 598 2149 quibuscunque
611 2081 714 2148 posset
730 2077 870 2149 ingeniis,
887 2092 954 2148 quae
1006 2077 1101 2147 Pauli,
1114 2077 1337 2146 Viti,ianuarii,
1351 2077 1499 2132 Hermetis
1508 2080 1537 2131 et
1546 2077 1747 2150 Quadraginta
1761 2094 1818 2132 mar·

122 2171 190 2241 ejus
203 2173 267 2239 apta
280 2170 382 2222 assent
397 2167 606 2235 pulchritudIni
626 2181 811 2236 comparare.
1009 2167 1115 2236 tyrum.
1127 2165 1286 2220 Enimvero
1297 2168 1384 2219 tantae
1399 2166 1477 2237 apud
1493 2166 1660 2220 Romanum
1673 2166 1817 2236 pontiiicen

157 2256 296 2312 Ecclesia
320 2255 350 2309 S.
368 2255 497 2309 Martini
516 2256 710 2309 construitur.
731 2254 904 2310 Dedicatur.
920 2284 955 2294 -
1010 2253 1184 2307 Desiderius
1199 2254 1382 2308 auctoritatis
1393 2254 1555 2308 habebatur
1575 2258 1603 2308 et
1619 2255 1734 2326 gratiae,
1750 2258 1782 2323 ut,
1796 2254 1817 2308 in

123 2344 243 2400 Christo
268 2343 358 2416 igitur
386 2344 470 2409 duce,
497 2344 593 2398 omnia
608 2343 676 2409 sibi,
692 2346 779 2412 prout
792 2345 954 2413 optaverat,
1011 2342 1237 2412 quibuscunque
1251 2341 1340 2395 veliet
1353 2342 1474 2412 proprio
1482 2345 1601 2413 pastore
1612 2342 1741 2397 viduatis
1751 2341 1820 2397 eccla·

124 2434 263 2488 evenisse
279 2431 544 2503 cognoscenshinc
558 2431 595 2484 ad
609 2432 766 2485 ecclesiam
783 2432 863 2486 Beati
879 2431 956 2484 Mar·
1012 2430 1066 2484 siis
1094 2429 1142 2483 vel
1157 2429 1312 2498 caenobiis,
1324 2429 1406 2500 juris
1427 2432 1454 2485 ei
1468 2434 1551 2485 esset
1565 2431 1631 2485 suis
1647 2446 1685 2485 ex
1701 2430 1816 2486 iratribus

125 2521 189 2589 tini,
206 2536 272 2591 quae
283 2519 346 2574 sola
356 2519 486 2589 ierejam
498 2519 573 2574 intra
585 2520 905 2575 monasteriiambitum
920 2519 955 2573 de
1012 2519 1170 2588 episcopos
1180 2517 1360 2572 substituere
1375 2518 1421 2572 vel
1436 2517 1570 2574 abbates.
1587 2519 1656 2574 Non
1670 2520 1759 2575 multa
1770 2520 1817 2589 pasl
1858 2536 1860 2581 i

126 2607 278 2663 veteribus
289 2604 423 2662 aedificiis
440 2611 631 2675 remanserat,
652 2608 850 2662 renovandam
864 2611 957 2662 totum
1013 2607 1077 2660 haee
1092 2607 1233 2676 temporis
1250 2606 1377 2676 evoluto,
1390 2606 1531 2662 aediculas
1546 2622 1666 2679 quoque
1679 2608 1815 2679 ilias,quas

129 2712 181 2752 eor
195 2696 368 2750 Desiderius
375 2695 471 2749 vertit.
482 2694 583 2748 Diruta
589 2711 715 2766 namque
724 2696 815 2765 priori
821 2695 847 2766 ej
853 2695 957 2750 usdem
1012 2695 1106 2751 instar
1125 2695 1250 2749 turrium
1264 2694 1295 2748 in
1305 2695 1373 2749 atrii
1384 2694 1513 2750 diximus
1527 2697 1647 2768 anguiis
1656 2697 1816 2763 constitutas,

128 2785 211 2840 Beati
226 2784 343 2837 Martini
366 2783 498 2853 basilica,
514 2783 662 2854 jactisque
677 2785 706 2837 in
722 2784 832 2839 Christi
843 2784 959 2839 nomine
1013 2783 1134 2838 alteram
1158 2783 1194 2838 ab
1220 2783 1323 2837 eodem
1342 2784 1467 2854 leenae,
1485 2784 1637 2839 aiterama
1661 2786 1758 2841 Leone
1768 2784 1818 2839 lecit

130 2872 339 2941 fundamentis,
357 2871 747 2941 caepitejusdemeceiesiae
772 2871 916 2926 fabricam
930 2871 960 2926 in
1014 2873 1178 2943 Aquineusi
1207 2871 1348 2942 episcopo
1378 2888 1485 2944 magna
1500 2889 1566 2927 cum
1587 2874 1689 2929 laetitia
1704 2873 1816 2941 dedicari,

129 2959 961 3033 longitudinecubitorumtriumetquadragiuta,latitudi·
1015 2965 1119 3032 quarto
1136 2960 1205 3015 idus
1220 2961 1415 3031 Septembris.
1445 2961 1521 3017 Sane
1536 2963 1567 3016 in
1581 2963 1665 3017 altari
1691 2964 1766 3018 Beati
1783 2977 1817 3016 or-

130 3065 169 3104 ne
183 3049 287 3119 viginti
302 3051 329 3102 et
340 3051 416 3116 octo,
428 3047 580 3102 altitudine
594 3049 700 3120 viginti
715 3052 743 3103 et
758 3054 898 3120 quatuor;
916 3049 961 3102 ie·
1016 3049 1152 3121 changeii
1164 3048 1316 3103 Michaelis
1332 3049 1817 3120 reliquiascondiditsnuctorumiti·

131 3140 249 3192 nostras
260 3152 331 3191 varo
341 3136 377 3190 ab
388 3134 541 3191 unolatere
551 3152 666 3206 novem,
675 3137 711 3191 ab
721 3138 812 3191 altaro
824 3137 960 3206 totidem3
1016 3138 1118 3193 candri
1132 3141 1160 3191 et
1171 3137 1323 3209 Marciani,
1338 3137 1461 3192 ioannis
1477 3139 1606 3210 atPauli,
1620 3140 1688 3205 Viti,
1704 3135 1817 3194 Mercurii

131 3227 265 3297 porticus
281 3225 367 3280 etiam
383 3225 537 3295 utriusque
552 3225 681 3295 parietes
697 3226 727 3280 in
741 3225 892 3280 sexdecim
908 3241 962 3280 cu·
979 3191 1046 3282 Cet
1060 3226 1234 3295 (iatharinae,
1251 3229 1280 3280 et
1304 3226 1448 3281 vocabula
1477 3232 1647 3283 sanctornm
1666 3227 1816 3299 Apollinaris

132 3315 261 3370 bitorum
288 3313 439 3368 altitudine
467 3313 597 3384 erigens,
624 3313 764 3369 fenestris
781 3318 917 3385 quatuor,
934 3316 963 3368 et
1018 3315 1161 3387 episcopi,
1179 3314 1281 3369 Prothi
1296 3317 1325 3369 et
1340 3314 1507 3387 Hiaoiathi3
1522 3314 1804 3388 aitareveropriacip'

133 3407 259 3474 quatuor
274 3401 451 3470 totidemque
461 3399 498 3454 ab
512 3400 602 3455 altero
618 3401 762 3472 distinxit,
779 3406 807 3457 et
821 3403 887 3457 ilias
903 3403 964 3475 qui·

135 3493 201 3547 dem
217 3506 282 3562 quae
298 3491 327 3543 in
342 3489 408 3542 navi
424 3489 635 3558 sunt,p1umbo
651 3491 739 3544 simul
755 3496 783 3546 et
792 3493 869 3546 vitro
885 3507 964 3546 com·

134 3577 230 3650 pactis
246 3575 353 3630 tabuiis
371 3575 450 3629 forro
465 3575 565 3646 ligatis
580 3576 708 3631 inclusit.
726 3577 758 3632 In
779 3577 963 3649 frontispicio

135 3681 225 3738 porro
240 3663 375 3736 ejusdem
387 3663 522 3718 ccclesiae
533 3664 680 3720 fenestras
695 3667 766 3735 tres,
784 3683 817 3721 ac
832 3683 919 3722 unam
935 3668 966 3724 in

136 3753 241 3810 absida
260 3752 458 3822 distinguens,
476 3752 581 3807 similis
593 3754 710 3809 decoris
723 3757 833 3825 patrari
847 3758 964 3813 mauda-

135 3843 187 3898 vit.
204 3841 273 3896 ilias
298 3845 394 3896 autem
418 3857 484 3911 quae
512 3843 542 3894 in
557 3842 719 3910 porticibus
742 3848 820 3914 sunt,
835 3861 965 3916 gypseas

135 3931 263 4004 quidem,
280 3931 343 4000 pari
352 3931 717 3986 vcrodecoreconstruxit.
728 3923 964 3991 Columnasvero

135 4035 242 4074 novem
265 4018 301 4072 ab
318 4035 374 4072 uno
398 4019 498 4087 latere,
511 4019 690 4090 totidemque
701 4021 737 4074 ab
752 4022 844 4077 aliero
860 4024 962 4079 crexit.

135 4107 230 4162 Secus
257 4107 352 4178 ipsam
381 4123 498 4178 quoque
514 4107 671 4162 ecclesiam
695 4114 815 4164 curvato
840 4113 962 4183 pariete,

135 4196 257 4251 brevem
272 4196 390 4267 quidem
407 4196 459 4251 sed
474 4196 682 4266 perpulchram
697 4197 825 4276 domum,
840 4199 964 4270 adejus·

137 4285 203 4339 dem
232 4285 367 4340 ecclesiae
394 4285 589 4340 ministerium
614 4288 789 4342 construxit.
811 4286 965 4345 Caneeilos

135 4389 207 4429 vero
220 4373 353 4444 lapideos
363 4377 430 4427 ante
442 4373 523 4427 Beati
542 4374 659 4428 Martini
673 4375 808 4431 altarium
824 4377 965 4436 mirificos

134 4462 245 4533 patrari
260 4461 346 4530 iecit,
363 4462 496 4515 absidam
511 4464 608 4516 autem
622 4464 965 4522 musivodecenterves-

1017 3403 1219 3473 apostanrum
1228 3403 1816 3475 LeoAqninensisepiscopusdivinononi

1019 3493 1060 3563 ni,
1075 3493 1141 3563 ipso
1157 3491 1264 3547 domno
1275 3491 1380 3548 abbate
1390 3493 1816 3566 omniumqueiratrumpresea·

1019 3586 1047 3637 te
1062 3585 1218 3650 conventu,
1235 3597 1302 3636 cum
1316 3597 1424 3654 magna
1443 3582 1545 3637 laetitia
1566 3586 1594 3637 et
1616 3583 1764 3639 devotione
1779 3595 1812 3636 aa·

1021 3672 1122 3725 crevit.
1139 3670 1172 3723 In
1187 3670 1291 3724 eodem
1306 3685 1379 3724 vero
1389 3671 1492 3726 altario
1508 3671 1669 3728 reconditae
1689 3676 1755 3728 sunt
1768 3667 1816 3724 rei·

1021 3761 1098 3831 quite
1113 3761 1196 3813 istae:
1214 3759 1249 3813 de
1260 3758 1390 3829 quinque
1404 3759 1531 3830 panibus
1544 3758 1730 3831 hordeaceis,
1738 3765 1762 3816 et
1769 3772 1816 3813 san·

1022 3851 1135 3904 ciorum
1151 3847 1447 3918 apostolorumPetri,
1458 3848 1597 3919 Matthaei,
1607 3850 1722 3920 iacobi,
1732 3843 1817 3904 Naeuii

1021 3941 1049 3993 et
1063 3938 1152 4004 Celsi,
1169 3937 1311 4004 ianuarii,
1324 3935 1503 3991 Felicissimi
1517 3943 1546 3992 et
1560 3939 1690 4011 Agapiti,
1702 3937 1787 4010 Sergii
1800 3934 1818 3986 tl

1021 4027 1140 4094 Bacchi,
1162 4025 1304 4081 Nicandri
1320 4030 1348 4080 et
1374 4026 1523 4097 Marciani,
1549 4028 1674 4098 Aurelii,
1713 4020 1818 4083 Primii,

1020 4116 1171 4169 Fortunati
1187 4120 1215 4170 et
1235 4114 1469 4185 sociorumejus,
1486 4119 1515 4169 et
1528 4115 1819 4172 devesnmentismun

1019 4219 1201 4333 pueqqqqrqb
1215 4276 1438 4346 auctorisscopo
1452 4275 1549 4330 aliena
1560 4270 1821 4335 omittantur-itu

1021 4381 1110 4437 usqne
1125 4366 1184 4419 Leo
1197 4364 1578 4419 MarsicannsGassincnse
1591 4365 1819 4435 coronicnnper·

1020 4454 1114 4508 duxit.
1133 4453 1202 4518 Quae
1219 4469 1289 4508 vero
1304 4460 1476 4525 sequuntur,
1492 4469 1508 4508 a
1523 4453 1619 4509 Petro
1634 4446 1823 4511 Diaconoadlt'·

134 4551 209 4620 tivit,
225 4550 255 4604 in
270 4566 328 4621 qua
343 4550 429 4604 etiam
444 4551 544 4604 aureis
558 4550 665 4606 litteris
695 4551 751 4607 hos
774 4569 882 4610 versus
898 4538 1007 4611 des-D
1022 4547 1049 4596 Μ
1065 4547 1143 4611 stult,
1162 4545 1192 4594 til
1206 4542 1331 4612 ipsemet
1347 4546 1507 4596 altestatur
1521 4544 1553 4597 1'11
1568 4542 1700 4615 Prologo
1712 4540 1779 4598 libri
1791 4550 1819 4600 n,
1858 4558 1860 4567 ·

135 4639 210 4695 ccibi
225 4638 311 4693 iecit:

136 4763 273 4819 Cultibus
284 4765 446 4818 exstiterat
469 4764 611 4835 quondam
625 4764 707 4821 iocus
725 4768 784 4822 iste
814 4768 930 4824 dicatus

133 4853 324 4922 Doemonicis,
342 4853 430 4924 inque
444 4852 499 4907 hoc
515 4854 621 4925 templo
634 4862 793 4911 veneratus
814 4857 928 4928 Apollo.

136 4940 217 5006 Quod
231 4942 327 4997 Pater
347 4941 403 4996 huc
425 4957 593 5013 properans
615 4944 797 5000 Benedictus
817 4947 847 5000 in
871 4947 965 5001 omni-

821 5035 967 5108 {potentis

137 5152 240 5208 Vertit
256 5154 366 5211 honore
377 5156 443 5224 Dei,
460 5156 587 5210 rilartini
602 5162 631 5211 et
648 5159 763 5214 nomine
791 5163 898 5216 sancti.

137 5239 199 5295 Hoc
214 5242 392 5299 Desiderins
404 5251 471 5316 post
486 5252 602 5300 centum
621 5245 717 5301 lustra
737 5257 893 5304 vetustum.

134 5326 323 5401 Parvumqae
338 5335 459 5402 evertit,
480 5336 649 5404 renovarit,
678 5336 801 5407 compsit
823 5342 852 5391 ct
872 5340 964 5393 auxit.

134 5415 200 5471 lam
226 5433 298 5471 vero
322 5420 419 5489 ipsius
439 5422 575 5478 ccclesiae
596 5422 795 5492 pavimentum
819 5441 906 5495 quam
929 5427 967 5482 sit

136 5506 341 5576 conspicuum,
354 5524 440 5578 quam
452 5512 622 5581 speciosum
632 5527 666 5567 ac
683 5512 869 5568 diversorum
886 5531 967 5569 mar·

134 5595 965 5677 morummuitipiicitateconstratum,ocuiisomniumpa·

132 5684 184 5747 tet.
196 5683 342 5762 Legivum
357 5700 475 5760 quoque
485 5689 728 5765 pulcherrimum,
741 5706 812 5749 auro
822 5695 908 5768 atque
917 5711 965 5754 co·

1021 4646 1103 4703 quem
1130 4629 1285 4702 Raynaido
1311 4629 1415 4685 abbati
1433 4631 1633 4703 nuncuparit3
1649 4631 1705 4687 scd
1719 4646 1775 4686 cun
1786 4620 1822 4678 lllt

1020 4719 1109 4774 muita
1121 4718 1336 4774 interseruerit
1352 4734 1417 4790 quia
1430 4718 1469 4773 ad
1476 4717 1686 4775 illustrandam
1695 4709 1820 4775 Desinant

1028 4806 1120 4861 Vitam
1145 4822 1202 4861 non
1224 4807 1362 4877 attinent,
1393 4821 1426 4861 ea
1442 4805 1621 4863 solummodo
1636 4808 1769 4878 deinceps
1784 4800 1825 4854 itt

1020 4897 1209 4968 proferemus
1232 4911 1297 4967 quae
1311 4895 1348 4950 ad
1366 4911 1430 4950 rem
1441 4901 1573 4950 nostram
1587 4895 1711 4967 facient,
1724 4885 1821 4951 coewill

1022 4983 1151 5040 omissis.
1177 4983 1211 5038 In
1241 4984 1335 5056 capite
1359 4983 1394 5038 35
1412 4985 1473 5056 agit
1501 4984 1538 5039 de
1559 4979 1819 5055 Aibericqaitno

1020 5073 1127 5128 Amata
1156 5078 1184 5127 et
1215 5071 1409 5128 Constantino
1422 5071 1509 5143 Atro,
1525 5073 1823 5130 monacbisGassintt·

1022 5162 1116 5232 sibus,
1147 5176 1266 5233 quorum
1291 5161 1425 5232 opuscula
1454 5169 1609 5229 recenses
1633 5179 1699 5236 quoe
1720 5149 1819 5217 inanit

1023 5250 1154 5322 ejusdcm
1170 5250 1301 5314 auctoris
1314 5249 1417 5304 libello
1431 5249 1475 5304 De
1501 5251 1578 5305 viris
1592 5251 1760 5309 illustribus
1773 5245 1818 5302 (Μ’

1022 5338 1196 5393 sincnsibns
1210 5337 1308 5392 videri
1318 5344 1453 5409 possunt.

1058 5426 1823 5498 Alexanderpapasancmredditdoenoniacrn,etnt
1858 5444 1860 5451 ·

1022 5514 1822 5588 nascerioprivtiepiaconcedit—Sequentiamponu

1021 5605 1175 5676 pradictus
1189 5620 1264 5675 papa
1276 5603 1454 5674 hiexander,
1469 5604 1583 5661 Urbem
1592 5607 1760 5679 egrediens,
1772 5589 1824 5656 null

1022 5695 1059 5752 ad
1087 5694 1144 5752 hoc
1167 5693 1389 5752 monasterium.
1416 5691 1472 5764 Qui
1485 5707 1504 5750 a
1518 5693 1677 5756 Desiderio
1692 5687 1825 5756 honoriltt
