3908 6112
109 343 172 406 429

924 339 1025 399 VITA

1777 343 1837 406 430

109 542 178 596 loca
195 541 232 594 ad
247 539 700 610 celebrandasQundragesimas
716 538 823 607 exibat,
837 542 865 592 et
880 519 985 591 tunel
1009 541 1065 592 tem
1083 538 1117 591 nd
1130 537 1238 591 victum
1249 539 1306 592 nisi
1322 539 1552 595 subcinericium
1568 560 1672 613 panem
1686 550 1715 600 et
1729 562 1834 618 aquam

111 627 948 700 orationibus,jejuniis,vigiliiS,flexionibussesesupra

112 718 236 773 modum
251 716 428 772 macerabat.

149 844 176 896 5.
195 842 339 896 Paridem
354 844 471 912 tempus
486 847 633 912 praecepto
644 842 737 895 sancti
754 840 948 909 patrisnostri

109 947 197 1002 papae
209 930 345 1001 Gregorii
356 931 484 1001 septimi,
495 932 522 985 et
534 930 608 984 trina
624 929 817 1000 persuasione
829 944 949 983 venera

109 1019 184 1074 bilis
200 1019 262 1073 viri
272 1018 388 1073 abbatis
397 1019 443 1073 sui
456 1019 603 1091 lingonis,
613 1018 784 1088 Hispaniam
795 1018 831 1071 ad
846 1016 949 1087 praedi·

111 1108 241 1163 candum
251 1106 426 1162 sarracenis
442 1108 600 1178 ingressus
615 1110 671 1162 est.
693 1106 750 1160 Ubi
765 1108 802 1160 ad
817 1106 948 1176 probau-

110 1196 180 1250 dam
195 1195 404 1250 certitudinem
420 1195 487 1249 adei
498 1195 745 1264 Christianorum,
759 1201 786 1248 et
801 1195 837 1248 ad
853 1195 948 1248 eradi-

110 1283 238 1339 candam
260 1282 444 1338 crudelitatis
469 1283 606 1337 duritiam
628 1284 875 1351 Sarracenerum,
896 1300 950 1353 per

110 1372 381 1444 rogumardentem
390 1375 458 1441 post
468 1373 613 1426 celebrata
624 1373 784 1426 missarum
794 1372 947 1438 solemnia,

111 1460 353 1530 transireveluit3
365 1461 418 1515 sed
430 1459 585 1515 Sarraceni
597 1462 756 1515 conditioni
767 1461 793 1532 ej
798 1478 834 1515 us
845 1461 949 1516 nolue-

1006 625 1185 696 requircbat,
1199 641 1265 695 qum
1277 632 1387 682 tantum
1399 630 1455 682 sub
1467 646 1638 699 mensurna
1648 633 1737 688 fratre
1748 652 1835 707 quem

1006 716 1063 768 sub
1080 717 1176 769 monte
1193 715 1360 786 reliquerat,
1372 717 1544 787 accipiebat.
1556 718 1627 773 Cum
1642 724 1776 776 antemio
1789 725 1835 778 his

1006 804 1209 858 demoraretur
1223 808 1252 859 et
1267 805 1325 858 vita
1341 805 1407 876 ejus
1430 807 1659 878 circumquaque
1674 809 1834 881 audiretur,

1007 898 1158 963 eoeperunt
1174 892 1254 946 multi
1270 894 1351 947 adire
1366 910 1443 962 cum,
1455 900 1483 949 et
1497 895 1578 949 multi
1594 897 1629 950 ad
1645 912 1712 951 eum
1728 914 1834 954 conve-

1007 983 1080 1049 nire,
1092 985 1124 1035 ut
1135 983 1257 1036 verbum
1274 983 1342 1036 ritae
1357 983 1393 1036 ab
1409 999 1443 1038 eo
1468 985 1611 1051 audirent,
1628 988 1656 1039 et
1666 985 1755 1040 vitam
1766 987 1833 1057 ejus

1006 1087 1092 1141 quam
1100 1070 1442 1126 mirabiliterdeducebat
1450 1077 1676 1144 cognoscerent,
1685 1091 1835 1147 eumquea

1006 1175 1065 1231 quo
1074 1161 1173 1213 divino
1185 1160 1757 1232 pabulorefeciilabanturtcmporaiibus
1770 1182 1835 1220 sus·

1005 1252 1160 1302 tentarent.
1174 1248 1230 1303 Sed
1241 1249 1287 1302 vir
1298 1249 1348 1302 Dei
1360 1250 1432 1303 nibil
1444 1267 1570 1318 prorsus
1586 1253 1621 1305 ab
1638 1252 1681 1306 eis
1696 1254 1732 1307 ad
1749 1270 1835 1309 usum

1007 1338 1141 1407 corporis
1152 1337 1322 1406 accipiebat,
1333 1337 1502 1409 invitari[f.‚
1516 1339 1641 1411 divitari]
1658 1344 1735 1395 enim
1749 1359 1764 1396 a
1780 1360 1835 1413 po-

1006 1427 1075 1496 pulo
1091 1442 1148 1480 non
1165 1426 1323 1496 quaerebat,
1338 1429 1387 1498 qui
1404 1428 1489 1480 etiam
1507 1428 1542 1482 de
1559 1428 1719 1501 Evangelio
1733 1432 1834 1486 vivere

1007 1515 1174 1569 recusabat.
1191 1513 1338 1585 Quidquid
1359 1533 1431 1587 ergo
1457 1515 1642 1582 offerebatur,
1661 1536 1714 1588 per
1730 1536 1835 1575 manus

111 1553 181 1604 runt
196 1548 547 1621 acquiescere,ridelicet
556 1549 583 1604 si
594 1549 662 1603 hinc
674 1550 788 1604 illaesus
798 1549 948 1620 transiret,

112 1639 147 1692 ad
165 1638 307 1708 baptismi
322 1639 446 1710 gratiam
460 1639 664 1710 confugerent.
675 1637 733 1692 Sed
749 1654 815 1693 cum
832 1654 847 1691 a
864 1638 948 1692 eoeci·
974 1692 977 1698 ,

113 1730 172 1783 tate
186 1731 217 1781 et
232 1726 342 1780 duritia
357 1726 456 1782 cordis
471 1726 519 1781 sui
535 1727 594 1781 ullo
615 1727 700 1781 medo
716 1727 812 1781 redire
828 1726 948 1796 nollent,

113 1831 248 1870 excusso
263 1814 387 1886 pulvere
401 1813 508 1886 pedum
525 1815 553 1868 in
568 1815 636 1869 illos
648 1815 677 1868 in
692 1816 901 1883 testimonium,
914 1815 949 1867 ad
1042 1811 1069 1867 7.
1082 1814 1138 1867 Sed
1155 1814 1231 1866 inter
1245 1812 1319 1881 hace,
1333 1830 1398 1866 cum
1415 1815 1471 1868 soti
1488 1816 1548 1869 Deo
1560 1816 1677 1884 placere
1689 1824 1837 1887 quaereret

113 1905 329 1959 monasterium
339 1920 426 1958 suum
435 1919 597 1976 regressus
606 1907 662 1958 est.
671 1904 791 1958 Pactum
801 1907 950 1958 estautem
968 1889 993 1951 Β
1007 1904 1035 1955 et
1049 1901 1085 1954 ad
1102 1902 1158 1955 hoc
1168 1906 1226 1955 telo
1238 1903 1344 1956 mentis
1363 1902 1468 1958 ardore
1479 1904 1628 1976 flagraret,
1638 1907 1777 1977 antiquus
1789 1907 1836 1961 illc

1006 1603 1199 1673 quorumdam
1225 1604 1347 1658 fratrum
1371 1606 1513 1675 erogabat
1536 1608 1735 1679 pauperibus,
1760 1625 1835 1679 quos

1007 1693 1094 1745 bonoe
1104 1692 1171 1746 vitae
1187 1692 1397 1762 cognoscebat,
1407 1699 1434 1746 et
1446 1694 1481 1746 ad
1493 1694 1548 1747 hoe
1559 1695 1683 1749 idoneos
1699 1696 1834 1751 ducebat.

114 1996 184 2065 pest
193 1993 419 2065 regressionem
428 1992 506 2064 ejus,
515 1993 648 2047 revoluto
660 1993 805 2063 septennii
817 1992 878 2046 fere
888 2008 952 2062 spa-

114 2082 167 2151 tio,
179 2086 210 2136 ut
220 2082 404 2158 venerabilis
415 2082 508 2136 abbas
519 2081 555 2136 ad
567 2082 802 2136 exhortationem
813 2096 950 2152 quorum-

115 2170 184 2225 dam
197 2170 336 2236 fratrum,
351 2148 495 2224 faicorum
512 2172 540 2224 ct
555 2170 707 2239 nobilium,
721 2170 749 2224 in
764 2169 949 2240 Aquitaniam

117 2259 206 2314 veliet
221 2259 319 2325 exire,
341 2258 393 2329 qui
414 2258 617 2313 renuntiantes
632 2258 740 2313 mundo
761 2260 797 2313 ad
820 2259 950 2312 habitum

116 2347 333 2403 monachorum
348 2347 486 2402 velebant
507 2348 619 2402 venire.
637 2347 720 2402 Unde
735 2347 844 2402 factum
861 2350 906 2401 est
921 2352 952 2402 ut

115 2438 214 2491 virum
222 2437 276 2492 Dei
288 2436 479 2491 Anastasium
495 2451 597 2491 secum
613 2436 750 2506 duceret,
762 2437 912 2491 eratenim
923 2437 952 2489 in

116 2526 257 2581 omnibus
279 2524 390 2579 divinis
404 2523 567 2593 Scripturis
583 2525 705 2594 peritus,
722 2528 750 2578 et
767 2525 796 2578 in
812 2525 952 2579 exhorta-

116 2616 196 2670 tione
208 2616 237 2668 et
250 2613 446 2668 aedificatione
463 2613 584 2666 fratrum
596 2612 722 2668 validus.
739 2611 870 2684 Cumque
886 2630 953 2683 par·

118 2706 178 2759 tem
193 2717 330 2774 magnam
346 2701 511 2772 Aquitaniae
537 2701 720 2755 exhortando
742 2701 850 2756 fratres
865 2717 953 2772 pera-

119 2788 617 2865 gramanatandemin'lolosanum
627 2794 952 2862 pagumpervenerunt,

119 2880 171 2935 ubi
181 2880 318 2934 comitem
329 2878 481 2950 Appamiae
496 2877 595 2948 oppidi
610 2893 677 2932 cum
694 2894 785 2933 uxore
796 2883 824 2933 et
837 2879 906 2933 filiis
918 2880 954 2933 ad

121 2968 378 3024 conversationem
387 2967 543 3021 monastici
554 2967 667 3021 ordinis
680 2968 849 3037 suscepturi
860 2971 952 3021 erant.

123 3057 186 3113 lam
207 3058 328 3111 interim
348 3070 465 3127 quoque
487 3056 615 3110 instabat
629 3060 746 3125 tempus
765 3072 823 3127 que
838 3057 884 3108 vir
902 3056 955 3110 Dei

124 3146 300 3201 Anastasius
316 3146 345 3199 in
359 3144 571 3200 solitudinibus
590 3145 637 3198 vei
657 3146 687 3197 in
707 3145 865 3214 praeruptis
880 3145 955 3198 locis

1007 1992 1102 2046 hostis
1115 1991 1220 2045 artifex
1231 1991 1565 2059 nocendi,adversarius
1577 1995 1696 2048 humani
1705 1996 1835 2066 generis,

1007 2082 1096 2150 coepit
1115 2080 1201 2133 bonis
1220 2080 1286 2150 ejus
1309 2081 1424 2134 actibus
1439 2081 1582 2150 invidere,
1598 2087 1625 2137 et
1641 2084 1687 2137 die
1702 2100 1736 2138 ac
1752 2087 1837 2139 nocte

1010 2171 1105 2224 locum
1121 2168 1305 2222 subintrandi
1321 2169 1356 2221 ad
1373 2170 1537 2224 nocendum
1549 2171 1758 2241 quaerereSed
1771 2189 1837 2227 cum

1009 2260 1080 2313 nihil
1097 2258 1215 2312 omnino
1232 2258 1377 2311 inveniret
1392 2257 1469 2328 quod
1486 2260 1514 2311 in
1532 2258 1598 2328 ejus
1614 2260 1728 2314 actibus
1740 2261 1836 2315 subri-

1007 2364 1078 2419 pere
1094 2351 1207 2417 posset,
1218 2347 1385 2416 nullamque
1398 2347 1426 2399 in
1438 2362 1502 2400 cum
1514 2347 1687 2415 potestatem
1702 2349 1834 2418 haberet,

1008 2434 1388 2504 machinabaturquomodo
1404 2434 1508 2488 saltem
1523 2435 1558 2488 de
1574 2437 1647 2489 ceila
1662 2452 1728 2490 eum
1739 2438 1836 2506 expel-

1008 2525 1220 2580 leret.Faetum
1238 2527 1283 2577 cst
1298 2539 1381 2594 ergo,
1401 2540 1467 2576 eum
1486 2525 1609 2593 quadam
1627 2525 1673 2578 die
1689 2527 1756 2594 post
1770 2526 1837 2579 fini-

1007 2620 1066 2669 tam
1083 2614 1245 2668 orationem
1261 2613 1305 2666 vir
1322 2612 1374 2666 Dei
1389 2613 1565 2666 Anastasius
1581 2613 1685 2667 cellula
1695 2615 1797 2684 exiret,
1810 2619 1839 2669 et

1009 2709 1090 2758 extra
1098 2719 1165 2758 eum
1176 2703 1292 2756 duobus
1305 2701 1446 2755 fratribus
1457 2702 1506 2772 qui
1519 2702 1553 2755 ad
1564 2718 1632 2756 eum
1641 2705 1840 2758 convenerant

995 2793 1137 2859 sederet,
1148 2792 1244 2845 hostis
1258 2792 1398 2862 antiquus
1412 2790 1514 2859 adfuit,
1532 2795 1559 2844 et
1575 2793 1673 2863 ignem
1688 2793 1718 2846 in
1734 2793 1838 2847 ceilam

1008 2880 1075 2952 ejus
1091 2885 1119 2936 et
1139 2881 1168 2934 in
1189 2881 1296 2946 attare,
1312 2880 1389 2949 quod
1404 2880 1440 2932 ad
1456 2880 1636 2934 sacrificium
1657 2879 1839 2935 offerendum

1009 2972 1128 3038 fecerat,
1142 2970 1255 3039 posuit,
1277 2969 1330 3022 sed
1350 2969 1394 3022 rir
1409 2969 1461 3021 Dei
1477 2969 1728 3037 respiciens,cum
1739 2971 1838 3041 ignem

1009 3061 1131 3123 videret,
1143 3058 1267 3112 iusidias
1283 3057 1379 3110 hostis
1395 3056 1512 3110 nefandi
1526 3057 1655 3127 agnovit.
1669 3057 1752 3110 Unde
1768 3074 1838 3111 sur-

1010 3165 1086 3220 gens
1097 3153 1124 3202 et
1137 3164 1231 3216 usque
1243 3147 1277 3199 ad
1290 3146 1393 3200 celiam
1408 3145 1543 3213 tendens,
1556 3145 1634 3198 hosti
1645 3149 1676 3199 ut
1686 3146 1839 3200 recederet

125 3233 385 3307 Quadragesimam
403 3233 555 3287 celebrare
567 3237 778 3303 consueverat,
794 3233 872 3287 unde
888 3249 953 3286 eum
973 3237 1197 3308 (jpraerepitmt
1208 3236 1327 3306 signum
1344 3235 1442 3288 crucis
1458 3235 1595 3302 opposuit
1611 3234 1682 3304 igni.
1695 3235 1739 3288 Ad
1751 3235 1839 3305 cujus

130 3322 403 3378 multumsollieitus
412 3321 758 3391 esset,etdiesaeuoctes
768 3323 845 3391 apud
857 3337 889 3376 se
899 3326 955 3374 tra·
1010 3329 1191 3397 praeceptum
1214 3325 1308 3378 bostis
1330 3324 1470 3390 recessit,
1491 3329 1519 3375 et
1543 3323 1577 3375 ad
1603 3323 1722 3393 signum
1738 3326 1838 3378 crucis

131 3411 351 3482 claret,tandem
366 3410 517 3481 Ppreaeos
529 3414 643 3464 montes
655 3411 684 3464 in
695 3412 869 3482 propinquis
881 3411 955 3465 sitos
1010 3417 1176 3473 exstinctus
1193 3418 1238 3468 est
1252 3414 1342 3484 ignis.
1362 3412 1445 3475 Quod
1470 3426 1536 3464 cum
1558 3412 1687 3465 auditum
1710 3413 1839 3465 circum-

133 3501 230 3555 adhoc
245 3500 338 3572 0108st
351 3499 486 3568 id01¹008‚
504 3499 554 3552 ubi
570 3501 598 3553 θῑ
611 3499 860 3571 01111111113118111113
876 3500 955 3553 0⁰¹0·
1011 3522 1126 3579 quaque
1144 3505 1314 3570 referretur,
1329 3508 1397 3555 tune
1413 3502 1538 3554 maxime
1555 3501 1839 3570 superuacaneum

135 3589 231 3658 braret,
242 3593 271 3645 et
285 3590 355 3644 vitae
371 3587 530 3642 eremitieae
545 3587 582 3640 ad
597 3592 712 3657 tempus
723 3593 849 3643 vacaret.
862 3588 956 3658 Cipus
1010 3596 1159 3667 indigenae
1175 3595 1236 3647 fere
1251 3608 1355 3647 omnes
1365 3593 1532 3652 convenire,
1546 3595 1574 3644 et
1584 3591 1708 3644 orationi
1723 3589 1790 3662 ejus
1806 3605 1840 3644 se

139 3679 264 3746 aramus
278 3676 384 3746 abbas,
395 3676 462 3747 quia
474 3677 599 3732 baculus
615 3681 643 3731 et
658 3677 888 3747 quasicolumna
900 3693 956 3732 οω-
1011 3683 1227 3750 commendare,
1245 3683 1280 3735 do
1296 3681 1467 3735 conrasas
1483 3680 1569 3734 etiam
1589 3681 1625 3732 ab
1651 3695 1685 3734 eo
1706 3695 1840 3751 quarere

141 3769 256 3822 urorum
270 3766 395 3821 fratrum
412 3768 487 3835 orat,
513 3766 623 3820 invitus
645 3781 804 3820 assensum
820 3766 954 3836 praebuit.
1011 3774 1226 3843 poenitentiam
1244 3770 1305 3823 sero
1320 3770 1397 3823 enim
1413 3784 1464 3838 per
1486 3770 1643 3822 triennium
1658 3784 1716 3839 quo
1733 3769 1840 3822 mansit

142 3851 186 3908 Sed
198 3857 267 3928 quia
282 3855 485 3929 cognoscebat
496 3855 691 3910 constantiam
706 3854 773 3925 ejus
790 3855 818 3908 in
833 3855 956 3909 servitio
1011 3862 1039 3914 in
1055 3876 1165 3927 eremo,
1182 3862 1223 3913 tot
1237 3859 1273 3911 ad
1288 3874 1354 3912 eum
1370 3859 1596 3924 concurrebant,
1614 3857 1692 3926 qued
1707 3856 1839 3926 plerum-

144 3938 191 4014 ⁰05,
200 3945 312 4000 1101111111
322 3946 422 3998 votum
437 3942 556 3998 nolebat
569 3944 689 3997 morari·
703 3942 829 3997 0111101118
841 3959 913 4014 ergo
930 3947 958 3997 el
1012 3967 1068 4022 que
1084 3966 1188 4004 omnes
1204 3952 1319 4001 montes
1339 3946 1368 3999 iu
1389 3945 1512 3999 circuitu
1533 3945 1628 3999 cercis
1649 3945 1840 4014 resplendere
1937 3946 1943 3954 “

147 4031 220 4088 tristis
229 4033 382 4089 concessit
392 4033 470 4103 quod
481 4032 608 4101 petebat.
618 4031 690 4086 Cum
700 4047 771 4087 vero
783 4032 957 4087 adinvicem
1011 4041 1196 4106 videbantur,
1211 4037 1260 4106 qui
1276 4040 1342 4088 anie
1357 4034 1459 4088 cellam
1477 4034 1543 4104 ejus
1559 4050 1575 4086 a
1591 4034 1778 4088 venientibus
1793 4050 1842 4089 ἃς.

148 4117 351 4191 descenderent,
368 4121 547 4176 venerabilis
567 4123 614 4175 vir
632 4122 725 4176 abbas
740 4122 830 4191 flens,
848 4125 876 4176 et
890 4137 956 4175 eum
1013 4129 1224 4186 pendebantur.
1250 4124 1334 4194 Saepe
1357 4123 1443 4176 otiam
1458 4123 1645 4175 venientibus
1669 4122 1784 4176 dixerat
1808 4138 1841 4176 se

148 4206 265 4282 ι1113111ἰῦ
275 4215 303 4266 θῑ
314 4210 497 4282 singultibus
507 4211 537 4262 111
548 4210 655 4265 collum
671 4210 738 4281 ejus
751 4227 850 4281 luens,
859 4211 957 4264 11111110·
1013 4233 1082 4274 essc
1094 4213 1288 4286 indignumad
1301 4211 1535 4282 quemvenirent.
1545 4225 1577 4263 se
1586 4225 1654 4262 esse
1666 4211 1842 4264 monachum

151 4299 254 4355 nobatut
268 4301 316 4355 sui
328 4302 542 4369 memorasset,
555 4315 608 4369 pro
620 4315 653 4353 se
665 4304 692 4353 et
703 4315 755 4369 pre
771 4301 888 4353 caeteris
900 4301 958 4352 fra-
1012 4324 1029 4361 a
1049 4322 1106 4376 quo
1128 4302 1327 4374 poenitenciam
1343 4301 1524 4369 quaererent,
1546 4302 1573 4351 et
1596 4314 1653 4351 non
1680 4298 1788 4352 habere
1808 4315 1842 4352 so

151 4386 222 4445 itibus
232 4389 309 4459 apud
319 4389 412 4442 Deum
427 4387 629 4457 interpellaret
642 4392 670 4442 et
685 4389 722 4442 ad
738 4390 870 4442 ultimum
882 4391 959 4441 vale·
1013 4395 1159 4449 licentiam
1175 4390 1364 4461 praedicandi,
1380 4405 1434 4443 nec
1449 4388 1625 4458 prenitentes
1642 4387 1842 4457 suscipiendi3

153 4471 241 4546 dicens,
253 4494 321 4533 eum
336 4478 457 4531 eaeteris
471 4477 614 4532 fratribus
629 4478 665 4531 ad
682 4479 894 4532 monasterium
910 4493 959 4531 rc·
1013 4484 1067 4538 sed
1083 4481 1151 4553 quid
1167 4481 1223 4534 laec
1248 4479 1397 4548 proderat,
1419 4492 1485 4530 cum
1510 4480 1605 4530 tamen
1621 4476 1842 4530 confestissime

155 4575 255 4630 pessus
269 4570 327 4622 est.
972 4603 999 4663 D
1013 4573 1158 4639 venirent,
1167 4575 1195 4623 et
1206 4568 1343 4638 lacrpmis
1354 4569 1381 4620 ct
1392 4566 1531 4635 precibus
1548 4582 1615 4619 oum
1630 4566 1666 4619 ad
1681 4566 1842 4633 praedican-

178 4688 198 4742 ὃ.
209 4693 260 4748 Vir
273 4694 366 4766 igitur
380 4693 432 4749 Dei
446 4693 635 4762 Anastasius,
654 4692 702 4762 qui
722 4693 778 4747 hoe
794 4693 890 4747 selum
907 4693 959 4745 de·
1000 4662 1082 4761 ,dum
1098 4658 1277 4713 mitatem?

158 4773 960 4852 tidembat‚utsuovotcsatisfacereposset,cummagno
1050 4783 1076 4836 8.
1093 4782 1150 4836 Sed
1166 4796 1232 4835 cum
1250 4775 1543 4847 Deuslaboremojus
1554 4775 1642 4828 vellet
1653 4787 1843 4826 remunerare

158 4868 409 4929 nudioadmontes
425 4871 482 4925 iter
496 4871 635 4940 arripuit3
651 4869 760 4941 quibus
776 4886 841 4925 cum
854 4886 961 4940 appro-
1015 4875 1043 4926 et
1055 4872 1090 4925 ab
1102 4868 1253 4941 ergastulo
1270 4867 1367 4920 caruis
1382 4881 1448 4920 eum
1465 4879 1600 4932 evocare,
1611 4866 1641 4915 ut
1656 4861 1751 4932 major
1763 4863 1844 4914 esset

76 4962 79 4968 ’
158 4950 295 5027 linqueret,
303 4962 332 5013 et
342 4958 661 5029 jam,nuiloobstaculo
671 4958 963 5027 intervenientc‚sin-
1016 4975 1135 5028 corona,
1148 4958 1239 5012 voluit
1254 4955 1442 5026 temporalem
1458 4953 1547 5007 vitam
1562 4952 1628 5022 ejus
1645 4950 1721 5004 finiri
1732 4949 1762 5003 in
1776 4951 1845 5004 obc-

76 5038 79 5058 '
158 5041 206 5107 luia
218 5046 280 5101 loca
294 5051 397 5102 notare
421 5051 540 5117 posset,
557 5053 685 5103 montem
700 5048 895 5117 altissimum,
913 5049 962 5120 qui
1017 5049 1133 5103 dientia.
1152 5046 1271 5100 Factum
1286 5049 1331 5098 est
1351 5059 1423 5114 ergo
1439 5046 1468 5095 ut
1484 5041 1530 5095 vir
1545 5040 1734 5109 venerabilis,
1752 5039 1844 5093 abbas

76 5131 82 5164 t
158 5127 288 5190 ibriseola
303 5136 467 5205 dicebatur,
477 5136 514 5190 ad
528 5135 717 5190 habitandum
734 5137 832 5206 elegit,
850 5137 918 5206 quia
933 5137 962 5189 in
1017 5133 1420 5206 supradictustlluniarensis
1431 5130 1577 5199 ecciesiae,
1589 5128 1845 5184 desiderioriden-

76 5230 82 5255 ³
157 5227 254 5290 apae
263 5241 319 5295 qua
330 5225 407 5279 situs
417 5227 488 5294 erat,
497 5240 588 5294 super
598 5225 672 5278 alios
684 5225 960 5280 monteseminebat.
1017 5226 1046 5280 di
1066 5226 1184 5279 fratrem
1200 5223 1348 5292 flagraret,
1364 5235 1430 5272 cum
1448 5221 1586 5288 quantum
1603 5216 1761 5287 praesentia
1777 5216 1845 5286 ejus

76 5307 84 5342 ⁵
156 5300 495 5386 ballomergoquodam
505 5312 812 5383 fratre,qucmseeum
826 5312 961 5382 babebat,
1016 5313 1158 5369 fratribus
1174 5308 1291 5365 caeteris
1307 5306 1476 5377 praestabat,
1490 5312 1688 5377 quantumque
1704 5307 1762 5359 vita
1778 5305 1846 5375 ejus

76 5468 85 5482 Ι
154 5393 179 5449 a
187 5399 297 5456 radices
306 5402 416 5456 montis
428 5400 590 5473 inquadam
601 5401 824 5470 ecclesia,solus
835 5405 964 5455 montem
1017 5420 1069 5458 eos
1087 5400 1286 5466 confirmabat,
1304 5399 1414 5450 lantum
1430 5395 1565 5465 ejusdem
1580 5395 1744 5448 absentiam
1758 5409 1846 5449 rece-

76 5536 86 5571 ἕ
152 5488 283 5560 neendit,
298 5489 378 5545 facto
393 5489 431 5543 de
446 5489 602 5544 frondibus
618 5489 691 5544 satis
707 5493 834 5561 angusto
850 5489 964 5544 babita—
1018 5493 1196 5564 gnosceret;
1217 5487 1294 5542 unde
1310 5485 1482 5556 hujusmodi
1503 5483 1658 5552 epistolam
1673 5498 1725 5552 per
1739 5497 1846 5537 manus

76 5606 83 5631 ι
149 5573 212 5646 ento,
225 5577 353 5635 stellari
367 5577 421 5634 ubi
435 5577 614 5634 sacrificium
638 5575 767 5633 offerret.
793 5577 875 5632 Tunc
890 5577 966 5632 inter
1018 5578 1211 5651 quorumdam
1225 5574 1381 5631 fratrumei
1391 5573 1509 5641 direxit,
1518 5587 1585 5644 quaa
1599 5587 1666 5626 eum
1680 5571 1717 5625 ad
1727 5586 1845 5626 monas·

76 5674 80 5706 2
148 5662 533 5740 nivesmiduasetfrigora
548 5666 609 5723 Deo
623 5665 965 5739 deserviebatjejuniis,
1019 5670 1123 5726 terium
1135 5667 1258 5722 fratrum
1268 5670 1443 5721 caeterorum
1455 5659 1846 5716 revocavitrDilectiseimo

146 5751 245 5833 carin
259 5759 289 5817 et
302 5755 492 5818 erationibus
502 5757 626 5814 multum
640 5757 813 5832 insistebat,
829 5755 901 5814 nibil
916 5772 966 5814 au·
1018 5758 1079 5818 illio
1088 5756 1255 5829 Anastasio,
1265 5755 1357 5813 frater
1372 5752 1461 5829 Ilugo
1476 5751 1624 5825 peccator,
1636 5746 1853 5816 sauromata
