3908 6112
109 293 170 358 o1e
627 288 660 351 S.
683 287 873 353 busseul
894 286 1098 352 LUGENSIS
1120 285 1326 350 urlscopl.

111 490 169 547 Sed
185 491 261 546 hanc
276 489 375 545 minus
391 491 527 561 reputent
542 487 655 545 Christi
671 487 792 543 inimici.

325 578 490 650 Imponitur
506 576 628 632 Christo
647 593 731 632 erun.

148 670 217 723 ltlcx
231 668 365 737 perversi
380 666 489 721 milites
505 681 623 720 crucem
640 668 839 732 assumentes,

113 757 184 812 Eam
200 771 291 826 super
305 755 462 809 humerum
478 755 592 809 Domini
604 756 774 824 possentes,

116 846 221 901 lesum
237 860 289 915 per
308 844 476 899 Jerusalem
491 842 602 897 ducunt
621 842 788 911 illudentes,

113 933 219 989 Crucis
235 932 426 1005 ignominiam
443 933 558 985 cunctis
574 931 776 985 ostendentes.

151 1021 237 1076 Nunc
251 1021 378 1090 attende,
388 1019 494 1088 anima,
511 1017 616 1074 lesum
627 1016 715 1074 nimie
732 1019 859 1090 gratum,

114 1109 202 1183 Ligni
218 1108 317 1164 crucis
332 1107 463 1179 pondere
478 1122 531 1178 pro
547 1111 576 1162 te
591 1110 755 1178 oneratum,

113 1199 276 1253 Delicatum
293 1197 448 1261 humerum
464 1195 544 1251 scias
561 1196 759 1267 vulneratum,

115 1285 151 1342 Et
165 1286 270 1343 lesum
284 1301 301 1339 a
315 1283 423 1356 populo
439 1300 532 1355 pravo
547 1284 773 1340 subsannatum.

310 1373 486 1430 Portentem
507 1371 594 1427 turbe
610 1374 756 1446 sequitur.

150 1460 236 1519 Heul
253 1463 337 1534 lesu,
353 1461 511 1518 considere
527 1477 590 1517 rem
604 1461 693 1516 nimis
708 1460 874 1532 molestam,

116 1552 246 1609 Turbam
257 1552 310 1606 tihi
325 1551 488 1622 proximam
504 1550 628 1605 militnm
644 1549 793 1622 infestam,

116 1641 290 1698 ludaeorum
305 1639 432 1694 maxime
446 1638 553 1694 deinde
569 1638 739 1709 scelestam,

117 1731 290 1785 Amicorum
305 1743 321 1781 a
336 1727 425 1799 longe
441 1726 517 1782 ultre
534 1727 652 1782 alodum
661 1725 816 1782 moesteml

153 1813 238 1872 lleul
255 1817 334 1871 tanta
350 1817 506 1887 processio
521 1832 581 1872 non
596 1818 643 1872 est
661 1815 848 1872 laudabunda

116 1906 192 1961 Nam
206 1905 236 1959 in
249 1907 278 1960 te
293 1905 387 1976 prima
402 1920 474 1974 pers
489 1908 536 1959 est
549 1906 610 1959 tota
625 1903 829 1976 fremebunda,

117 1994 175 2049 Sed
186 1992 275 2066 pejor
288 1997 334 2048 est
349 1993 442 2048 altera
462 1993 545 2065 quasi
562 1991 738 2049 furibunda!

43 2134 46 2139 .
121 2082 187 2139 Heu
203 2080 210 2138 i
230 2097 284 2154 pro
297 2085 324 2136 te
340 2085 387 2137 est
401 2082 555 2137 tertiatota
570 2080 775 2155 gemebunda!

349 2170 450 2225 Mater
464 2183 494 2226 et
504 2171 563 2243 piae
577 2171 730 2226 mulieres.

153 2259 248 2315 Mater
261 2258 372 2315 Christi
385 2259 491 2314 videns
506 2258 581 2329 haec,
598 2262 730 2315 tremens
744 2274 807 2331 prae
816 2257 918 2315 dolore

119 2348 209 2405 Irruit
223 2349 254 2403 in
268 2348 417 2402 tristitiam
428 2347 581 2402 morientis
598 2363 689 2419 mere,

117 2437 223 2493 Obuis
241 2437 298 2492 ista
313 2436 445 2491 casitans
460 2451 520 2491 non
535 2437 585 2490 llet
594 2453 656 2507 pree
672 2453 809 2508 moerore,

119 2526 205 2582 Certe
220 2525 309 2580 nimis
325 2525 417 2579 durus
429 2527 484 2594 est,
500 2525 547 2578 rel
563 2527 643 2580 caret
657 2523 771 2581 emeret

154 2614 214 2669 Sed
228 2629 350 2669 sorores
366 2612 498 2668 Dominae
513 2628 578 2667 eam
594 2615 792 2685 sustinentes,

122 2703 281 2758 Ambulant
295 2705 363 2773 post
378 2701 534 2757 Dominum
550 2702 816 2774 acriterlugentes,

122 2791 260 2863 Undique
272 2790 460 2861 conspiciunt
481 2790 585 2846 desum
599 2795 813 2862 persequentes

121 2881 258 2937 Clamosa
269 2879 434 2934 maleficum
448 2879 531 2934 illum
545 2881 777 2950 perstrepentes.

329 2985 472 3042 Christus
480 2984 623 3058 probibet
639 2985 750 3042 delum.

155 3076 238 3131 'lunc
252 3090 420 3132 conversus
436 3076 579 3130 Dominus
594 3075 683 3146 coepit
698 3075 858 3146 prohibere

120 3162 204 3220 Filiis
219 3165 388 3220 Jerusalem
403 3179 495 3234 super
508 3179 543 3219 se
557 3163 672 3237 lugere,

120 3252 180 3310 Sed
195 3253 307 3310 debere
322 3267 415 3324 snper
429 3268 463 3308 se
478 3256 507 3309 et
521 3268 614 3323 super
628 3268 701 3308 suos
715 3253 797 3326 llere,

118 3341 289 3398 Praedicens
299 3341 431 3397 beandas
448 3341 502 3396 has
517 3357 584 3413 quae
595 3357 654 3397 non
670 3357 811 3414 genuere.

154 3429 261 3501 cquis
277 3431 343 3485 sine
359 3431 472 3501 gemitu
487 3433 585 3501 potest
599 3430 744 3502 meditari,

119 3517 171 3588 Te,
189 3517 283 3590 Virgo
299 3532 456 3589 puerpera,
473 3519 518 3573 sic
534 3517 720 3590 angustiari!

124 3605 234 3660 Omnes
249 3605 408 3678 diligentes
422 3608 451 3661 te
466 3610 577 3661 tantmn
592 3606 758 3678 lacrymari,

124 3693 169 3748 ad
185 3693 284 3749 locum
303 3692 447 3749 Calveriae
461 3694 566 3749 desum
582 3695 627 3750 sic
648 3696 777 3752 tractari.

156 3781 179 3838 Ο
195 3782 288 3838 Meter
298 3797 502 3854 curproperns
519 3798 587 3838 cum
601 3783 676 3839 lesu
686 3785 724 3839 ad
739 3785 883 3841 crucem?

123 3870 264 3942 Nunquid
282 3871 329 3926 vis
344 3887 411 3927 cum
425 3869 500 3927 Filio
515 3872 574 3943 pati
588 3876 714 3929 mortem
727 3874 864 3930 trucem?

120 3959 186 4014 Heu
199 3957 204 4013 l
222 3959 273 4014 uhi
287 3961 390 4015 visura
405 3975 440 4016 es
456 3960 531 4016 mori
546 3960 631 4018 tudae
647 3962 764 4035 ducem,

122 4047 179 4114 Qui
194 4049 306 4103 creavit
320 4048 464 4105 cherubin
480 4065 572 4121 super
588 4065 690 4106 veram
709 4051 816 4108 lucem.

157 4136 260 4210 Virgo,
277 4152 344 4211 qum
359 4142 516 4209 precantes
531 4142 559 4195 te
574 4139 701 4212 adjuvas
716 4141 873 4213 instanter,

125 4224 235 4280 Christi
250 4224 348 4296 paenis
362 4227 489 4297 compati
509 4226 556 4281 lac
570 4242 617 4283 me
632 4227 816 4301 festinanter,

124 4313 167 4368 Da
182 4312 254 4368 mihi
270 4329 348 4370 nunc
368 4313 527 4387 lacrymas,
544 4331 661 4387 precor,
676 4317 870 4390 abundanter,

120 4399 168 4472 Et,
184 4406 216 4457 ut
230 4402 329 4474 ipsum
343 4403 473 4475 cogitem
488 4403 535 4459 lac
551 4409 789 4474 perseveranter.

424 4507 521 4565 Aceto
532 4515 663 4582 potetur.

158 4594 239 4651 Proh
255 4593 353 4651 dolori
370 4599 401 4652 et
417 4597 516 4654 flebile
532 4598 599 4669 hoc,
616 4600 696 4671 quod
709 4600 888 4659 immutatur.

123 4683 199 4739 Nam
210 4684 340 4741 Messias
351 4684 496 4742 Dominus
507 4689 590 4742 aceto
605 4691 732 4759 potatur,

123 4771 208 4828 lleul
225 4775 257 4829 ut
271 4777 397 4829 inertem
412 4773 528 4844 subeat,
550 4777 648 4830 statim
664 4793 739 4832 crux
753 4784 894 4854 paratur;

123 4860 159 4916 Et
175 4876 241 4916 oum
257 4862 444 4918 vehementia
458 4863 545 4919 tertio
560 4864 737 4922 denudatur.

158 4950 224 5005 Nisi
242 4951 286 5005 sis
301 4950 449 5022 lapideum
465 4967 518 5008 cor
533 4954 583 5008 vix
598 4953 711 5010 habens
727 4960 846 5028 metum,

120 5036 244 5094 Intende
260 5039 429 5112 diligenter,
442 5044 470 5096 et
485 5041 612 5098 hebebis
627 5044 738 5116 ilatum,

124 5125 221 5180 Pensa
242 5129 454 5185 vestimentum
470 5129 527 5186 hoc
542 5147 559 5186 a
573 5132 648 5187 lesu
662 5131 800 5205 deletum,

122 5211 215 5278 Quem
232 5215 314 5270 scias
331 5232 367 5271 ex
382 5219 541 5275 verberum
558 5220 655 5293 plagis
667 5221 729 5293 jam
740 5223 894 5294 repletum.

400 5323 539 5380 Vestibus
558 5327 695 5383 trudatur.

959 474 989 535 Α
1038 485 1125 543 Certe
1140 502 1248 559 magne
1268 485 1401 558 gravitas
1421 484 1509 542 istius
1524 487 1661 542 tormenti

1004 576 1048 630 hd
1065 577 1163 630 lletum
1179 575 1330 630 sufficeret
1341 575 1418 629 bene
1433 574 1584 647 diligenti3

1004 663 1088 720 Heul
1106 663 1176 718 mihi
1193 663 1353 718 durissimo
1370 664 1468 718 minus
1483 662 1660 733 condolenti,

1002 753 1053 808 Pie
1068 754 1152 822 lesu,
1174 752 1246 807 mihi
1257 753 1293 806 da
1310 753 1455 823 lacrymas
1470 753 1588 822 petenti.

1037 842 1140 914 Virgo,
1157 841 1206 896 oui
1221 841 1329 895 similis
1345 843 1550 912 nunquemest
1565 841 1696 911 inventa,

1003 929 1092 986 Potes
1112 930 1208 984 adhuc
1224 928 1326 984 vivere
1346 929 1452 984 videns
1468 927 1532 984 haec
1547 927 1719 984 tormenta?

1002 1017 1081 1075 Ecce
1094 1019 1173 1074 nuda
1189 1018 1256 1073 Filii
1270 1018 1405 1073 membra
1419 1020 1490 1074 sunt
1504 1021 1639 1090 cruenta,

1003 1105 1087 1163 lleut
1108 1111 1140 1163 ut
1157 1107 1215 1162 ista
1231 1106 1335 1162 videas
1350 1106 1447 1162 adhuc
1462 1121 1496 1161 es
1516 1106 1643 1162 detenta.

1040 1195 1143 1269 Virgo,
1159 1199 1188 1251 te
1205 1195 1402 1251 considerans
1418 1194 1506 1250 anxie
1520 1194 1648 1264 plorare,

1004 1284 1096 1340 Doleo
1112 1289 1150 1354 te,
1167 1284 1301 1353 Domine,
1318 1283 1373 1338 sed
1386 1280 1462 1339 heul
1484 1299 1554 1355 non,
1571 1298 1680 1353 amare,

1005 1372 1299 1444 Misericordissima,
1317 1371 1464 1443 supplico,
1481 1372 1617 1444 dignere,

1006 1463 1048 1516 De
1059 1462 1114 1517 hac
1129 1478 1215 1533 paena
1230 1465 1279 1516 tua
1294 1476 1339 1516 me
1354 1462 1429 1516 ralis
1444 1462 1611 1517 vulnerare.

1042 1551 1145 1621 Vides,
1162 1565 1226 1606 mea
1237 1551 1371 1622 Domina,
1381 1554 1481 1605 natum
1496 1564 1689 1622 generosum,
1775 1621 1779 1627 ,

1006 1639 1099 1706 Quem
1117 1639 1264 1710 Propheta
1280 1640 1411 1694 nominat
1424 1638 1611 1709 praecunctis
1627 1638 1803 1707 formosum,

1008 1728 1094 1784 Nunc
1109 1728 1206 1798 poenis
1221 1727 1396 1800 urgentibus
1410 1728 1507 1782 virum
1522 1726 1706 1797 dolorosum,

1009 1812 1094 1872 Heul
1110 1819 1139 1871 et
1152 1816 1250 1888 plagis
1265 1815 1401 1886 pluribus
1413 1818 1506 1870 toturn
1521 1815 1691 1871 ulcerosum

1045 1904 1169 1960 Oturba
1184 1905 1318 1975 ludaica,
1333 1903 1456 1975 perlida,
1472 1904 1630 1976 obscena,{

970 2019 995 2080 Β
1011 1992 1034 2049 Ο
1049 1996 1158 2048 vestrae
1172 1991 1289 2047 duritiae
1304 1983 1411 2063 aspe're
1426 2007 1550 2062 venena,

1011 2081 1125 2153 Ogens
1144 2080 1369 2151 nefandissima,
1385 2081 1465 2136 omni
1478 2082 1554 2136 malo
1569 2080 1665 2151 plena,

1011 2167 1107 2235 Quare
1123 2169 1196 2225 nihil
1210 2170 1339 2225 flecteris
1354 2169 1384 2224 in
1398 2172 1457 2225 tam
1472 2169 1546 2224 dura
1559 2170 1669 2240 ptena‘l

1046 2258 1097 2313 Sic
1112 2261 1153 2329 tu,
1168 2273 1233 2312 mea
1247 2258 1354 2327 anima,
1371 2257 1444 2311 dura
1459 2261 1488 2312 et
1501 2272 1656 2329 perversa,

1011 2345 1072 2401 Cur
1085 2347 1116 2401 in
1130 2346 1186 2400 hoc
1202 2348 1347 2401 tormento
1361 2360 1420 2400 non
1436 2360 1469 2400 es
1484 2347 1521 2400 ad
1535 2346 1636 2400 tletum
1652 2345 1763 2402 versa?

1011 2434 1107 2500 Quare
1123 2450 1181 2491 nen
1197 2450 1230 2489 es
1245 2435 1384 2506 lacrymis
1399 2435 1509 2489 amaris
1524 2449 1660 2504 aspersa,

1013 2524 1124 2578 Videns
1135 2524 1267 2578 membra
1281 2524 1397 2578 Domini
1412 2538 1520 2578 cruore
1536 2523 1725 2593 conspersa?

1047 2612 1165 2681 oleae,
1182 2613 1316 2683 digneris
1331 2627 1377 2666 me
1392 2611 1549 2666 confestim
1561 2612 1682 2683 juvare,

1012 2701 1058 2757 lde
1074 2701 1298 2756 amaritudinem
1313 2704 1392 2755 tuam
1404 2700 1450 2754 luo
1465 2703 1597 2773 gustare.

1013 2791 1069 2845 Pro
1085 2790 1145 2845 tuis
1159 2790 1313 2845 doloribus
1329 2789 1375 2844 iac
1389 2804 1437 2844 me
1452 2790 1578 2859 plorare,

1011 2879 1087 2935 Nam
1102 2879 1158 2933 hoc
1178 2879 1244 2934 sine
1258 2877 1397 2950 lacrymis
1417 2877 1506 2948 pudet
1520 2893 1567 2932 me
1582 2893 1722 2949 pensare.

1048 2967 1113 3022 Heu
1128 2963 1134 3021 l
1151 2966 1207 3021 hoc
1221 2964 1393 3021 miserabile
1408 2967 1464 3035 est,
1481 2969 1510 3020 et
1525 2965 1631 3020 mirum
1648 2979 1732 3035 vere,

1012 3057 1067 3122 Qui
1082 3059 1111 3111 te
1126 3071 1249 3127 passum
1268 3056 1408 3125 pensitat,
1425 3058 1453 3110 et
1468 3058 1633 3126 nonpotest
1648 3053 1732 3123 llere,

975 3172 999 3234 Ο
1015 3143 1096 3201 lleol
1111 3145 1259 3217 quomodo
1274 3147 1372 3214 petest
1387 3158 1420 3198 se
1435 3142 1503 3198 talis
1519 3141 1695 3199 contineret

1012 3234 1135 3305 Olesu,
1152 3233 1306 3290 durissimi
1322 3234 1378 3288 mei
1389 3235 1544 3288 miserere.

1334 3355 1537 3429 crucifigitur.

1049 3464 1121 3520 ltem
1134 3462 1211 3535 vide,
1229 3461 1335 3533 anima,
1347 3463 1378 3518 in
1392 3461 1496 3518 lesum
1511 3462 1694 3518 bacchantes

1013 3553 1111 3623 Super
1124 3568 1243 3608 crucem
1258 3566 1396 3622 asperam
1407 3552 1519 3607 duriter
1533 3552 1679 3621 locantes,

1013 3642 1144 3696 Membra
1160 3641 1341 3696 horribiliter
1355 3641 1434 3695 ferro
1450 3641 1637 3710 perforantes

1012 3729 1222 3801 Christumque
1237 3729 1398 3785 durissime
1413 3729 1442 3783 in
1456 3729 1539 3801 ligno
1555 3728 1720 3785 clavantes.

1048 3818 1240 3875 Condolendo
1255 3818 1373 3889 respice
1388 3818 1528 3890 populum
1542 3833 1701 3888 vesanum,

1013 3907 1131 3963 Nudum
1147 3922 1257 3977 corpus
1271 3922 1407 3976 premere
1423 3910 1568 3976 tenerum,
1584 3922 1644 3962 aon
1658 3921 1778 3974 sanam,

1012 3996 1109 4066 Super
1129 3996 1242 4069 lignum
1254 3995 1360 4067 jacere
1374 4010 1526 4066 asperum,
1535 4011 1596 4051 non
1610 3994 1744 4066 plenum,

1013 4085 1049 4140 Et
1063 4100 1170 4141 crasso
1184 4086 1363 4157 transfigere
1378 4083 1462 4140 clavo
1475 4085 1632 4156 pulchram
1645 4099 1778 4140 manuam

1049 4173 1253 4245 Contemplare
1267 4188 1387 4228 manum
1406 4173 1482 4228 hanc
1498 4172 1635 4245 longam,
1651 4175 1681 4230 et
1695 4173 1826 4230 decentet

1013 4262 1186 4318 Perfossam
1195 4263 1364 4319 arctissime
1374 4278 1427 4333 pro
1438 4265 1467 4318 te
1481 4262 1651 4333 patientem,

972 4313 1000 4375 D
1013 4351 1194 4424 Sanguinem
1208 4351 1378 4424 largissime
1393 4365 1447 4421 pro
1461 4352 1490 4406 te
1505 4350 1687 4421 effluentem,

1014 4439 1128 4495 Vulnus
1143 4440 1364 4495 amarissimum
1377 4455 1430 4510 pro
1445 4443 1474 4494 te
1489 4437 1692 4494 sufferentem.

1049 4528 1194 4585 Omanus
1210 4529 1410 4599 satiatissime,
1426 4543 1480 4599 pro
1496 4543 1542 4582 me
1556 4530 1720 4598 penetrata,

1014 4616 1096 4672 Clavi
1112 4617 1311 4673 crassitudine
1327 4616 1449 4671 multum
1464 4616 1583 4688 laniata,

1013 4706 1232 4762 Percussorum
1245 4706 1355 4777 impetu
1376 4706 1440 4760 dire
1455 4706 1594 4777 lacerata,

1013 4794 1117 4850 Scribe
1131 4795 1162 4850 in
1173 4811 1219 4850 me
1234 4795 1361 4868 qualiter
1376 4809 1409 4849 ee
1425 4794 1603 4866 angustiata.

1048 4885 1145 4939 Pensa
1162 4883 1237 4951 haec,
1255 4884 1425 4953 durissime,
1438 4884 1489 4955 qui
1499 4896 1651 4954 nunquam
1660 4881 1783 4954 flevisti,

1013 4972 1092 5028 Voce
1108 4973 1324 5028 instantissime
1338 4987 1454 5044 magnae
1467 4988 1564 5043 paenae
1579 4971 1640 5026 isti.

1012 5061 1159 5129 Plorabis,
1176 5062 1204 5116 si
1220 5061 1354 5116 senseris
1368 5061 1447 5117 huno
1462 5061 1595 5116 dolorem
1610 5059 1738 5131 Christi,

1013 5149 1066 5205 Vel
1083 5149 1161 5221 quod
1177 5166 1214 5205 ex
1231 5150 1275 5204 ais
1292 5150 1436 5221 contingit
1450 5149 1517 5220 ejus
1532 5147 1619 5203 llatri
1634 5148 1727 5205 tristi.

1050 5239 1161 5307 Nempe
1177 5239 1270 5293 hlater
1284 5239 1390 5294 videns
1407 5238 1473 5309 hoo,
1490 5238 1657 5309 multoplus
1669 5237 1826 5313 languesct

1014 5326 1048 5381 Et
1064 5331 1207 5382 commota
1224 5329 1331 5383 acriter
1341 5328 1369 5382 in
1381 5342 1416 5382 se
1431 5327 1626 5398 contabescit,

157 5406 254 5463 Cerne
271 5408 387 5464 turbam
402 5414 563 5481 pessimam
572 5419 687 5470 vestem
701 5415 777 5473 hauc
785 5417 959 5491 trahentem,
1013 5418 1111 5472 Seusu
1126 5417 1188 5471 lere
1208 5418 1324 5487 perdito
1340 5419 1533 5487 semetipsam
1548 5417 1655 5472 nescit.

123 5494 189 5551 Cuti
204 5499 232 5551 et
247 5498 328 5551 cerni
343 5499 473 5571 undique
488 5500 603 5558 fortiter
614 5503 787 5575 haerentem,

125 5585 228 5658 Plagis
244 5587 339 5657 ruptis
353 5589 471 5660 respice
482 5591 658 5663 sanguinem
668 5593 817 5664 fluentem,

122 5678 165 5732 Aa
180 5675 284 5734 lesum
299 5691 336 5734 ex
345 5677 432 5751 plaga
449 5679 514 5735 haec
529 5681 661 5753 graviter
675 5681 833 5740 dolentem.

1013 5506 1071 5561 Sed
1087 5507 1117 5560 in
1131 5507 1200 5561 lletu
1215 5506 1355 5562 diltluens
1371 5506 1456 5578 quasi
1470 5505 1532 5578 jam
1547 5505 1700 5577 liquescit.

1048 5595 1128 5651 Proh
1143 5592 1245 5652 dolori
1261 5595 1397 5650 molestia
1411 5593 1503 5666 hujus
1518 5594 1616 5666 plagae
1631 5595 1697 5652 dire

1014 5683 1137 5743 Matrem
1152 5685 1248 5756 paenis
1264 5683 1331 5741 Filii
1345 5684 1462 5740 videtur
1472 5683 1574 5756 lerire,
