<?xml version="1.0" encoding="UTF-8"?>
<!DOCTYPE html PUBLIC "-//W3C//DTD XHTML 1.0 Transitional//EN"
    "http://www.w3.org/TR/xhtml1/DTD/xhtml1-transitional.dtd">
<html xmlns="http://www.w3.org/1999/xhtml" xml:lang="en" lang="en">
 <head>
  <title>
</title>
<meta http-equiv="Content-Type" content="text/html;charset=utf-8" />
  <meta name='ocr-system' content='tesseract 3.04.00' />
  <meta name='ocr-capabilities' content='ocr_page ocr_carea ocr_par ocr_line ocrx_word'/>
</head>
<body>
  <div class='ocr_page' id='page_1' title='image "./patrologiaecurs66unkngoog_0055.png"; bbox 0 0 3900 6112; ppageno 0'>
   <div class='ocr_carea' id='block_1_1' title="bbox 151 270 1433 394">
    <p class='ocr_par' dir='ltr' id='par_1_1' title="bbox 151 270 1433 394">
     <span class='ocr_line' id='line_1_1' title="bbox 151 270 1433 394; baseline -0.007 -5"><span class='ocrx_word' id='word_1_1' title='bbox 151 270 206 390; x_wconf 47' lang='lat'><strong>⁰09</strong></span> <span class='ocrx_word' id='word_1_2' title='bbox 606 316 745 382; x_wconf 82' lang='lat' dir='ltr'>GESTA</span> <span class='ocrx_word' id='word_1_3' title='bbox 764 316 1028 383; x_wconf 77' lang='lat' dir='ltr'><strong>Ponrlrleual</strong></span> <span class='ocrx_word' id='word_1_4' title='bbox 1051 315 1433 394; x_wconf 75' lang='lat' dir='ltr'><strong>causeacaustuat.</strong></span> 
     </span>
    </p>
   </div>
   <div class='ocr_carea' id='block_1_2' title="bbox 1818 317 1879 384">
    <p class='ocr_par' dir='ltr' id='par_1_2' title="bbox 1818 317 1879 384">
     <span class='ocr_line' id='line_1_2' title="bbox 1818 317 1879 384; baseline 0.016 -1"><span class='ocrx_word' id='word_1_5' title='bbox 1818 317 1879 384; x_wconf 86' lang='lat' dir='ltr'><strong>lto</strong></span> 
     </span>
    </p>
   </div>
   <div class='ocr_carea' id='block_1_3' title="bbox 150 511 1874 600">
    <p class='ocr_par' dir='ltr' id='par_1_3' title="bbox 150 511 1874 600">
     <span class='ocr_line' id='line_1_3' title="bbox 150 511 1874 600; baseline -0.005 -18"><span class='ocrx_word' id='word_1_6' title='bbox 150 523 292 600; x_wconf 73' lang='lat' dir='ltr'>precepit,</span> <span class='ocrx_word' id='word_1_7' title='bbox 308 520 483 592; x_wconf 74' lang='lat' dir='ltr'><strong>vocatisque</strong></span> <span class='ocrx_word' id='word_1_8' title='bbox 496 517 593 573; x_wconf 92' lang='lat' dir='ltr'><strong>omnis</strong></span> <span class='ocrx_word' id='word_1_9' title='bbox 609 518 652 573; x_wconf 90' lang='lat' dir='ltr'><strong>rei</strong></span> <span class='ocrx_word' id='word_1_10' title='bbox 668 532 789 573; x_wconf 87' lang='lat' dir='ltr'><strong>oausam</strong></span> <span class='ocrx_word' id='word_1_11' title='bbox 799 532 866 573; x_wconf 91' lang='lat' dir='ltr'><strong>cum</strong></span> <span class='ocrx_word' id='word_1_12' title='bbox 881 517 981 589; x_wconf 85' lang='lat' dir='ltr'><strong>gravi·</strong></span> <span class='ocrx_word' id='word_1_13' title='bbox 997 511 1026 573; x_wconf 78' lang='lat' dir='ltr'>A</span> <span class='ocrx_word' id='word_1_14' title='bbox 1041 515 1874 588; x_wconf 85' lang='lat' dir='ltr'><strong>lapsisviribusmortuidimerguntur.lpsaetenimnoete</strong></span> 
     </span>
    </p>
   </div>
   <div class='ocr_carea' id='block_1_4' title="bbox 96 604 981 1660">
    <p class='ocr_par' dir='ltr' id='par_1_4' title="bbox 96 604 981 1660">
     <span class='ocr_line' id='line_1_4' title="bbox 149 604 981 685; baseline -0.013 -14"><span class='ocrx_word' id='word_1_15' title='bbox 149 617 207 671; x_wconf 89' lang='lat' dir='ltr'><strong>tate</strong></span> <span class='ocrx_word' id='word_1_16' title='bbox 223 609 465 685; x_wconf 80' lang='lat' dir='ltr'><strong>proclamationis</strong></span> <span class='ocrx_word' id='word_1_17' title='bbox 479 607 619 663; x_wconf 89' lang='lat' dir='ltr'><strong>intimans</strong></span> <span class='ocrx_word' id='word_1_18' title='bbox 629 604 680 676; x_wconf 75' lang='grc'><strong>166,</strong></span> <span class='ocrx_word' id='word_1_19' title='bbox 696 607 912 678; x_wconf 78' lang='lat' dir='ltr'><strong>expeditionem</strong></span> <span class='ocrx_word' id='word_1_20' title='bbox 928 623 981 661; x_wconf 91' lang='lat' dir='ltr'><strong>su·</strong></span> 
     </span>
     <span class='ocr_line' id='line_1_5' title="bbox 148 692 980 775; baseline -0.013 -16"><span class='ocrx_word' id='word_1_21' title='bbox 148 720 203 775; x_wconf 89' lang='lat' dir='ltr'><strong>per</strong></span> <span class='ocrx_word' id='word_1_22' title='bbox 217 700 389 757; x_wconf 85' lang='lat' dir='ltr'><strong>Lotbarium</strong></span> <span class='ocrx_word' id='word_1_23' title='bbox 403 698 511 752; x_wconf 90' lang='lat' dir='ltr'><strong>ducere</strong></span> <span class='ocrx_word' id='word_1_24' title='bbox 524 696 693 752; x_wconf 88' lang='lat' dir='ltr'><strong>destinavit.</strong></span> <span class='ocrx_word' id='word_1_25' title='bbox 704 695 749 750; x_wconf 83' lang='lat' dir='ltr'><strong>Ad</strong></span> <span class='ocrx_word' id='word_1_26' title='bbox 760 693 847 766; x_wconf 87' lang='lat' dir='ltr'><strong>eujus</strong></span> <span class='ocrx_word' id='word_1_27' title='bbox 870 692 980 749; x_wconf 87' lang='lat' dir='ltr'><strong>exhor·</strong></span> 
     </span>
     <span class='ocr_line' id='line_1_6' title="bbox 148 784 979 855; baseline -0.013 -7"><span class='ocrx_word' id='word_1_28' title='bbox 148 792 289 848; x_wconf 91' lang='lat' dir='ltr'><strong>tationem</strong></span> <span class='ocrx_word' id='word_1_29' title='bbox 313 788 411 842; x_wconf 90' lang='lat' dir='ltr'><strong>cuncti</strong></span> <span class='ocrx_word' id='word_1_30' title='bbox 430 787 545 841; x_wconf 87' lang='lat' dir='ltr'><strong>animos</strong></span> <span class='ocrx_word' id='word_1_31' title='bbox 572 785 702 852; x_wconf 89' lang='lat' dir='ltr'><strong>lleotunt,</strong></span> <span class='ocrx_word' id='word_1_32' title='bbox 731 784 979 855; x_wconf 79' lang='lat' dir='ltr'><strong>indignantesque</strong></span> 
     </span>
     <span class='ocr_line' id='line_1_7' title="bbox 149 870 980 943; baseline -0.013 -8"><span class='ocrx_word' id='word_1_33' title='bbox 149 881 208 936; x_wconf 91' lang='lat' dir='ltr'><strong>sibi</strong></span> <span class='ocrx_word' id='word_1_34' title='bbox 223 878 332 933; x_wconf 85' lang='lat' dir='ltr'><strong>iactum</strong></span> <span class='ocrx_word' id='word_1_35' title='bbox 347 875 489 943; x_wconf 91' lang='lat' dir='ltr'><strong>dedecus,</strong></span> <span class='ocrx_word' id='word_1_36' title='bbox 506 888 609 928; x_wconf 91' lang='lat' dir='ltr'><strong>omnes</strong></span> <span class='ocrx_word' id='word_1_37' title='bbox 625 872 800 928; x_wconf 90' lang='lat' dir='ltr'><strong>unanimiter</strong></span> <span class='ocrx_word' id='word_1_38' title='bbox 824 871 910 942; x_wconf 89' lang='lat' dir='ltr'><strong>quasi</strong></span> <span class='ocrx_word' id='word_1_39' title='bbox 933 870 980 924; x_wconf 89' lang='lat' dir='ltr'><strong>vir</strong></span> 
     </span>
     <span class='ocr_line' id='line_1_8' title="bbox 146 958 979 1032; baseline -0.014 -8"><span class='ocrx_word' id='word_1_40' title='bbox 146 984 225 1024; x_wconf 92' lang='lat' dir='ltr'><strong>unus</strong></span> <span class='ocrx_word' id='word_1_41' title='bbox 241 966 366 1021; x_wconf 92' lang='lat' dir='ltr'><strong>invicem</strong></span> <span class='ocrx_word' id='word_1_42' title='bbox 383 962 631 1032; x_wconf 83' lang='lat' dir='ltr'><strong>conspirationem</strong></span> <span class='ocrx_word' id='word_1_43' title='bbox 647 961 767 1029; x_wconf 83' lang='lat' dir='ltr'><strong>iaciunt,</strong></span> <span class='ocrx_word' id='word_1_44' title='bbox 784 963 811 1014; x_wconf 90' lang='lat' dir='ltr'><strong>et</strong></span> <span class='ocrx_word' id='word_1_45' title='bbox 825 974 879 1028; x_wconf 90' lang='lat' dir='ltr'><strong>pro</strong></span> <span class='ocrx_word' id='word_1_46' title='bbox 890 958 979 1013; x_wconf 87' lang='lat' dir='ltr'><strong>fideli-</strong></span> 
     </span>
     <span class='ocr_line' id='line_1_9' title="bbox 145 1045 977 1125; baseline -0.013 -13"><span class='ocrx_word' id='word_1_47' title='bbox 145 1059 204 1112; x_wconf 82' lang='lat' dir='ltr'><strong>tate</strong></span> <span class='ocrx_word' id='word_1_48' title='bbox 219 1056 321 1125; x_wconf 88' lang='lat' dir='ltr'><strong>patris,</strong></span> <span class='ocrx_word' id='word_1_49' title='bbox 338 1053 386 1124; x_wconf 90' lang='lat' dir='ltr'><strong>qui</strong></span> <span class='ocrx_word' id='word_1_50' title='bbox 404 1067 456 1107; x_wconf 93' lang='lat' dir='ltr'><strong>eos</strong></span> <span class='ocrx_word' id='word_1_51' title='bbox 472 1050 654 1105; x_wconf 80' lang='lat' dir='ltr'><strong>familiariter</strong></span> <span class='ocrx_word' id='word_1_52' title='bbox 670 1047 818 1118; x_wconf 86' lang='lat' dir='ltr'><strong>enutrivit,</strong></span> <span class='ocrx_word' id='word_1_53' title='bbox 829 1062 925 1118; x_wconf 90' lang='lat' dir='ltr'><strong>usque</strong></span> <span class='ocrx_word' id='word_1_54' title='bbox 940 1045 977 1101; x_wconf 90' lang='lat' dir='ltr'><strong>ad</strong></span> 
     </span>
     <span class='ocr_line' id='line_1_10' title="bbox 96 1135 976 1207; baseline -0.015 -6"><span class='ocrx_word' id='word_1_55' title='bbox 96 1142 99 1155; x_wconf 90' lang='lat'>&#39;</span> <span class='ocrx_word' id='word_1_56' title='bbox 145 1147 256 1200; x_wconf 87' lang='lat' dir='ltr'><strong>exitum</strong></span> <span class='ocrx_word' id='word_1_57' title='bbox 280 1144 348 1197; x_wconf 77' lang='lat' dir='ltr'><strong>vitae</strong></span> <span class='ocrx_word' id='word_1_58' title='bbox 371 1156 440 1196; x_wconf 90' lang='lat' dir='ltr'><strong>sese</strong></span> <span class='ocrx_word' id='word_1_59' title='bbox 460 1139 642 1194; x_wconf 86' lang='lat' dir='ltr'><strong>deservitum</strong></span> <span class='ocrx_word' id='word_1_60' title='bbox 656 1136 895 1207; x_wconf 90' lang='lat' dir='ltr'><strong>irepromittunt.</strong></span> <span class='ocrx_word' id='word_1_61' title='bbox 920 1135 976 1188; x_wconf 89' lang='lat' dir='ltr'><strong>His</strong></span> 
     </span>
     <span class='ocr_line' id='line_1_11' title="bbox 145 1223 976 1306; baseline -0.017 -16"><span class='ocrx_word' id='word_1_62' title='bbox 145 1249 217 1306; x_wconf 88' lang='lat' dir='ltr'><strong>ergo</strong></span> <span class='ocrx_word' id='word_1_63' title='bbox 233 1231 356 1287; x_wconf 84' lang='lat' dir='ltr'><strong>adscitis</strong></span> <span class='ocrx_word' id='word_1_64' title='bbox 371 1232 458 1300; x_wconf 90' lang='lat' dir='ltr'><strong>atque</strong></span> <span class='ocrx_word' id='word_1_65' title='bbox 473 1227 593 1295; x_wconf 90' lang='lat' dir='ltr'><strong>coactis,</strong></span> <span class='ocrx_word' id='word_1_66' title='bbox 605 1229 693 1282; x_wconf 73' lang='lat' dir='ltr'><strong>tantm</strong></span> <span class='ocrx_word' id='word_1_67' title='bbox 709 1225 802 1295; x_wconf 77' lang='lat' dir='ltr'><strong>copiae</strong></span> <span class='ocrx_word' id='word_1_68' title='bbox 813 1223 976 1280; x_wconf 82' lang='lat' dir='ltr'><strong>exercitum</strong></span> 
     </span>
     <span class='ocr_line' id='line_1_12' title="bbox 145 1312 975 1389; baseline -0.013 -12"><span class='ocrx_word' id='word_1_69' title='bbox 145 1323 245 1389; x_wconf 92' lang='lat' dir='ltr'><strong>movit,</strong></span> <span class='ocrx_word' id='word_1_70' title='bbox 261 1325 294 1376; x_wconf 91' lang='lat' dir='ltr'><strong>ut</strong></span> <span class='ocrx_word' id='word_1_71' title='bbox 306 1334 392 1375; x_wconf 91' lang='lat' dir='ltr'><strong>nemo</strong></span> <span class='ocrx_word' id='word_1_72' title='bbox 407 1321 515 1371; x_wconf 90' lang='lat' dir='ltr'><strong>tantam</strong></span> <span class='ocrx_word' id='word_1_73' title='bbox 530 1317 633 1385; x_wconf 90' lang='lat' dir='ltr'><strong>postea</strong></span> <span class='ocrx_word' id='word_1_74' title='bbox 656 1315 704 1369; x_wconf 89' lang='lat' dir='ltr'><strong>vel</strong></span> <span class='ocrx_word' id='word_1_75' title='bbox 723 1317 789 1369; x_wconf 92' lang='lat' dir='ltr'><strong>ante</strong></span> <span class='ocrx_word' id='word_1_76' title='bbox 813 1312 927 1366; x_wconf 91' lang='lat' dir='ltr'><strong>vidisse</strong></span> <span class='ocrx_word' id='word_1_77' title='bbox 941 1326 975 1366; x_wconf 93' lang='lat' dir='ltr'><strong>se</strong></span> 
     </span>
     <span class='ocr_line' id='line_1_13' title="bbox 145 1400 976 1478; baseline -0.016 -12"><span class='ocrx_word' id='word_1_78' title='bbox 145 1411 317 1466; x_wconf 86' lang='lat' dir='ltr'><strong>meminisse</strong></span> <span class='ocrx_word' id='word_1_79' title='bbox 331 1406 468 1478; x_wconf 90' lang='lat' dir='ltr'><strong>potuerit.</strong></span> <span class='ocrx_word' id='word_1_80' title='bbox 485 1404 521 1458; x_wconf 87' lang='lat' dir='ltr'><strong>Et</strong></span> <span class='ocrx_word' id='word_1_81' title='bbox 535 1419 572 1458; x_wconf 92' lang='lat' dir='ltr'><strong>ne</strong></span> <span class='ocrx_word' id='word_1_82' title='bbox 588 1419 642 1458; x_wconf 90' lang='lat' dir='ltr'><strong>sua</strong></span> <span class='ocrx_word' id='word_1_83' title='bbox 654 1403 801 1473; x_wconf 91' lang='lat' dir='ltr'><strong>premissa</strong></span> <span class='ocrx_word' id='word_1_84' title='bbox 815 1400 924 1472; x_wconf 91' lang='lat' dir='ltr'><strong>legatio</strong></span> <span class='ocrx_word' id='word_1_85' title='bbox 933 1415 976 1454; x_wconf 91' lang='lat' dir='ltr'><strong>re·</strong></span> 
     </span>
     <span class='ocr_line' id='line_1_14' title="bbox 142 1485 974 1573; baseline -0.016 -19"><span class='ocrx_word' id='word_1_86' title='bbox 142 1515 211 1573; x_wconf 88' lang='lat' dir='ltr'><strong>gem</strong></span> <span class='ocrx_word' id='word_1_87' title='bbox 240 1496 412 1553; x_wconf 88' lang='lat' dir='ltr'><strong>Letharium</strong></span> <span class='ocrx_word' id='word_1_88' title='bbox 433 1493 523 1560; x_wconf 81' lang='lat' dir='ltr'><strong>sallat,</strong></span> <span class='ocrx_word' id='word_1_89' title='bbox 548 1491 712 1562; x_wconf 88' lang='lat' dir='ltr'><strong>prescripta</strong></span> <span class='ocrx_word' id='word_1_90' title='bbox 739 1489 858 1561; x_wconf 93' lang='lat' dir='ltr'><strong>quidem</strong></span> <span class='ocrx_word' id='word_1_91' title='bbox 883 1485 974 1543; x_wconf 87' lang='lat' dir='ltr'><strong>disin</strong></span> 
     </span>
     <span class='ocr_line' id='line_1_15' title="bbox 140 1579 973 1660; baseline -0.017 -16"><span class='ocrx_word' id='word_1_92' title='bbox 140 1603 269 1660; x_wconf 89' lang='lat' dir='ltr'><strong>regnum</strong></span> <span class='ocrx_word' id='word_1_93' title='bbox 282 1586 352 1657; x_wconf 66' lang='lat' dir='ltr'><strong>eins</strong></span> <span class='ocrx_word' id='word_1_94' title='bbox 366 1581 502 1655; x_wconf 90' lang='lat' dir='ltr'><strong>pervenit</strong></span> <span class='ocrx_word' id='word_1_95' title='bbox 515 1598 522 1646; x_wconf 84' lang='lat'>;</span> <span class='ocrx_word' id='word_1_96' title='bbox 533 1579 746 1651; x_wconf 84' lang='lat' dir='ltr'><strong>prosperisque</strong></span> <span class='ocrx_word' id='word_1_97' title='bbox 761 1592 835 1632; x_wconf 88' lang='lat' dir='ltr'><strong>usus</strong></span> <span class='ocrx_word' id='word_1_98' title='bbox 847 1591 973 1631; x_wconf 89' lang='lat' dir='ltr'><strong>sueces-</strong></span> 
     </span>
    </p>
   </div>
   <div class='ocr_carea' id='block_1_5' title="bbox 1030 603 1874 1652">
    <p class='ocr_par' dir='ltr' id='par_1_5' title="bbox 1030 603 1874 1652">
     <span class='ocr_line' id='line_1_16' title="bbox 1039 603 1874 679; baseline 0.011 -21"><span class='ocrx_word' id='word_1_99' title='bbox 1039 603 1874 679; x_wconf 76' lang='lat' dir='ltr'><strong>inustamexerevitatvaolus‚utdifficaltateimponuc-</strong></span> 
     </span>
     <span class='ocr_line' id='line_1_17' title="bbox 1038 693 1872 768; baseline 0.008 -20"><span class='ocrx_word' id='word_1_100' title='bbox 1038 693 1065 748; x_wconf 90' lang='lat' dir='ltr'><strong>si</strong></span> <span class='ocrx_word' id='word_1_101' title='bbox 1076 693 1183 749; x_wconf 89' lang='lat' dir='ltr'><strong>littoris</strong></span> <span class='ocrx_word' id='word_1_102' title='bbox 1191 697 1296 750; x_wconf 90' lang='lat' dir='ltr'><strong>neuter</strong></span> <span class='ocrx_word' id='word_1_103' title='bbox 1304 694 1387 749; x_wconf 92' lang='lat' dir='ltr'><strong>alteri</strong></span> <span class='ocrx_word' id='word_1_104' title='bbox 1400 710 1518 749; x_wconf 88' lang='lat' dir='ltr'><strong>manum</strong></span> <span class='ocrx_word' id='word_1_105' title='bbox 1526 693 1662 750; x_wconf 82' lang='lat' dir='ltr'><strong>conterre</strong></span> <span class='ocrx_word' id='word_1_106' title='bbox 1671 699 1872 768; x_wconf 77' lang='lat' dir='ltr'><strong>potuerit3hoc</strong></span> 
     </span>
     <span class='ocr_line' id='line_1_18' title="bbox 1037 781 1872 860; baseline 0.01 -25"><span class='ocrx_word' id='word_1_107' title='bbox 1037 781 1076 835; x_wconf 93' lang='lat' dir='ltr'><strong>ita</strong></span> <span class='ocrx_word' id='word_1_108' title='bbox 1088 797 1170 851; x_wconf 91' lang='lat' dir='ltr'><strong>sane,</strong></span> <span class='ocrx_word' id='word_1_109' title='bbox 1183 783 1284 852; x_wconf 89' lang='lat' dir='ltr'><strong>credo,</strong></span> <span class='ocrx_word' id='word_1_110' title='bbox 1296 783 1348 837; x_wconf 89' lang='lat' dir='ltr'><strong>Dei</strong></span> <span class='ocrx_word' id='word_1_111' title='bbox 1358 784 1505 838; x_wconf 91' lang='lat' dir='ltr'><strong>voluntate</strong></span> <span class='ocrx_word' id='word_1_112' title='bbox 1517 783 1671 852; x_wconf 86' lang='lat' dir='ltr'><strong>disposito,</strong></span> <span class='ocrx_word' id='word_1_113' title='bbox 1690 801 1727 839; x_wconf 92' lang='lat' dir='ltr'><strong>ne</strong></span> <span class='ocrx_word' id='word_1_114' title='bbox 1752 790 1872 860; x_wconf 90' lang='lat' dir='ltr'><strong>strages</strong></span> 
     </span>
     <span class='ocr_line' id='line_1_19' title="bbox 1036 870 1871 942; baseline 0.011 -19"><span class='ocrx_word' id='word_1_115' title='bbox 1036 870 1261 926; x_wconf 90' lang='lat' dir='ltr'><strong>innumerabilis</strong></span> <span class='ocrx_word' id='word_1_116' title='bbox 1277 871 1415 926; x_wconf 89' lang='lat' dir='ltr'><strong>ederetur</strong></span> <span class='ocrx_word' id='word_1_117' title='bbox 1428 872 1585 942; x_wconf 88' lang='lat' dir='ltr'><strong>utrimque.</strong></span> <span class='ocrx_word' id='word_1_118' title='bbox 1602 871 1684 927; x_wconf 90' lang='lat' dir='ltr'><strong>Licet</strong></span> <span class='ocrx_word' id='word_1_119' title='bbox 1703 874 1781 928; x_wconf 91' lang='lat' dir='ltr'><strong>enim</strong></span> <span class='ocrx_word' id='word_1_120' title='bbox 1796 877 1871 932; x_wconf 87' lang='lat' dir='ltr'><strong>inie-</strong></span> 
     </span>
     <span class='ocr_line' id='line_1_20' title="bbox 1036 958 1868 1035; baseline 0.01 -23"><span class='ocrx_word' id='word_1_121' title='bbox 1036 958 1274 1028; x_wconf 88' lang='lat' dir='ltr'><strong>riorLotharius,</strong></span> <span class='ocrx_word' id='word_1_122' title='bbox 1287 960 1430 1026; x_wconf 82' lang='lat' dir='ltr'><strong>utferunt,</strong></span> <span class='ocrx_word' id='word_1_123' title='bbox 1444 975 1512 1014; x_wconf 89' lang='lat' dir='ltr'><strong>sese</strong></span> <span class='ocrx_word' id='word_1_124' title='bbox 1522 962 1675 1014; x_wconf 83' lang='lat' dir='ltr'><strong>certamini</strong></span> <span class='ocrx_word' id='word_1_125' title='bbox 1685 962 1868 1035; x_wconf 83' lang='lat' dir='ltr'><strong>miscuisset,</strong></span> 
     </span>
     <span class='ocr_line' id='line_1_21' title="bbox 1035 1048 1870 1124; baseline 0.008 -23"><span class='ocrx_word' id='word_1_126' title='bbox 1035 1049 1112 1117; x_wconf 89' lang='lat' dir='ltr'><strong>cepit</strong></span> <span class='ocrx_word' id='word_1_127' title='bbox 1141 1051 1236 1103; x_wconf 90' lang='lat' dir='ltr'><strong>tamen</strong></span> <span class='ocrx_word' id='word_1_128' title='bbox 1261 1048 1405 1119; x_wconf 83' lang='lat' dir='ltr'><strong>jumenta,</strong></span> <span class='ocrx_word' id='word_1_129' title='bbox 1437 1049 1608 1103; x_wconf 85' lang='lat' dir='ltr'><strong>comminuit</strong></span> <span class='ocrx_word' id='word_1_130' title='bbox 1630 1050 1777 1122; x_wconf 88' lang='lat' dir='ltr'><strong>vehicula,</strong></span> <span class='ocrx_word' id='word_1_131' title='bbox 1804 1069 1870 1124; x_wconf 72' lang='lat' dir='ltr'><strong>qua</strong></span> 
     </span>
     <span class='ocr_line' id='line_1_22' title="bbox 1034 1136 1865 1208; baseline 0.007 -18"><span class='ocrx_word' id='word_1_132' title='bbox 1034 1136 1130 1208; x_wconf 82' lang='lat' dir='ltr'><strong>magis</strong></span> <span class='ocrx_word' id='word_1_133' title='bbox 1160 1137 1242 1191; x_wconf 90' lang='lat' dir='ltr'><strong>oneri</strong></span> <span class='ocrx_word' id='word_1_134' title='bbox 1257 1154 1343 1208; x_wconf 90' lang='lat' dir='ltr'><strong>quam</strong></span> <span class='ocrx_word' id='word_1_135' title='bbox 1360 1137 1427 1191; x_wconf 91' lang='lat' dir='ltr'><strong>usui</strong></span> <span class='ocrx_word' id='word_1_136' title='bbox 1451 1138 1480 1192; x_wconf 92' lang='lat' dir='ltr'><strong>in</strong></span> <span class='ocrx_word' id='word_1_137' title='bbox 1507 1139 1648 1206; x_wconf 89' lang='lat' dir='ltr'><strong>periculis</strong></span> <span class='ocrx_word' id='word_1_138' title='bbox 1669 1138 1865 1196; x_wconf 87' lang='lat' dir='ltr'><strong>habebantur.</strong></span> 
     </span>
     <span class='ocr_line' id='line_1_23' title="bbox 1034 1224 1869 1295; baseline 0.006 -16"><span class='ocrx_word' id='word_1_139' title='bbox 1034 1225 1137 1279; x_wconf 87' lang='lat' dir='ltr'><strong>Parata</strong></span> <span class='ocrx_word' id='word_1_140' title='bbox 1153 1241 1223 1280; x_wconf 90' lang='lat' dir='ltr'><strong>vcro</strong></span> <span class='ocrx_word' id='word_1_141' title='bbox 1234 1226 1378 1295; x_wconf 89' lang='lat' dir='ltr'><strong>navicula,</strong></span> <span class='ocrx_word' id='word_1_142' title='bbox 1390 1241 1443 1295; x_wconf 87' lang='lat' dir='ltr'><strong>per</strong></span> <span class='ocrx_word' id='word_1_143' title='bbox 1454 1225 1651 1282; x_wconf 87' lang='lat' dir='ltr'><strong>internuntios</strong></span> <span class='ocrx_word' id='word_1_144' title='bbox 1673 1224 1739 1282; x_wconf 89' lang='lat' dir='ltr'><strong>Otto</strong></span> <span class='ocrx_word' id='word_1_145' title='bbox 1756 1229 1869 1284; x_wconf 77' lang='lat' dir='ltr'><strong>botha-</strong></span> 
     </span>
     <span class='ocr_line' id='line_1_24' title="bbox 1032 1313 1865 1386; baseline 0.006 -18"><span class='ocrx_word' id='word_1_146' title='bbox 1032 1314 1077 1368; x_wconf 91' lang='lat' dir='ltr'><strong>rio</strong></span> <span class='ocrx_word' id='word_1_147' title='bbox 1092 1315 1210 1369; x_wconf 89' lang='lat' dir='ltr'><strong>mandat</strong></span> <span class='ocrx_word' id='word_1_148' title='bbox 1224 1317 1264 1382; x_wconf 93' lang='lat' dir='ltr'><strong>ut,</strong></span> <span class='ocrx_word' id='word_1_149' title='bbox 1275 1315 1302 1368; x_wconf 90' lang='lat' dir='ltr'><strong>si</strong></span> <span class='ocrx_word' id='word_1_150' title='bbox 1313 1315 1340 1369; x_wconf 89' lang='lat' dir='ltr'><strong>ci</strong></span> <span class='ocrx_word' id='word_1_151' title='bbox 1355 1313 1513 1369; x_wconf 88' lang='lat' dir='ltr'><strong>dimicandi</strong></span> <span class='ocrx_word' id='word_1_152' title='bbox 1524 1313 1667 1370; x_wconf 89' lang='lat' dir='ltr'><strong>sedulitas</strong></span> <span class='ocrx_word' id='word_1_153' title='bbox 1683 1319 1865 1386; x_wconf 87' lang='lat' dir='ltr'><strong>suppeteret,</strong></span> 
     </span>
     <span class='ocr_line' id='line_1_25' title="bbox 1031 1402 1866 1473; baseline 0.007 -18"><span class='ocrx_word' id='word_1_154' title='bbox 1031 1402 1866 1473; x_wconf 85' lang='lat' dir='ltr'><strong>autilleprcieetosumptisobsidibus,nefortevideiieet</strong></span> 
     </span>
     <span class='ocr_line' id='line_1_26' title="bbox 1031 1491 1866 1562; baseline 0.005 -17"><span class='ocrx_word' id='word_1_155' title='bbox 1031 1491 1129 1562; x_wconf 87' lang='lat' dir='ltr'><strong>aliqua</strong></span> <span class='ocrx_word' id='word_1_156' title='bbox 1140 1506 1262 1546; x_wconf 90' lang='lat' dir='ltr'><strong>suorum</strong></span> <span class='ocrx_word' id='word_1_157' title='bbox 1272 1494 1354 1562; x_wconf 89' lang='lat' dir='ltr'><strong>parte</strong></span> <span class='ocrx_word' id='word_1_158' title='bbox 1368 1493 1527 1560; x_wconf 89' lang='lat' dir='ltr'><strong>transacta,</strong></span> <span class='ocrx_word' id='word_1_159' title='bbox 1536 1491 1672 1560; x_wconf 90' lang='lat' dir='ltr'><strong>pluribus</strong></span> <span class='ocrx_word' id='word_1_160' title='bbox 1681 1508 1754 1548; x_wconf 90' lang='lat' dir='ltr'><strong>vero</strong></span> <span class='ocrx_word' id='word_1_161' title='bbox 1766 1499 1866 1550; x_wconf 91' lang='lat' dir='ltr'><strong>traus-</strong></span> 
     </span>
     <span class='ocr_line' id='line_1_27' title="bbox 1030 1579 1862 1652; baseline 0.007 -20"><span class='ocrx_word' id='word_1_162' title='bbox 1030 1579 1160 1651; x_wconf 90' lang='lat' dir='ltr'><strong>igendis,</strong></span> <span class='ocrx_word' id='word_1_163' title='bbox 1186 1579 1252 1634; x_wconf 90' lang='lat' dir='ltr'><strong>dolo</strong></span> <span class='ocrx_word' id='word_1_164' title='bbox 1281 1580 1338 1635; x_wconf 91' lang='lat' dir='ltr'><strong>iter</strong></span> <span class='ocrx_word' id='word_1_165' title='bbox 1358 1579 1614 1635; x_wconf 88' lang='lat' dir='ltr'><strong>intercludendum</strong></span> <span class='ocrx_word' id='word_1_166' title='bbox 1643 1582 1862 1652; x_wconf 89' lang='lat' dir='ltr'><strong>suspicaretur,</strong></span> 
     </span>
    </p>
   </div>
   <div class='ocr_carea' id='block_1_6' title="bbox 140 1664 1864 1829">
    <p class='ocr_par' dir='ltr' id='par_1_6' title="bbox 140 1664 1864 1829">
     <span class='ocr_line' id='line_1_28' title="bbox 141 1664 1864 1747; baseline -0.002 -16"><span class='ocrx_word' id='word_1_167' title='bbox 141 1664 973 1747; x_wconf 73' lang='lat' dir='ltr'><strong>sibusprimcltemensium,deindeLsudunensium,sed</strong></span> <span class='ocrx_word' id='word_1_168' title='bbox 1029 1673 1190 1740; x_wconf 89' lang='lat' dir='ltr'><strong>pugnatum</strong></span> <span class='ocrx_word' id='word_1_169' title='bbox 1206 1666 1333 1723; x_wconf 88' lang='lat' dir='ltr'><strong>transire</strong></span> <span class='ocrx_word' id='word_1_170' title='bbox 1348 1667 1518 1740; x_wconf 69' lang='lat' dir='ltr'><strong>festinaret,</strong></span> <span class='ocrx_word' id='word_1_171' title='bbox 1546 1670 1595 1722; x_wconf 91' lang='lat' dir='ltr'><strong>aut</strong></span> <span class='ocrx_word' id='word_1_172' title='bbox 1609 1673 1729 1724; x_wconf 90' lang='lat' dir='ltr'><strong>econtra</strong></span> <span class='ocrx_word' id='word_1_173' title='bbox 1744 1670 1811 1741; x_wconf 87' lang='lat' dir='ltr'><strong>ipse</strong></span> <span class='ocrx_word' id='word_1_174' title='bbox 1827 1671 1864 1728; x_wconf 90' lang='lat' dir='ltr'><strong>ab</strong></span> 
     </span>
     <span class='ocr_line' id='line_1_29' title="bbox 140 1750 1864 1829; baseline -0.003 -9"><span class='ocrx_word' id='word_1_175' title='bbox 140 1769 169 1820; x_wconf 89' lang='lat' dir='ltr'><strong>et</strong></span> <span class='ocrx_word' id='word_1_176' title='bbox 182 1761 456 1829; x_wconf 90' lang='lat' dir='ltr'><strong>Suessionensium,</strong></span> <span class='ocrx_word' id='word_1_177' title='bbox 467 1757 630 1813; x_wconf 90' lang='lat' dir='ltr'><strong>novissima</strong></span> <span class='ocrx_word' id='word_1_178' title='bbox 640 1770 712 1810; x_wconf 89' lang='lat' dir='ltr'><strong>vero</strong></span> <span class='ocrx_word' id='word_1_179' title='bbox 726 1758 827 1824; x_wconf 89' lang='lat' dir='ltr'><strong>partes</strong></span> <span class='ocrx_word' id='word_1_180' title='bbox 843 1753 971 1808; x_wconf 75' lang='lat' dir='ltr'><strong>Parisio—</strong></span> <span class='ocrx_word' id='word_1_181' title='bbox 985 1750 1013 1813; x_wconf 91' lang='lat' dir='ltr'>B</span> <span class='ocrx_word' id='word_1_182' title='bbox 1028 1758 1196 1827; x_wconf 89' lang='lat' dir='ltr'><strong>eosumptis</strong></span> <span class='ocrx_word' id='word_1_183' title='bbox 1206 1772 1323 1828; x_wconf 91' lang='lat' dir='ltr'><strong>quoque</strong></span> <span class='ocrx_word' id='word_1_184' title='bbox 1334 1757 1500 1826; x_wconf 90' lang='lat' dir='ltr'><strong>obsidibus,</strong></span> <span class='ocrx_word' id='word_1_185' title='bbox 1511 1771 1648 1812; x_wconf 90' lang='lat' dir='ltr'><strong>remenso</strong></span> <span class='ocrx_word' id='word_1_186' title='bbox 1658 1758 1748 1813; x_wconf 85' lang='lat' dir='ltr'><strong>tiuvio</strong></span> <span class='ocrx_word' id='word_1_187' title='bbox 1759 1761 1864 1814; x_wconf 88' lang='lat' dir='ltr'><strong>adven·</strong></span> 
     </span>
    </p>
   </div>
   <div class='ocr_carea' id='block_1_7' title="bbox 129 1841 971 2978">
    <p class='ocr_par' dir='ltr' id='par_1_7' title="bbox 130 1841 971 2803">
     <span class='ocr_line' id='line_1_30' title="bbox 138 1841 970 1922; baseline -0.014 -14"><span class='ocrx_word' id='word_1_188' title='bbox 138 1867 205 1908; x_wconf 88' lang='lat' dir='ltr'><strong>rum</strong></span> <span class='ocrx_word' id='word_1_189' title='bbox 213 1853 332 1906; x_wconf 90' lang='lat' dir='ltr'><strong>diversa</strong></span> <span class='ocrx_word' id='word_1_190' title='bbox 341 1852 425 1922; x_wconf 89' lang='lat' dir='ltr'><strong>peste</strong></span> <span class='ocrx_word' id='word_1_191' title='bbox 435 1847 571 1902; x_wconf 88' lang='lat' dir='ltr'><strong>vastavit.</strong></span> <span class='ocrx_word' id='word_1_192' title='bbox 584 1843 719 1899; x_wconf 89' lang='lat' dir='ltr'><strong>Paternis</strong></span> <span class='ocrx_word' id='word_1_193' title='bbox 730 1848 826 1897; x_wconf 87' lang='lat' dir='ltr'><strong>tamen</strong></span> <span class='ocrx_word' id='word_1_194' title='bbox 837 1841 970 1897; x_wconf 89' lang='lat' dir='ltr'><strong>moribus</strong></span> 
     </span>
     <span class='ocr_line' id='line_1_31' title="bbox 137 1932 971 2008; baseline -0.014 -13"><span class='ocrx_word' id='word_1_195' title='bbox 137 1942 313 2008; x_wconf 90' lang='lat' dir='ltr'><strong>instructus,</strong></span> <span class='ocrx_word' id='word_1_196' title='bbox 331 1937 485 1992; x_wconf 83' lang='lat' dir='ltr'><strong>aecclesias</strong></span> <span class='ocrx_word' id='word_1_197' title='bbox 494 1934 674 2001; x_wconf 82' lang='lat' dir='ltr'><strong>observavit,</strong></span> <span class='ocrx_word' id='word_1_198' title='bbox 684 1932 773 1985; x_wconf 88' lang='lat' dir='ltr'><strong>immo</strong></span> <span class='ocrx_word' id='word_1_199' title='bbox 782 1932 868 1985; x_wconf 90' lang='lat' dir='ltr'><strong>etiam</strong></span> <span class='ocrx_word' id='word_1_200' title='bbox 879 1946 971 1999; x_wconf 87' lang='lat' dir='ltr'><strong>oppu-</strong></span> 
     </span>
     <span class='ocr_line' id='line_1_32' title="bbox 137 2019 969 2092; baseline -0.01 -9"><span class='ocrx_word' id='word_1_201' title='bbox 137 2019 969 2092; x_wconf 88' lang='lat' dir='ltr'><strong>lentismuneribusditarepotiusestimovit.Deindevero</strong></span> 
     </span>
     <span class='ocr_line' id='line_1_33' title="bbox 137 2107 970 2188; baseline -0.014 -16"><span class='ocrx_word' id='word_1_202' title='bbox 137 2118 173 2172; x_wconf 91' lang='lat' dir='ltr'><strong>ad</strong></span> <span class='ocrx_word' id='word_1_203' title='bbox 188 2117 384 2188; x_wconf 88' lang='lat' dir='ltr'><strong>pompandam</strong></span> <span class='ocrx_word' id='word_1_204' title='bbox 405 2114 538 2168; x_wconf 79' lang='lat' dir='ltr'><strong>victoriae</strong></span> <span class='ocrx_word' id='word_1_205' title='bbox 554 2127 618 2166; x_wconf 77' lang='lat' dir='ltr'><strong>sure</strong></span> <span class='ocrx_word' id='word_1_206' title='bbox 633 2110 756 2182; x_wconf 88' lang='lat' dir='ltr'><strong>gloriam</strong></span> <span class='ocrx_word' id='word_1_207' title='bbox 772 2108 901 2179; x_wconf 86' lang='lat' dir='ltr'><strong>Hugoni,</strong></span> <span class='ocrx_word' id='word_1_208' title='bbox 918 2107 970 2178; x_wconf 92' lang='lat' dir='ltr'><strong>qui</strong></span> 
     </span>
     <span class='ocr_line' id='line_1_34' title="bbox 137 2197 965 2272; baseline -0.011 -13"><span class='ocrx_word' id='word_1_209' title='bbox 137 2207 276 2260; x_wconf 85' lang='lat' dir='ltr'><strong>Parisius</strong></span> <span class='ocrx_word' id='word_1_210' title='bbox 306 2203 473 2271; x_wconf 89' lang='lat' dir='ltr'><strong>residebat,</strong></span> <span class='ocrx_word' id='word_1_211' title='bbox 498 2217 551 2271; x_wconf 92' lang='lat' dir='ltr'><strong>per</strong></span> <span class='ocrx_word' id='word_1_212' title='bbox 575 2200 750 2272; x_wconf 82' lang='lat' dir='ltr'><strong>legationem</strong></span> <span class='ocrx_word' id='word_1_213' title='bbox 774 2197 965 2265; x_wconf 87' lang='lat' dir='ltr'><strong>denuncians,</strong></span> 
     </span>
     <span class='ocr_line' id='line_1_35' title="bbox 134 2285 967 2366; baseline -0.011 -18"><span class='ocrx_word' id='word_1_214' title='bbox 134 2294 214 2366; x_wconf 92' lang='lat' dir='ltr'><strong>quod</strong></span> <span class='ocrx_word' id='word_1_215' title='bbox 228 2294 257 2347; x_wconf 91' lang='lat' dir='ltr'><strong>in</strong></span> <span class='ocrx_word' id='word_1_216' title='bbox 271 2296 379 2348; x_wconf 90' lang='lat' dir='ltr'><strong>tantam</strong></span> <span class='ocrx_word' id='word_1_217' title='bbox 390 2290 600 2345; x_wconf 85' lang='lat' dir='ltr'><strong>sublimitatem</strong></span> <span class='ocrx_word' id='word_1_218' title='bbox 613 2286 739 2342; x_wconf 77' lang='lat' dir='ltr'><strong>Alleluia</strong></span> <span class='ocrx_word' id='word_1_219' title='bbox 751 2286 861 2340; x_wconf 83' lang='lat' dir='ltr'><strong>faceret</strong></span> <span class='ocrx_word' id='word_1_220' title='bbox 876 2285 903 2339; x_wconf 91' lang='lat' dir='ltr'><strong>ei</strong></span> <span class='ocrx_word' id='word_1_221' title='bbox 914 2285 967 2339; x_wconf 88' lang='lat' dir='ltr'><strong>de-</strong></span> 
     </span>
     <span class='ocr_line' id='line_1_36' title="bbox 135 2373 965 2452; baseline -0.013 -14"><span class='ocrx_word' id='word_1_222' title='bbox 135 2382 256 2451; x_wconf 88' lang='lat' dir='ltr'><strong>cantari,</strong></span> <span class='ocrx_word' id='word_1_223' title='bbox 264 2383 294 2435; x_wconf 95' lang='lat' dir='ltr'><strong>in</strong></span> <span class='ocrx_word' id='word_1_224' title='bbox 303 2378 618 2452; x_wconf 87' lang='lat' dir='ltr'><strong>quentanonaudierit,</strong></span> <span class='ocrx_word' id='word_1_225' title='bbox 630 2375 732 2430; x_wconf 88' lang='lat' dir='ltr'><strong>accitis</strong></span> <span class='ocrx_word' id='word_1_226' title='bbox 742 2373 965 2446; x_wconf 87' lang='lat' dir='ltr'><strong>quampluribus</strong></span> 
     </span>
     <span class='ocr_line' id='line_1_37' title="bbox 134 2463 965 2534; baseline -0.011 -9"><span class='ocrx_word' id='word_1_227' title='bbox 134 2471 253 2526; x_wconf 90' lang='lat' dir='ltr'><strong>clericis</strong></span> <span class='ocrx_word' id='word_1_228' title='bbox 264 2469 393 2525; x_wconf 86' lang='lat' dir='ltr'><strong>Alleluia</strong></span> <span class='ocrx_word' id='word_1_229' title='bbox 406 2474 434 2523; x_wconf 91' lang='lat' dir='ltr'><strong>te</strong></span> <span class='ocrx_word' id='word_1_230' title='bbox 446 2469 600 2523; x_wconf 84' lang='lat' dir='ltr'><strong>inartirum</strong></span> <span class='ocrx_word' id='word_1_231' title='bbox 608 2467 636 2519; x_wconf 95' lang='lat' dir='ltr'><strong>in</strong></span> <span class='ocrx_word' id='word_1_232' title='bbox 644 2465 709 2519; x_wconf 92' lang='lat' dir='ltr'><strong>loco</strong></span> <span class='ocrx_word' id='word_1_233' title='bbox 717 2463 869 2534; x_wconf 92' lang='lat' dir='ltr'><strong>quidiotur</strong></span> <span class='ocrx_word' id='word_1_234' title='bbox 879 2477 965 2517; x_wconf 87' lang='lat' dir='ltr'><strong>mons</strong></span> 
     </span>
     <span class='ocr_line' id='line_1_38' title="bbox 130 2551 964 2627; baseline -0.011 -14"><span class='ocrx_word' id='word_1_235' title='bbox 130 2556 295 2627; x_wconf 83' lang='lat' dir='ltr'><strong>Martirum,</strong></span> <span class='ocrx_word' id='word_1_236' title='bbox 306 2558 337 2611; x_wconf 92' lang='lat' dir='ltr'><strong>in</strong></span> <span class='ocrx_word' id='word_1_237' title='bbox 346 2559 459 2610; x_wconf 88' lang='lat' dir='ltr'><strong>tantum</strong></span> <span class='ocrx_word' id='word_1_238' title='bbox 469 2555 554 2609; x_wconf 91' lang='lat' dir='ltr'><strong>elatis</strong></span> <span class='ocrx_word' id='word_1_239' title='bbox 566 2555 691 2608; x_wconf 87' lang='lat' dir='ltr'><strong>vocibus</strong></span> <span class='ocrx_word' id='word_1_240' title='bbox 700 2551 849 2607; x_wconf 88' lang='lat' dir='ltr'><strong>decantari</strong></span> <span class='ocrx_word' id='word_1_241' title='bbox 859 2565 964 2620; x_wconf 90' lang='lat' dir='ltr'><strong>prece·</strong></span> 
     </span>
     <span class='ocr_line' id='line_1_39' title="bbox 132 2639 963 2716; baseline -0.012 -15"><span class='ocrx_word' id='word_1_242' title='bbox 132 2648 182 2716; x_wconf 90' lang='lat' dir='ltr'><strong>pit,</strong></span> <span class='ocrx_word' id='word_1_243' title='bbox 195 2649 226 2701; x_wconf 92' lang='lat' dir='ltr'><strong>ut</strong></span> <span class='ocrx_word' id='word_1_244' title='bbox 239 2646 371 2700; x_wconf 86' lang='lat' dir='ltr'><strong>attonitis</strong></span> <span class='ocrx_word' id='word_1_245' title='bbox 383 2644 505 2698; x_wconf 89' lang='lat' dir='ltr'><strong>nuribus</strong></span> <span class='ocrx_word' id='word_1_246' title='bbox 534 2643 598 2713; x_wconf 89' lang='lat' dir='ltr'><strong>ipse</strong></span> <span class='ocrx_word' id='word_1_247' title='bbox 612 2642 699 2712; x_wconf 91' lang='lat' dir='ltr'><strong>Hugc</strong></span> <span class='ocrx_word' id='word_1_248' title='bbox 723 2643 752 2694; x_wconf 93' lang='lat' dir='ltr'><strong>et</strong></span> <span class='ocrx_word' id='word_1_249' title='bbox 767 2639 864 2694; x_wconf 89' lang='lat' dir='ltr'><strong>omnis</strong></span> <span class='ocrx_word' id='word_1_250' title='bbox 878 2639 963 2692; x_wconf 89' lang='lat' dir='ltr'><strong>Pari·</strong></span> 
     </span>
     <span class='ocr_line' id='line_1_40' title="bbox 132 2727 582 2803; baseline -0.011 -13"><span class='ocrx_word' id='word_1_251' title='bbox 132 2735 246 2790; x_wconf 91' lang='lat' dir='ltr'><strong>siorum</strong></span> <span class='ocrx_word' id='word_1_252' title='bbox 259 2734 345 2803; x_wconf 90' lang='lat' dir='ltr'><strong>plebs</strong></span> <span class='ocrx_word' id='word_1_253' title='bbox 361 2733 518 2787; x_wconf 89' lang='lat' dir='ltr'><strong>miraretur</strong></span> <span class='ocrx_word' id='word_1_254' title='bbox 531 2727 582 2785; x_wconf 71' lang='lat'><strong>167.</strong></span> 
     </span>
    </p>

    <p class='ocr_par' dir='ltr' id='par_1_8' title="bbox 129 2815 961 2978">
     <span class='ocr_line' id='line_1_41' title="bbox 165 2815 959 2892; baseline -0.01 -15"><span class='ocrx_word' id='word_1_255' title='bbox 165 2819 210 2877; x_wconf 87' lang='lat'><strong>98.</strong></span> <span class='ocrx_word' id='word_1_256' title='bbox 222 2822 291 2892; x_wconf 79' lang='lat'><strong>(97.)</strong></span> <span class='ocrx_word' id='word_1_257' title='bbox 307 2821 366 2876; x_wconf 85' lang='lat' dir='ltr'><strong>Ubi</strong></span> <span class='ocrx_word' id='word_1_258' title='bbox 379 2818 684 2875; x_wconf 84' lang='lat' dir='ltr'><strong>LotbariusOttonem</strong></span> <span class='ocrx_word' id='word_1_259' title='bbox 703 2816 877 2888; x_wconf 86' lang='lat' dir='ltr'><strong>insequitur,</strong></span> <span class='ocrx_word' id='word_1_260' title='bbox 896 2815 959 2883; x_wconf 89' lang='lat' dir='ltr'><strong>sed,</strong></span> 
     </span>
     <span class='ocr_line' id='line_1_42' title="bbox 129 2903 961 2978; baseline -0.01 -12"><span class='ocrx_word' id='word_1_261' title='bbox 129 2910 335 2968; x_wconf 72' lang='lat' dir='ltr'><strong>Anouatluvio</strong></span> <span class='ocrx_word' id='word_1_262' title='bbox 353 2911 588 2978; x_wconf 85' lang='lat' dir='ltr'><strong>intercurrente,</strong></span> <span class='ocrx_word' id='word_1_263' title='bbox 611 2922 708 2978; x_wconf 76' lang='lat' dir='ltr'><strong>pugna</strong></span> <span class='ocrx_word' id='word_1_264' title='bbox 731 2903 882 2960; x_wconf 74' lang='lat' dir='ltr'><strong>differtur.</strong></span> <span class='ocrx_word' id='word_1_265' title='bbox 906 2903 961 2969; x_wconf 89' lang='lat' dir='ltr'><strong>Qui</strong></span> 
     </span>
    </p>
   </div>
   <div class='ocr_carea' id='block_1_8' title="bbox 1018 1845 1861 2979">
    <p class='ocr_par' dir='ltr' id='par_1_9' title="bbox 1018 1845 1861 2979">
     <span class='ocr_line' id='line_1_43' title="bbox 1028 1845 1859 1920; baseline 0.002 -20"><span class='ocrx_word' id='word_1_266' title='bbox 1028 1861 1082 1900; x_wconf 89' lang='lat' dir='ltr'><strong>sus</strong></span> <span class='ocrx_word' id='word_1_267' title='bbox 1097 1846 1178 1902; x_wconf 91' lang='lat' dir='ltr'><strong>illum</strong></span> <span class='ocrx_word' id='word_1_268' title='bbox 1193 1849 1347 1913; x_wconf 90' lang='lat' dir='ltr'><strong>remearet,</strong></span> <span class='ocrx_word' id='word_1_269' title='bbox 1365 1845 1584 1917; x_wconf 88' lang='lat' dir='ltr'><strong>commissaque</strong></span> <span class='ocrx_word' id='word_1_270' title='bbox 1606 1846 1734 1902; x_wconf 86' lang='lat' dir='ltr'><strong>invicem</strong></span> <span class='ocrx_word' id='word_1_271' title='bbox 1748 1863 1859 1920; x_wconf 87' lang='lat' dir='ltr'><strong>pugna,</strong></span> 
     </span>
     <span class='ocr_line' id='line_1_44' title="bbox 1028 1933 1861 2005; baseline 0.005 -17"><span class='ocrx_word' id='word_1_272' title='bbox 1028 1934 1074 1988; x_wconf 91' lang='lat' dir='ltr'><strong>eui</strong></span> <span class='ocrx_word' id='word_1_273' title='bbox 1090 1933 1170 1989; x_wconf 88' lang='lat' dir='ltr'><strong>Deus</strong></span> <span class='ocrx_word' id='word_1_274' title='bbox 1179 1935 1329 2003; x_wconf 90' lang='lat' dir='ltr'><strong>annueret,</strong></span> <span class='ocrx_word' id='word_1_275' title='bbox 1342 1934 1491 1988; x_wconf 91' lang='lat' dir='ltr'><strong>laurentus</strong></span> <span class='ocrx_word' id='word_1_276' title='bbox 1504 1935 1590 2005; x_wconf 89' lang='lat' dir='ltr'><strong>regni</strong></span> <span class='ocrx_word' id='word_1_277' title='bbox 1612 1935 1736 2005; x_wconf 91' lang='lat' dir='ltr'><strong>imperio</strong></span> <span class='ocrx_word' id='word_1_278' title='bbox 1747 1937 1861 2004; x_wconf 88' lang='lat' dir='ltr'><strong>potire-</strong></span> 
     </span>
     <span class='ocr_line' id='line_1_45' title="bbox 1028 2021 1860 2093; baseline 0.004 -17"><span class='ocrx_word' id='word_1_279' title='bbox 1028 2026 1086 2077; x_wconf 90' lang='lat' dir='ltr'><strong>tur.</strong></span> <span class='ocrx_word' id='word_1_280' title='bbox 1101 2022 1278 2092; x_wconf 88' lang='lat' dir='ltr'><strong>Hocaudito,</strong></span> <span class='ocrx_word' id='word_1_281' title='bbox 1291 2037 1393 2077; x_wconf 89' lang='lat' dir='ltr'><strong>comes</strong></span> <span class='ocrx_word' id='word_1_282' title='bbox 1404 2022 1522 2093; x_wconf 91' lang='lat' dir='ltr'><strong>quidam</strong></span> <span class='ocrx_word' id='word_1_283' title='bbox 1532 2021 1704 2078; x_wconf 85' lang='lat' dir='ltr'><strong>Goisiridus</strong></span> <span class='ocrx_word' id='word_1_284' title='bbox 1719 2024 1860 2093; x_wconf 73' lang='grc' dir='ltr'>(903)ηο-</span> 
     </span>
     <span class='ocr_line' id='line_1_46' title="bbox 1027 2110 1860 2183; baseline 0.004 -18"><span class='ocrx_word' id='word_1_285' title='bbox 1027 2111 1493 2181; x_wconf 90' lang='lat' dir='ltr'><strong>mineprorumpensinvoceait:</strong></span> <span class='ocrx_word' id='word_1_286' title='bbox 1507 2110 1602 2176; x_wconf 80' lang='lat' dir='ltr'><strong>«Quid</strong></span> <span class='ocrx_word' id='word_1_287' title='bbox 1621 2114 1664 2166; x_wconf 92' lang='lat' dir='ltr'><strong>tot</strong></span> <span class='ocrx_word' id='word_1_288' title='bbox 1680 2112 1717 2167; x_wconf 91' lang='lat' dir='ltr'><strong>ab</strong></span> <span class='ocrx_word' id='word_1_289' title='bbox 1736 2115 1860 2183; x_wconf 88' lang='lat' dir='ltr'><strong>utraque</strong></span> 
     </span>
     <span class='ocr_line' id='line_1_47' title="bbox 1026 2199 1859 2271; baseline 0.006 -19"><span class='ocrx_word' id='word_1_290' title='bbox 1026 2202 1109 2270; x_wconf 91' lang='lat' dir='ltr'><strong>parte</strong></span> <span class='ocrx_word' id='word_1_291' title='bbox 1117 2200 1287 2254; x_wconf 75' lang='lat' dir='ltr'><strong>caedentur?</strong></span> <span class='ocrx_word' id='word_1_292' title='bbox 1299 2199 1424 2253; x_wconf 90' lang='lat' dir='ltr'><strong>Veniant</strong></span> <span class='ocrx_word' id='word_1_293' title='bbox 1436 2199 1522 2254; x_wconf 90' lang='lat' dir='ltr'><strong>ambo</strong></span> <span class='ocrx_word' id='word_1_294' title='bbox 1537 2215 1628 2271; x_wconf 91' lang='lat' dir='ltr'><strong>reges</strong></span> <span class='ocrx_word' id='word_1_295' title='bbox 1643 2199 1674 2255; x_wconf 92' lang='lat' dir='ltr'><strong>in</strong></span> <span class='ocrx_word' id='word_1_296' title='bbox 1689 2216 1782 2256; x_wconf 91' lang='lat' dir='ltr'><strong>unum</strong></span> <span class='ocrx_word' id='word_1_297' title='bbox 1793 2204 1859 2257; x_wconf 70' lang='lat' dir='ltr'><strong>tan</strong></span> 
     </span>
     <span class='ocr_line' id='line_1_48' title="bbox 1025 2287 1859 2359; baseline 0.004 -17"><span class='ocrx_word' id='word_1_298' title='bbox 1025 2289 1185 2356; x_wconf 89' lang='lat' dir='ltr'><strong>tummodo,</strong></span> <span class='ocrx_word' id='word_1_299' title='bbox 1198 2288 1344 2358; x_wconf 92' lang='lat' dir='ltr'><strong>nobisque</strong></span> <span class='ocrx_word' id='word_1_300' title='bbox 1363 2287 1467 2357; x_wconf 91' lang='lat' dir='ltr'><strong>procui</strong></span> <span class='ocrx_word' id='word_1_301' title='bbox 1484 2288 1698 2359; x_wconf 90' lang='lat' dir='ltr'><strong>spectantibus,</strong></span> <span class='ocrx_word' id='word_1_302' title='bbox 1712 2305 1859 2345; x_wconf 87' lang='lat' dir='ltr'><strong>summam</strong></span> 
     </span>
     <span class='ocr_line' id='line_1_49' title="bbox 1024 2376 1860 2448; baseline 0.006 -18"><span class='ocrx_word' id='word_1_303' title='bbox 1024 2376 1860 2448; x_wconf 81' lang='lat' dir='ltr'><strong>periculisolisubeuntesunaconterantur,unoquet&#39;uso</strong></span> 
     </span>
     <span class='ocr_line' id='line_1_50' title="bbox 1024 2464 1858 2536; baseline 0.005 -17"><span class='ocrx_word' id='word_1_304' title='bbox 1024 2466 1116 2520; x_wconf 89' lang='lat' dir='ltr'><strong>ceteri</strong></span> <span class='ocrx_word' id='word_1_305' title='bbox 1125 2466 1270 2520; x_wconf 88' lang='lat' dir='ltr'><strong>reservati</strong></span> <span class='ocrx_word' id='word_1_306' title='bbox 1280 2464 1598 2536; x_wconf 86' lang='lat' dir='ltr'><strong>victorisubjicisntur.</strong></span> <span class='ocrx_word' id='word_1_307' title='bbox 1612 2465 1678 2519; x_wconf 80' lang='lat' dir='ltr'><strong>»Ad</strong></span> <span class='ocrx_word' id='word_1_308' title='bbox 1689 2466 1754 2522; x_wconf 87' lang='lat' dir='ltr'><strong>haec</strong></span> <span class='ocrx_word' id='word_1_309' title='bbox 1764 2466 1858 2523; x_wconf 89' lang='lat' dir='ltr'><strong>Gode·</strong></span> 
     </span>
     <span class='ocr_line' id='line_1_51' title="bbox 1023 2552 1855 2627; baseline 0.004 -20"><span class='ocrx_word' id='word_1_310' title='bbox 1023 2552 1119 2608; x_wconf 84' lang='lat' dir='ltr'><strong>fridus</strong></span> <span class='ocrx_word' id='word_1_311' title='bbox 1130 2555 1229 2609; x_wconf 90' lang='lat' dir='ltr'><strong>itidem</strong></span> <span class='ocrx_word' id='word_1_312' title='bbox 1251 2570 1351 2608; x_wconf 87' lang='lat' dir='ltr'><strong>comes</strong></span> <span class='ocrx_word' id='word_1_313' title='bbox 1374 2569 1441 2609; x_wconf 91' lang='lat' dir='ltr'><strong>cum</strong></span> <span class='ocrx_word' id='word_1_314' title='bbox 1458 2553 1678 2626; x_wconf 81' lang='lat' dir='ltr'><strong>indignatione:</strong></span> <span class='ocrx_word' id='word_1_315' title='bbox 1696 2555 1855 2627; x_wconf 84' lang='lat' dir='ltr'><strong>«Semper,</strong></span> 
     </span>
     <span class='ocr_line' id='line_1_52' title="bbox 1021 2641 1855 2715; baseline 0.007 -21"><span class='ocrx_word' id='word_1_316' title='bbox 1021 2641 1124 2713; x_wconf 93' lang='lat' dir='ltr'><strong>inquit,</strong></span> <span class='ocrx_word' id='word_1_317' title='bbox 1137 2646 1378 2715; x_wconf 88' lang='lat' dir='ltr'><strong>vestrumragem</strong></span> <span class='ocrx_word' id='word_1_318' title='bbox 1386 2642 1678 2699; x_wconf 85' lang='lat' dir='ltr'><strong>vobisvilemhabcri</strong></span> <span class='ocrx_word' id='word_1_319' title='bbox 1686 2643 1855 2700; x_wconf 88' lang='lat' dir='ltr'><strong>audivimus</strong></span> 
     </span>
     <span class='ocr_line' id='line_1_53' title="bbox 1020 2731 1855 2801; baseline 0.001 -16"><span class='ocrx_word' id='word_1_320' title='bbox 1020 2747 1078 2785; x_wconf 92' lang='lat' dir='ltr'><strong>non</strong></span> <span class='ocrx_word' id='word_1_321' title='bbox 1090 2732 1244 2786; x_wconf 90' lang='lat' dir='ltr'><strong>erodentes</strong></span> <span class='ocrx_word' id='word_1_322' title='bbox 1257 2747 1264 2800; x_wconf 80' lang='lat'><em>3</em></span> <span class='ocrx_word' id='word_1_323' title='bbox 1277 2733 1470 2799; x_wconf 88' lang='lat' dir='ltr'><strong>nuncautem,</strong></span> <span class='ocrx_word' id='word_1_324' title='bbox 1482 2731 1708 2801; x_wconf 88' lang='lat' dir='ltr'><strong>vobismetipsis</strong></span> <span class='ocrx_word' id='word_1_325' title='bbox 1737 2732 1855 2788; x_wconf 87' lang='lat' dir='ltr'><strong>fatenti·</strong></span> 
     </span>
     <span class='ocr_line' id='line_1_54' title="bbox 1018 2819 1855 2890; baseline 0.004 -17"><span class='ocrx_word' id='word_1_326' title='bbox 1018 2819 1086 2888; x_wconf 92' lang='lat' dir='ltr'><strong>bus,</strong></span> <span class='ocrx_word' id='word_1_327' title='bbox 1100 2819 1222 2874; x_wconf 89' lang='lat' dir='ltr'><strong>credere</strong></span> <span class='ocrx_word' id='word_1_328' title='bbox 1234 2819 1279 2873; x_wconf 87' lang='lat' dir='ltr'><strong>las</strong></span> <span class='ocrx_word' id='word_1_329' title='bbox 1288 2821 1344 2874; x_wconf 89' lang='lat' dir='ltr'><strong>est.</strong></span> <span class='ocrx_word' id='word_1_330' title='bbox 1356 2819 1522 2889; x_wconf 90' lang='lat' dir='ltr'><strong>Numquam</strong></span> <span class='ocrx_word' id='word_1_331' title='bbox 1533 2819 1855 2890; x_wconf 89' lang='lat' dir='ltr'><strong>nobisquiesoentibus</strong></span> 
     </span>
     <span class='ocr_line' id='line_1_55' title="bbox 1019 2908 1854 2979; baseline 0.005 -17"><span class='ocrx_word' id='word_1_332' title='bbox 1019 2912 1121 2962; x_wconf 90' lang='lat' dir='ltr'><strong>noster</strong></span> <span class='ocrx_word' id='word_1_333' title='bbox 1128 2909 1286 2978; x_wconf 90' lang='lat' dir='ltr'><strong>imperator</strong></span> <span class='ocrx_word' id='word_1_334' title='bbox 1294 2908 1450 2978; x_wconf 76' lang='lat' dir='ltr'><strong>pugnabit,</strong></span> <span class='ocrx_word' id='word_1_335' title='bbox 1459 2924 1619 2979; x_wconf 91' lang='lat' dir='ltr'><strong>numquam</strong></span> <span class='ocrx_word' id='word_1_336' title='bbox 1628 2909 1717 2963; x_wconf 89' lang='lat' dir='ltr'><strong>nobis</strong></span> <span class='ocrx_word' id='word_1_337' title='bbox 1728 2909 1854 2979; x_wconf 89' lang='lat' dir='ltr'><strong>sospiti·</strong></span> 
     </span>
    </p>
   </div>
   <div class='ocr_carea' id='block_1_9' title="bbox 52 2993 1854 5020">
    <p class='ocr_par' dir='ltr' id='par_1_10' title="bbox 52 2993 1853 3244">
     <span class='ocr_line' id='line_1_56' title="bbox 52 2993 1853 3075; baseline 0.001 -21"><span class='ocrx_word' id='word_1_338' title='bbox 52 3014 55 3019; x_wconf 90' lang='lat'>·</span> <span class='ocrx_word' id='word_1_339' title='bbox 130 2995 247 3054; x_wconf 68' lang='lat' dir='ltr'><strong>eumllil</strong></span> <span class='ocrx_word' id='word_1_340' title='bbox 258 2998 332 3053; x_wconf 87' lang='lat' dir='ltr'><strong>sctis</strong></span> <span class='ocrx_word' id='word_1_341' title='bbox 343 2993 962 3066; x_wconf 86' lang='lat' dir='ltr'><strong>exhaustaultionecongruamvicissitudi·</strong></span> <span class='ocrx_word' id='word_1_342' title='bbox 977 3013 1002 3075; x_wconf 77' lang='lat' dir='ltr'><strong>c</strong></span> <span class='ocrx_word' id='word_1_343' title='bbox 1016 2995 1073 3049; x_wconf 90' lang='lat' dir='ltr'><strong>bus</strong></span> <span class='ocrx_word' id='word_1_344' title='bbox 1085 2997 1113 3049; x_wconf 91' lang='lat' dir='ltr'><strong>in</strong></span> <span class='ocrx_word' id='word_1_345' title='bbox 1124 2996 1222 3067; x_wconf 90' lang='lat' dir='ltr'><strong>prelio</strong></span> <span class='ocrx_word' id='word_1_346' title='bbox 1245 2996 1469 3065; x_wconf 88' lang='lat' dir='ltr'><strong>periclitabitur.</strong></span> <span class='ocrx_word' id='word_1_347' title='bbox 1487 2997 1551 3051; x_wconf 90' lang='lat' dir='ltr'><strong>Hoc</strong></span> <span class='ocrx_word' id='word_1_348' title='bbox 1575 2998 1673 3052; x_wconf 88' lang='lat' dir='ltr'><strong>tamen</strong></span> <span class='ocrx_word' id='word_1_349' title='bbox 1695 3013 1764 3052; x_wconf 93' lang='lat' dir='ltr'><strong>enm</strong></span> <span class='ocrx_word' id='word_1_350' title='bbox 1788 2998 1853 3055; x_wconf 87' lang='lat' dir='ltr'><strong>iore</strong></span> 
     </span>
     <span class='ocr_line' id='line_1_57' title="bbox 128 3084 1852 3158; baseline -0.001 -15"><span class='ocrx_word' id='word_1_351' title='bbox 128 3103 196 3143; x_wconf 92' lang='lat' dir='ltr'><strong>nam</strong></span> <span class='ocrx_word' id='word_1_352' title='bbox 208 3103 241 3142; x_wconf 90' lang='lat' dir='ltr'><strong>se</strong></span> <span class='ocrx_word' id='word_1_353' title='bbox 252 3086 428 3156; x_wconf 89' lang='lat' dir='ltr'><strong>rependisse</strong></span> <span class='ocrx_word' id='word_1_354' title='bbox 438 3087 562 3155; x_wconf 87' lang='lat' dir='ltr'><strong>putaret,</strong></span> <span class='ocrx_word' id='word_1_355' title='bbox 574 3084 612 3138; x_wconf 92' lang='lat' dir='ltr'><strong>ad</strong></span> <span class='ocrx_word' id='word_1_356' title='bbox 627 3084 750 3138; x_wconf 87' lang='lat' dir='ltr'><strong>hiberna</strong></span> <span class='ocrx_word' id='word_1_357' title='bbox 775 3085 911 3152; x_wconf 87' lang='lat' dir='ltr'><strong>oportere</strong></span> <span class='ocrx_word' id='word_1_358' title='bbox 928 3096 962 3136; x_wconf 91' lang='lat' dir='ltr'><strong>se</strong></span> <span class='ocrx_word' id='word_1_359' title='bbox 1015 3084 1164 3139; x_wconf 90' lang='lat' dir='ltr'><strong>victurum</strong></span> <span class='ocrx_word' id='word_1_360' title='bbox 1179 3085 1353 3154; x_wconf 77' lang='lat' dir='ltr'><strong>diffidimus,</strong></span> <span class='ocrx_word' id='word_1_361' title='bbox 1371 3085 1398 3139; x_wconf 90' lang='lat' dir='ltr'><strong>si</strong></span> <span class='ocrx_word' id='word_1_362' title='bbox 1416 3087 1517 3141; x_wconf 90' lang='lat' dir='ltr'><strong>vestro</strong></span> <span class='ocrx_word' id='word_1_363' title='bbox 1532 3100 1600 3141; x_wconf 91' lang='lat' dir='ltr'><strong>cum</strong></span> <span class='ocrx_word' id='word_1_364' title='bbox 1613 3101 1686 3158; x_wconf 88' lang='lat' dir='ltr'><strong>rege</strong></span> <span class='ocrx_word' id='word_1_365' title='bbox 1701 3085 1852 3142; x_wconf 80' lang='lat' dir='ltr'><strong>conferre-</strong></span> 
     </span>
     <span class='ocr_line' id='line_1_58' title="bbox 128 3169 1482 3244; baseline -0.012 -13"><span class='ocrx_word' id='word_1_366' title='bbox 128 3176 292 3231; x_wconf 90' lang='lat' dir='ltr'><strong>concedere</strong></span> <span class='ocrx_word' id='word_1_367' title='bbox 300 3177 393 3242; x_wconf 88' lang='lat' dir='ltr'><strong>ratus,</strong></span> <span class='ocrx_word' id='word_1_368' title='bbox 405 3174 473 3228; x_wconf 90' lang='lat' dir='ltr'><strong>inde</strong></span> <span class='ocrx_word' id='word_1_369' title='bbox 485 3173 572 3228; x_wconf 90' lang='lat' dir='ltr'><strong>simul</strong></span> <span class='ocrx_word' id='word_1_370' title='bbox 584 3175 724 3226; x_wconf 88' lang='lat' dir='ltr'><strong>revocato</strong></span> <span class='ocrx_word' id='word_1_371' title='bbox 733 3170 873 3242; x_wconf 87' lang='lat' dir='ltr'><strong>equitatu,</strong></span> <span class='ocrx_word' id='word_1_372' title='bbox 884 3171 962 3223; x_wconf 90' lang='lat' dir='ltr'><strong>circa</strong></span> <span class='ocrx_word' id='word_1_373' title='bbox 1015 3176 1062 3228; x_wconf 82' lang='lat' dir='ltr'><strong>tur</strong></span> <span class='ocrx_word' id='word_1_374' title='bbox 1073 3173 1217 3244; x_wconf 67' lang='lat' dir='ltr'><strong>singulari</strong></span> <span class='ocrx_word' id='word_1_375' title='bbox 1229 3173 1388 3228; x_wconf 64' lang='lat' dir='ltr'><strong>certamine</strong></span> <span class='ocrx_word' id='word_1_376' title='bbox 1402 3169 1452 3228; x_wconf 70' lang='lat' dir='ltr'><strong>tes,</strong></span> <span class='ocrx_word' id='word_1_377' title='bbox 1471 3196 1482 3222; x_wconf 84' lang='lat'><strong>..</strong></span> 
     </span>
    </p>

    <p class='ocr_par' dir='ltr' id='par_1_11' title="bbox 112 3257 1854 5020">
     <span class='ocr_line' id='line_1_59' title="bbox 126 3257 1851 3337; baseline -0.001 -17"><span class='ocrx_word' id='word_1_378' title='bbox 126 3262 316 3320; x_wconf 79' lang='lat' dir='ltr'><strong>testivitatem</strong></span> <span class='ocrx_word' id='word_1_379' title='bbox 325 3262 552 3318; x_wconf 85' lang='lat' dir='ltr'><strong>senctiAndreee</strong></span> <span class='ocrx_word' id='word_1_380' title='bbox 562 3261 648 3330; x_wconf 80' lang='lat' dir='ltr'><strong>(Nor.</strong></span> <span class='ocrx_word' id='word_1_381' title='bbox 657 3258 883 3330; x_wconf 71' lang='lat' dir='ltr'><strong>d9),jnmhiemo</strong></span> <span class='ocrx_word' id='word_1_382' title='bbox 895 3257 963 3312; x_wconf 90' lang='lat' dir='ltr'><strong>sub·</strong></span> <span class='ocrx_word' id='word_1_383' title='bbox 1048 3260 1092 3316; x_wconf 88' lang='grc'><strong>99.</strong></span> <span class='ocrx_word' id='word_1_384' title='bbox 1105 3261 1173 3331; x_wconf 86' lang='grc'>(98.)</span> <span class='ocrx_word' id='word_1_385' title='bbox 1182 3262 1217 3316; x_wconf 78' lang='lat' dir='ltr'><strong>lt!</strong></span> <span class='ocrx_word' id='word_1_386' title='bbox 1218 3262 1287 3316; x_wconf 89' lang='lat' dir='ltr'><strong>ultis</strong></span> <span class='ocrx_word' id='word_1_387' title='bbox 1293 3262 1493 3318; x_wconf 81' lang='lat' dir='ltr'><strong>seditionibus</strong></span> <span class='ocrx_word' id='word_1_388' title='bbox 1503 3262 1594 3318; x_wconf 87' lang='lat' dir='ltr'><strong>Tetdc</strong></span> <span class='ocrx_word' id='word_1_389' title='bbox 1601 3263 1756 3335; x_wconf 85' lang='lat' dir='ltr'><strong>episcopus</strong></span> <span class='ocrx_word' id='word_1_390' title='bbox 1762 3269 1851 3337; x_wconf 88' lang='lat' dir='ltr'><strong>atque</strong></span> 
     </span>
     <span class='ocr_line' id='line_1_60' title="bbox 123 3346 1849 3424; baseline 0.001 -17"><span class='ocrx_word' id='word_1_391' title='bbox 123 3356 220 3423; x_wconf 87' lang='lat' dir='ltr'><strong>eunte,</strong></span> <span class='ocrx_word' id='word_1_392' title='bbox 233 3352 359 3407; x_wconf 91' lang='lat' dir='ltr'><strong>reditum</strong></span> <span class='ocrx_word' id='word_1_393' title='bbox 369 3352 517 3421; x_wconf 89' lang='lat' dir='ltr'><strong>disposuit</strong></span> <span class='ocrx_word' id='word_1_394' title='bbox 530 3364 747 3419; x_wconf 90' lang='lat' dir='ltr'><strong>:remensoque</strong></span> <span class='ocrx_word' id='word_1_395' title='bbox 760 3348 873 3415; x_wconf 90' lang='lat' dir='ltr'><strong>itinere,</strong></span> <span class='ocrx_word' id='word_1_396' title='bbox 883 3346 960 3401; x_wconf 93' lang='lat' dir='ltr'><strong>bono</strong></span> <span class='ocrx_word' id='word_1_397' title='bbox 1011 3349 1159 3405; x_wconf 87' lang='lat' dir='ltr'><strong>molestiis</strong></span> <span class='ocrx_word' id='word_1_398' title='bbox 1169 3366 1185 3404; x_wconf 90' lang='lat' dir='ltr'><strong>u</strong></span> <span class='ocrx_word' id='word_1_399' title='bbox 1196 3351 1260 3404; x_wconf 85' lang='lat' dir='ltr'><strong>suis</strong></span> <span class='ocrx_word' id='word_1_400' title='bbox 1274 3349 1411 3405; x_wconf 87' lang='lat' dir='ltr'><strong>vassallis</strong></span> <span class='ocrx_word' id='word_1_401' title='bbox 1421 3350 1597 3406; x_wconf 83' lang='lat' dir='ltr'><strong>concutitur.</strong></span> <span class='ocrx_word' id='word_1_402' title='bbox 1609 3351 1674 3407; x_wconf 87' lang='lat' dir='ltr'><strong>Hoc</strong></span> <span class='ocrx_word' id='word_1_403' title='bbox 1684 3351 1849 3424; x_wconf 90' lang='lat' dir='ltr'><strong>igitur-mo·</strong></span> 
     </span>
     <span class='ocr_line' id='line_1_61' title="bbox 123 3435 1848 3514; baseline 0.001 -18"><span class='ocrx_word' id='word_1_404' title='bbox 123 3454 271 3496; x_wconf 90' lang='lat' dir='ltr'><strong>successu</strong></span> <span class='ocrx_word' id='word_1_405' title='bbox 287 3445 440 3514; x_wconf 88' lang='lat' dir='ltr'><strong>gestarum</strong></span> <span class='ocrx_word' id='word_1_406' title='bbox 457 3438 712 3510; x_wconf 88' lang='lat' dir='ltr'><strong>rerumgaudens,</strong></span> <span class='ocrx_word' id='word_1_407' title='bbox 724 3435 960 3505; x_wconf 82' lang='lat' dir='ltr'><strong>superAxonam</strong></span> <span class='ocrx_word' id='word_1_408' title='bbox 1012 3438 1848 3510; x_wconf 83' lang='lat' dir='ltr'><strong>dcregibusintersediacordautibns,jumdietudittieile</strong></span> 
     </span>
     <span class='ocr_line' id='line_1_62' title="bbox 121 3523 1847 3600; baseline 0.001 -17"><span class='ocrx_word' id='word_1_409' title='bbox 121 3529 244 3584; x_wconf 88' lang='lat' dir='ltr'><strong>llnvium</strong></span> <span class='ocrx_word' id='word_1_410' title='bbox 256 3531 355 3584; x_wconf 89' lang='lat' dir='ltr'><strong>eastra</strong></span> <span class='ocrx_word' id='word_1_411' title='bbox 366 3527 469 3582; x_wconf 90' lang='lat' dir='ltr'><strong>metari</strong></span> <span class='ocrx_word' id='word_1_412' title='bbox 480 3528 620 3598; x_wconf 89' lang='lat' dir='ltr'><strong>precepit.</strong></span> <span class='ocrx_word' id='word_1_413' title='bbox 637 3525 696 3580; x_wconf 87' lang='lat' dir='ltr'><strong>Sed</strong></span> <span class='ocrx_word' id='word_1_414' title='bbox 706 3527 804 3579; x_wconf 90' lang='lat' dir='ltr'><strong>tamen</strong></span> <span class='ocrx_word' id='word_1_415' title='bbox 820 3525 888 3595; x_wconf 91' lang='lat' dir='ltr'><strong>quia</strong></span> <span class='ocrx_word' id='word_1_416' title='bbox 902 3523 960 3578; x_wconf 90' lang='lat' dir='ltr'><strong>istc</strong></span> <span class='ocrx_word' id='word_1_417' title='bbox 1011 3529 1068 3596; x_wconf 90' lang='lat' dir='ltr'><strong>est,</strong></span> <span class='ocrx_word' id='word_1_418' title='bbox 1083 3531 1154 3598; x_wconf 91' lang='lat' dir='ltr'><strong>quot</strong></span> <span class='ocrx_word' id='word_1_419' title='bbox 1167 3527 1308 3598; x_wconf 90' lang='lat' dir='ltr'><strong>procellis</strong></span> <span class='ocrx_word' id='word_1_420' title='bbox 1324 3527 1485 3583; x_wconf 85' lang='lat' dir='ltr'><strong>factionum</strong></span> <span class='ocrx_word' id='word_1_421' title='bbox 1501 3528 1701 3584; x_wconf 91' lang='lat' dir='ltr'><strong>intonantibus</strong></span> <span class='ocrx_word' id='word_1_422' title='bbox 1717 3529 1754 3584; x_wconf 91' lang='lat' dir='ltr'><strong>ab</strong></span> <span class='ocrx_word' id='word_1_423' title='bbox 1769 3529 1847 3600; x_wconf 89' lang='lat' dir='ltr'><strong>ipsis</strong></span> 
     </span>
     <span class='ocr_line' id='line_1_63' title="bbox 123 3612 1847 3688; baseline 0.002 -17"><span class='ocrx_word' id='word_1_424' title='bbox 123 3616 242 3684; x_wconf 84' lang='lat' dir='ltr'><strong>fluvius,</strong></span> <span class='ocrx_word' id='word_1_425' title='bbox 271 3617 298 3671; x_wconf 90' lang='lat' dir='ltr'><strong>si</strong></span> <span class='ocrx_word' id='word_1_426' title='bbox 325 3616 443 3688; x_wconf 92' lang='lat' dir='ltr'><strong>quando</strong></span> <span class='ocrx_word' id='word_1_427' title='bbox 471 3615 582 3669; x_wconf 91' lang='lat' dir='ltr'><strong>imbres</strong></span> <span class='ocrx_word' id='word_1_428' title='bbox 611 3612 761 3683; x_wconf 87' lang='lat' dir='ltr'><strong>incubent,</strong></span> <span class='ocrx_word' id='word_1_429' title='bbox 791 3613 821 3666; x_wconf 92' lang='lat' dir='ltr'><strong>in</strong></span> <span class='ocrx_word' id='word_1_430' title='bbox 848 3614 958 3666; x_wconf 92' lang='lat' dir='ltr'><strong>tantum</strong></span> <span class='ocrx_word' id='word_1_431' title='bbox 1011 3617 1076 3671; x_wconf 91' lang='lat' dir='ltr'><strong>suis</strong></span> <span class='ocrx_word' id='word_1_432' title='bbox 1090 3616 1219 3670; x_wconf 86' lang='lat' dir='ltr'><strong>vassalis</strong></span> <span class='ocrx_word' id='word_1_433' title='bbox 1230 3615 1359 3671; x_wconf 85' lang='lat' dir='ltr'><strong>afficitur</strong></span> <span class='ocrx_word' id='word_1_434' title='bbox 1373 3616 1485 3671; x_wconf 90' lang='lat' dir='ltr'><strong>Tetbdo</strong></span> <span class='ocrx_word' id='word_1_435' title='bbox 1501 3617 1671 3686; x_wconf 90' lang='lat' dir='ltr'><strong>episcopus.</strong></span> <span class='ocrx_word' id='word_1_436' title='bbox 1701 3616 1847 3682; x_wconf 86' lang='lat' dir='ltr'><strong>Quoniam</strong></span> 
     </span>
     <span class='ocr_line' id='line_1_64' title="bbox 122 3700 1845 3775; baseline 0 -14"><span class='ocrx_word' id='word_1_437' title='bbox 122 3718 300 3762; x_wconf 86' lang='lat' dir='ltr'><strong>exerescere</strong></span> <span class='ocrx_word' id='word_1_438' title='bbox 318 3707 403 3775; x_wconf 90' lang='lat' dir='ltr'><strong>solet,</strong></span> <span class='ocrx_word' id='word_1_439' title='bbox 427 3707 459 3760; x_wconf 92' lang='lat' dir='ltr'><strong>ut</strong></span> <span class='ocrx_word' id='word_1_440' title='bbox 481 3704 594 3775; x_wconf 91' lang='lat' dir='ltr'><strong>absque</strong></span> <span class='ocrx_word' id='word_1_441' title='bbox 614 3704 733 3774; x_wconf 88' lang='lat' dir='ltr'><strong>navigio</strong></span> <span class='ocrx_word' id='word_1_442' title='bbox 756 3700 882 3756; x_wconf 80' lang='lat' dir='ltr'><strong>effretari</strong></span> <span class='ocrx_word' id='word_1_443' title='bbox 899 3717 957 3756; x_wconf 92' lang='lat' dir='ltr'><strong>non</strong></span> <span class='ocrx_word' id='word_1_444' title='bbox 1010 3719 1137 3774; x_wconf 90' lang='lat' dir='ltr'><strong>namque</strong></span> <span class='ocrx_word' id='word_1_445' title='bbox 1165 3704 1383 3775; x_wconf 89' lang='lat' dir='ltr'><strong>imperatorem,</strong></span> <span class='ocrx_word' id='word_1_446' title='bbox 1400 3705 1544 3759; x_wconf 90' lang='lat' dir='ltr'><strong>malorum</strong></span> <span class='ocrx_word' id='word_1_447' title='bbox 1558 3705 1674 3760; x_wconf 90' lang='lat' dir='ltr'><strong>scilicet</strong></span> <span class='ocrx_word' id='word_1_448' title='bbox 1691 3708 1845 3775; x_wconf 89' lang='lat' dir='ltr'><strong>tortorem,</strong></span> 
     </span>
     <span class='ocr_line' id='line_1_65' title="bbox 122 3789 1846 3866; baseline 0.001 -18"><span class='ocrx_word' id='word_1_449' title='bbox 122 3795 221 3864; x_wconf 91' lang='lat' dir='ltr'><strong>possit</strong></span> <span class='ocrx_word' id='word_1_450' title='bbox 236 3809 242 3849; x_wconf 92' lang='lat'>:</span> <span class='ocrx_word' id='word_1_451' title='bbox 261 3797 442 3866; x_wconf 88' lang='lat' dir='ltr'><strong>suggerente</strong></span> <span class='ocrx_word' id='word_1_452' title='bbox 458 3797 544 3863; x_wconf 91' lang='lat' dir='ltr'><strong>atque</strong></span> <span class='ocrx_word' id='word_1_453' title='bbox 560 3791 848 3846; x_wconf 87' lang='lat' dir='ltr'><strong>exhortantecomite</strong></span> <span class='ocrx_word' id='word_1_454' title='bbox 862 3789 956 3845; x_wconf 90' lang='lat' dir='ltr'><strong>Gode·</strong></span> <span class='ocrx_word' id='word_1_455' title='bbox 1010 3793 1039 3847; x_wconf 92' lang='lat' dir='ltr'><strong>in</strong></span> <span class='ocrx_word' id='word_1_456' title='bbox 1050 3792 1174 3862; x_wconf 90' lang='lat' dir='ltr'><strong>predicti</strong></span> <span class='ocrx_word' id='word_1_457' title='bbox 1189 3791 1260 3846; x_wconf 92' lang='lat' dir='ltr'><strong>belli</strong></span> <span class='ocrx_word' id='word_1_458' title='bbox 1274 3793 1404 3864; x_wconf 91' lang='lat' dir='ltr'><strong>negotiis</strong></span> <span class='ocrx_word' id='word_1_459' title='bbox 1415 3794 1589 3863; x_wconf 89' lang='lat' dir='ltr'><strong>occupatum</strong></span> <span class='ocrx_word' id='word_1_460' title='bbox 1603 3798 1756 3864; x_wconf 88' lang='lat' dir='ltr'><strong>noverant,</strong></span> <span class='ocrx_word' id='word_1_461' title='bbox 1776 3795 1846 3850; x_wconf 89' lang='lat' dir='ltr'><strong>ideo</strong></span> 
     </span>
     <span class='ocr_line' id='line_1_66' title="bbox 119 3878 1845 3954; baseline 0.002 -18"><span class='ocrx_word' id='word_1_462' title='bbox 119 3878 955 3952; x_wconf 59' lang='lat' dir='ltr'><strong>lrldc(totitasquidvidelicetinpedimentitoutaecopiae</strong></span> <span class='ocrx_word' id='word_1_463' title='bbox 1009 3881 1845 3954; x_wconf 89' lang='lat' dir='ltr'><strong>inpunitatissecuritatemcolligenlcs,episeopo,utpote</strong></span> 
     </span>
     <span class='ocr_line' id='line_1_67' title="bbox 118 3965 1842 4042; baseline 0.001 -18"><span class='ocrx_word' id='word_1_464' title='bbox 118 3968 741 4039; x_wconf 83' lang='lat' dir='ltr'><strong>militumindilficilitransitucontingeret,</strong></span> <span class='ocrx_word' id='word_1_465' title='bbox 755 3965 953 4038; x_wconf 88' lang='lat' dir='ltr'><strong>preterlegere</strong></span> <span class='ocrx_word' id='word_1_466' title='bbox 1008 3969 1136 4040; x_wconf 88' lang='lat' dir='ltr'><strong>simplici</strong></span> <span class='ocrx_word' id='word_1_467' title='bbox 1150 3969 1252 4024; x_wconf 89' lang='lat' dir='ltr'><strong>viroet</strong></span> <span class='ocrx_word' id='word_1_468' title='bbox 1273 3969 1384 4041; x_wconf 77' lang='lat' dir='ltr'><strong>linguae</strong></span> <span class='ocrx_word' id='word_1_469' title='bbox 1408 3970 1541 4041; x_wconf 89' lang='lat' dir='ltr'><strong>regionis</strong></span> <span class='ocrx_word' id='word_1_470' title='bbox 1566 3971 1682 4042; x_wconf 87' lang='lat' dir='ltr'><strong>ignaro,</strong></span> <span class='ocrx_word' id='word_1_471' title='bbox 1703 3972 1842 4027; x_wconf 87' lang='lat' dir='ltr'><strong>subdolis</strong></span> 
     </span>
     <span class='ocr_line' id='line_1_68' title="bbox 117 4055 1854 4131; baseline 0.002 -19"><span class='ocrx_word' id='word_1_472' title='bbox 117 4058 279 4129; x_wconf 77' lang='lat' dir='ltr'><strong>festinavit,</strong></span> <span class='ocrx_word' id='word_1_473' title='bbox 295 4059 400 4128; x_wconf 91' lang='lat' dir='ltr'><strong>paucis</strong></span> <span class='ocrx_word' id='word_1_474' title='bbox 413 4062 509 4112; x_wconf 91' lang='lat' dir='ltr'><strong>lamen</strong></span> <span class='ocrx_word' id='word_1_475' title='bbox 521 4057 698 4111; x_wconf 84' lang='lat' dir='ltr'><strong>famulorum</strong></span> <span class='ocrx_word' id='word_1_476' title='bbox 719 4055 950 4124; x_wconf 86' lang='lat' dir='ltr'><strong>remanentibus,</strong></span> <span class='ocrx_word' id='word_1_477' title='bbox 1007 4057 1854 4131; x_wconf 80' lang='lat' dir='ltr'><strong>suggestionibusinjuriassoepeirrogabantltliquando·</strong></span> 
     </span>
     <span class='ocr_line' id='line_1_69' title="bbox 118 4143 1840 4224; baseline 0.001 -22"><span class='ocrx_word' id='word_1_478' title='bbox 118 4148 170 4220; x_wconf 92' lang='lat' dir='ltr'><strong>qui</strong></span> <span class='ocrx_word' id='word_1_479' title='bbox 186 4148 437 4220; x_wconf 88' lang='lat' dir='ltr'><strong>retrogradientes</strong></span> <span class='ocrx_word' id='word_1_480' title='bbox 447 4163 554 4201; x_wconf 89' lang='lat' dir='ltr'><strong>—num</strong></span> <span class='ocrx_word' id='word_1_481' title='bbox 564 4144 821 4200; x_wconf 89' lang='lat' dir='ltr'><strong>sarcinasbollicae</strong></span> <span class='ocrx_word' id='word_1_482' title='bbox 831 4143 948 4224; x_wconf 88' lang='lat' dir='ltr'><strong>suppel-</strong></span> <span class='ocrx_word' id='word_1_483' title='bbox 1006 4146 1114 4200; x_wconf 91' lang='lat' dir='ltr'><strong>etenim</strong></span> <span class='ocrx_word' id='word_1_484' title='bbox 1128 4146 1292 4214; x_wconf 74' lang='lat' dir='ltr'><strong>WalteruS,</strong></span> <span class='ocrx_word' id='word_1_485' title='bbox 1303 4147 1532 4202; x_wconf 90' lang='lat' dir='ltr'><strong>totiusveritatis</strong></span> <span class='ocrx_word' id='word_1_486' title='bbox 1542 4146 1658 4203; x_wconf 69' lang='lat' dir='ltr'><strong>effeetus</strong></span> <span class='ocrx_word' id='word_1_487' title='bbox 1670 4147 1840 4220; x_wconf 67' lang='lat' dir='ltr'><strong>(905),prae-</strong></span> 
     </span>
     <span class='ocr_line' id='line_1_70' title="bbox 117 4233 1840 4306; baseline 0.003 -17"><span class='ocrx_word' id='word_1_488' title='bbox 117 4235 223 4291; x_wconf 87' lang='lat' dir='ltr'><strong>lentilis</strong></span> <span class='ocrx_word' id='word_1_489' title='bbox 240 4237 494 4291; x_wconf 89' lang='lat' dir='ltr'><strong>convectabant-</strong></span> <span class='ocrx_word' id='word_1_490' title='bbox 504 4251 558 4306; x_wconf 90' lang='lat' dir='ltr'><strong>pre</strong></span> <span class='ocrx_word' id='word_1_491' title='bbox 567 4234 737 4305; x_wconf 81' lang='lat' dir='ltr'><strong>fatigatione</strong></span> <span class='ocrx_word' id='word_1_492' title='bbox 749 4233 860 4300; x_wconf 91' lang='lat' dir='ltr'><strong>oneris,</strong></span> <span class='ocrx_word' id='word_1_493' title='bbox 873 4235 949 4287; x_wconf 90' lang='lat' dir='ltr'><strong>tene·</strong></span> <span class='ocrx_word' id='word_1_494' title='bbox 1004 4237 1083 4290; x_wconf 90' lang='lat' dir='ltr'><strong>tenta</strong></span> <span class='ocrx_word' id='word_1_495' title='bbox 1093 4251 1146 4305; x_wconf 90' lang='lat' dir='ltr'><strong>per</strong></span> <span class='ocrx_word' id='word_1_496' title='bbox 1156 4234 1254 4291; x_wconf 91' lang='lat' dir='ltr'><strong>dolum</strong></span> <span class='ocrx_word' id='word_1_497' title='bbox 1264 4234 1321 4288; x_wconf 84' lang='lat' dir='ltr'><strong>fide</strong></span> <span class='ocrx_word' id='word_1_498' title='bbox 1332 4234 1499 4290; x_wconf 90' lang='lat' dir='ltr'><strong>devotionis</strong></span> <span class='ocrx_word' id='word_1_499' title='bbox 1510 4240 1656 4292; x_wconf 89' lang='lat' dir='ltr'><strong>terrorem</strong></span> <span class='ocrx_word' id='word_1_500' title='bbox 1666 4238 1840 4294; x_wconf 89' lang='lat' dir='ltr'><strong>verisimilis</strong></span> 
     </span>
     <span class='ocr_line' id='line_1_71' title="bbox 114 4322 1842 4397; baseline 0.001 -17"><span class='ocrx_word' id='word_1_501' title='bbox 114 4325 180 4380; x_wconf 91' lang='lat' dir='ltr'><strong>bris</strong></span> <span class='ocrx_word' id='word_1_502' title='bbox 192 4324 408 4397; x_wconf 81' lang='lat' dir='ltr'><strong>siquidemjam</strong></span> <span class='ocrx_word' id='word_1_503' title='bbox 419 4326 515 4379; x_wconf 91' lang='lat' dir='ltr'><strong>noctis</strong></span> <span class='ocrx_word' id='word_1_504' title='bbox 526 4322 776 4390; x_wconf 84' lang='lat' dir='ltr'><strong>incumbentibus,</strong></span> <span class='ocrx_word' id='word_1_505' title='bbox 791 4322 947 4376; x_wconf 88' lang='lat' dir='ltr'><strong>transitum</strong></span> <span class='ocrx_word' id='word_1_506' title='bbox 1004 4338 1104 4378; x_wconf 87' lang='lat' dir='ltr'><strong>causae</strong></span> <span class='ocrx_word' id='word_1_507' title='bbox 1112 4324 1258 4378; x_wconf 90' lang='lat' dir='ltr'><strong>incutiens</strong></span> <span class='ocrx_word' id='word_1_508' title='bbox 1269 4323 1409 4378; x_wconf 88' lang='lat' dir='ltr'><strong>illudebat</strong></span> <span class='ocrx_word' id='word_1_509' title='bbox 1422 4323 1640 4393; x_wconf 79' lang='lat' dir='ltr'><strong>3iraudulenter</strong></span> <span class='ocrx_word' id='word_1_510' title='bbox 1648 4342 1720 4381; x_wconf 90' lang='lat' dir='ltr'><strong>sane</strong></span> <span class='ocrx_word' id='word_1_511' title='bbox 1729 4326 1842 4382; x_wconf 90' lang='lat' dir='ltr'><strong>denun-</strong></span> 
     </span>
     <span class='ocr_line' id='line_1_72' title="bbox 116 4410 1839 4483; baseline 0.002 -17"><span class='ocrx_word' id='word_1_512' title='bbox 116 4413 146 4466; x_wconf 92' lang='lat' dir='ltr'><strong>in</strong></span> <span class='ocrx_word' id='word_1_513' title='bbox 163 4415 293 4468; x_wconf 88' lang='lat' dir='ltr'><strong>crastino</strong></span> <span class='ocrx_word' id='word_1_514' title='bbox 303 4412 422 4467; x_wconf 85' lang='lat' dir='ltr'><strong>differre</strong></span> <span class='ocrx_word' id='word_1_515' title='bbox 433 4413 565 4468; x_wconf 88' lang='lat' dir='ltr'><strong>arbitrati</strong></span> <span class='ocrx_word' id='word_1_516' title='bbox 576 4415 653 4467; x_wconf 89' lang='lat' dir='ltr'><strong>suut.</strong></span> <span class='ocrx_word' id='word_1_517' title='bbox 671 4411 890 4481; x_wconf 87' lang='lat' dir='ltr'><strong>Sequentivero</strong></span> <span class='ocrx_word' id='word_1_518' title='bbox 901 4410 947 4464; x_wconf 91' lang='lat' dir='ltr'><strong>die</strong></span> <span class='ocrx_word' id='word_1_519' title='bbox 1003 4412 1089 4482; x_wconf 90' lang='lat' dir='ltr'><strong>tians,</strong></span> <span class='ocrx_word' id='word_1_520' title='bbox 1115 4412 1287 4466; x_wconf 90' lang='lat' dir='ltr'><strong>Lotharium</strong></span> <span class='ocrx_word' id='word_1_521' title='bbox 1302 4426 1404 4483; x_wconf 90' lang='lat' dir='ltr'><strong>regem</strong></span> <span class='ocrx_word' id='word_1_522' title='bbox 1432 4413 1468 4466; x_wconf 91' lang='lat' dir='ltr'><strong>ad</strong></span> <span class='ocrx_word' id='word_1_523' title='bbox 1495 4413 1600 4469; x_wconf 89' lang='lat' dir='ltr'><strong>urbem</strong></span> <span class='ocrx_word' id='word_1_524' title='bbox 1624 4415 1839 4470; x_wconf 88' lang='lat' dir='ltr'><strong>incendendam</strong></span> 
     </span>
     <span class='ocr_line' id='line_1_73' title="bbox 116 4498 1837 4572; baseline 0.001 -16"><span class='ocrx_word' id='word_1_525' title='bbox 116 4502 249 4558; x_wconf 90' lang='lat' dir='ltr'><strong>collectis</strong></span> <span class='ocrx_word' id='word_1_526' title='bbox 266 4517 341 4572; x_wconf 90' lang='lat' dir='ltr'><strong>quos</strong></span> <span class='ocrx_word' id='word_1_527' title='bbox 357 4503 459 4570; x_wconf 87' lang='lat' dir='ltr'><strong>potuit,</strong></span> <span class='ocrx_word' id='word_1_528' title='bbox 476 4500 644 4567; x_wconf 74' lang='lat' dir='ltr'><strong>LothariuS,</strong></span> <span class='ocrx_word' id='word_1_529' title='bbox 661 4499 729 4553; x_wconf 86' lang='lat' dir='ltr'><strong>licet</strong></span> <span class='ocrx_word' id='word_1_530' title='bbox 752 4498 876 4552; x_wconf 84' lang='lat' dir='ltr'><strong>interior</strong></span> <span class='ocrx_word' id='word_1_531' title='bbox 891 4513 947 4552; x_wconf 91' lang='lat' dir='ltr'><strong>uu·</strong></span> <span class='ocrx_word' id='word_1_532' title='bbox 1002 4500 1125 4555; x_wconf 89' lang='lat' dir='ltr'><strong>collecta</strong></span> <span class='ocrx_word' id='word_1_533' title='bbox 1141 4515 1229 4554; x_wconf 88' lang='lat' dir='ltr'><strong>manu</strong></span> <span class='ocrx_word' id='word_1_534' title='bbox 1242 4500 1344 4555; x_wconf 90' lang='lat' dir='ltr'><strong>venire</strong></span> <span class='ocrx_word' id='word_1_535' title='bbox 1359 4504 1502 4571; x_wconf 89' lang='lat' dir='ltr'><strong>paratum,</strong></span> <span class='ocrx_word' id='word_1_536' title='bbox 1519 4507 1546 4557; x_wconf 92' lang='lat' dir='ltr'><strong>et</strong></span> <span class='ocrx_word' id='word_1_537' title='bbox 1567 4519 1683 4558; x_wconf 90' lang='lat' dir='ltr'><strong>omnem</strong></span> <span class='ocrx_word' id='word_1_538' title='bbox 1698 4503 1837 4558; x_wconf 88' lang='lat' dir='ltr'><strong>viciniam</strong></span> 
     </span>
     <span class='ocr_line' id='line_1_74' title="bbox 114 4587 1836 4665; baseline 0.003 -21"><span class='ocrx_word' id='word_1_539' title='bbox 114 4606 208 4662; x_wconf 91' lang='lat' dir='ltr'><strong>mero,</strong></span> <span class='ocrx_word' id='word_1_540' title='bbox 225 4588 685 4662; x_wconf 84' lang='lat' dir='ltr'><strong>expudoristamenconscientia</strong></span> <span class='ocrx_word' id='word_1_541' title='bbox 696 4587 948 4656; x_wconf 89' lang='lat' dir='ltr'><strong>presumptionem</strong></span> <span class='ocrx_word' id='word_1_542' title='bbox 1000 4589 1117 4644; x_wconf 83' lang='lat' dir='ltr'><strong>excidio</strong></span> <span class='ocrx_word' id='word_1_543' title='bbox 1133 4589 1316 4644; x_wconf 89' lang='lat' dir='ltr'><strong>collaturum.</strong></span> <span class='ocrx_word' id='word_1_544' title='bbox 1333 4589 1394 4654; x_wconf 90' lang='lat' dir='ltr'><strong>Qua</strong></span> <span class='ocrx_word' id='word_1_545' title='bbox 1410 4591 1445 4645; x_wconf 94' lang='lat' dir='ltr'><strong>de</strong></span> <span class='ocrx_word' id='word_1_546' title='bbox 1473 4607 1504 4645; x_wconf 90' lang='lat' dir='ltr'><strong>re</strong></span> <span class='ocrx_word' id='word_1_547' title='bbox 1527 4591 1629 4661; x_wconf 89' lang='lat' dir='ltr'><strong>presul</strong></span> <span class='ocrx_word' id='word_1_548' title='bbox 1650 4594 1836 4665; x_wconf 91' lang='lat' dir='ltr'><strong>perterritus,</strong></span> 
     </span>
     <span class='ocr_line' id='line_1_75' title="bbox 114 4675 1836 4753; baseline 0.002 -19"><span class='ocrx_word' id='word_1_549' title='bbox 114 4679 270 4752; x_wconf 88' lang='lat' dir='ltr'><strong>colligens,</strong></span> <span class='ocrx_word' id='word_1_550' title='bbox 287 4678 401 4735; x_wconf 89' lang='lat' dir='ltr'><strong>occulte</strong></span> <span class='ocrx_word' id='word_1_551' title='bbox 417 4693 512 4749; x_wconf 92' lang='lat' dir='ltr'><strong>usque</strong></span> <span class='ocrx_word' id='word_1_552' title='bbox 528 4677 564 4730; x_wconf 93' lang='lat' dir='ltr'><strong>ad</strong></span> <span class='ocrx_word' id='word_1_553' title='bbox 578 4676 742 4745; x_wconf 88' lang='lat' dir='ltr'><strong>predictum</strong></span> <span class='ocrx_word' id='word_1_554' title='bbox 757 4675 877 4729; x_wconf 82' lang='lat' dir='ltr'><strong>fluvium</strong></span> <span class='ocrx_word' id='word_1_555' title='bbox 894 4676 946 4730; x_wconf 92' lang='lat' dir='ltr'><strong>ho·</strong></span> <span class='ocrx_word' id='word_1_556' title='bbox 1001 4676 1168 4733; x_wconf 87' lang='lat' dir='ltr'><strong>Walterum</strong></span> <span class='ocrx_word' id='word_1_557' title='bbox 1179 4676 1270 4732; x_wconf 91' lang='lat' dir='ltr'><strong>multa</strong></span> <span class='ocrx_word' id='word_1_558' title='bbox 1285 4678 1421 4733; x_wconf 89' lang='lat' dir='ltr'><strong>mercede</strong></span> <span class='ocrx_word' id='word_1_559' title='bbox 1437 4678 1573 4749; x_wconf 88' lang='lat' dir='ltr'><strong>donabat,</strong></span> <span class='ocrx_word' id='word_1_560' title='bbox 1590 4681 1657 4749; x_wconf 93' lang='lat' dir='ltr'><strong>plus</strong></span> <span class='ocrx_word' id='word_1_561' title='bbox 1672 4682 1836 4753; x_wconf 89' lang='lat' dir='ltr'><strong>pollicitus,</strong></span> 
     </span>
     <span class='ocr_line' id='line_1_76' title="bbox 114 4764 1834 4840; baseline 0.003 -19"><span class='ocrx_word' id='word_1_562' title='bbox 114 4770 176 4823; x_wconf 89' lang='lat' dir='ltr'><strong>stes</strong></span> <span class='ocrx_word' id='word_1_563' title='bbox 190 4769 392 4840; x_wconf 90' lang='lat' dir='ltr'><strong>prosequitur.</strong></span> <span class='ocrx_word' id='word_1_564' title='bbox 408 4765 503 4838; x_wconf 81' lang='lat' dir='ltr'><strong>Cujus</strong></span> <span class='ocrx_word' id='word_1_565' title='bbox 519 4764 681 4833; x_wconf 91' lang='lat' dir='ltr'><strong>improviso</strong></span> <span class='ocrx_word' id='word_1_566' title='bbox 696 4764 807 4836; x_wconf 91' lang='lat' dir='ltr'><strong>impetu</strong></span> <span class='ocrx_word' id='word_1_567' title='bbox 822 4764 881 4833; x_wconf 91' lang='lat' dir='ltr'><strong>ipsi</strong></span> <span class='ocrx_word' id='word_1_568' title='bbox 902 4764 944 4819; x_wconf 91' lang='lat' dir='ltr'><strong>rei</strong></span> <span class='ocrx_word' id='word_1_569' title='bbox 999 4766 1026 4821; x_wconf 92' lang='lat' dir='ltr'><strong>si</strong></span> <span class='ocrx_word' id='word_1_570' title='bbox 1035 4765 1238 4837; x_wconf 90' lang='lat' dir='ltr'><strong>quovismodo</strong></span> <span class='ocrx_word' id='word_1_571' title='bbox 1249 4767 1737 4840; x_wconf 67' lang='lat' dir='ltr'><strong>mutaepestismolimiuaepacarct</strong></span> <span class='ocrx_word' id='word_1_572' title='bbox 1747 4770 1834 4840; x_wconf 80' lang='grc'>(906).</span> 
     </span>
     <span class='ocr_line' id='line_1_77' title="bbox 112 4852 1836 4928; baseline 0.002 -18"><span class='ocrx_word' id='word_1_573' title='bbox 112 4853 228 4912; x_wconf 74' lang='lat' dir='ltr'><strong>bellicce</strong></span> <span class='ocrx_word' id='word_1_574' title='bbox 244 4861 410 4928; x_wconf 90' lang='lat' dir='ltr'><strong>portatores</strong></span> <span class='ocrx_word' id='word_1_575' title='bbox 424 4854 582 4927; x_wconf 87' lang='lat' dir='ltr'><strong>perterriti,</strong></span> <span class='ocrx_word' id='word_1_576' title='bbox 600 4853 669 4907; x_wconf 91' lang='lat' dir='ltr'><strong>dum</strong></span> <span class='ocrx_word' id='word_1_577' title='bbox 685 4852 742 4906; x_wconf 91' lang='lat' dir='ltr'><strong>sibi</strong></span> <span class='ocrx_word' id='word_1_578' title='bbox 758 4854 857 4907; x_wconf 88' lang='lat' dir='ltr'><strong>natatu</strong></span> <span class='ocrx_word' id='word_1_579' title='bbox 872 4867 944 4907; x_wconf 89' lang='lat' dir='ltr'><strong>con·</strong></span> <span class='ocrx_word' id='word_1_580' title='bbox 998 4854 1053 4921; x_wconf 89' lang='lat' dir='ltr'><strong>Qui</strong></span> <span class='ocrx_word' id='word_1_581' title='bbox 1067 4855 1185 4927; x_wconf 87' lang='lat' dir='ltr'><strong>lingens</strong></span> <span class='ocrx_word' id='word_1_582' title='bbox 1214 4852 1248 4911; x_wconf 83' lang='lat' dir='ltr'><strong>s&#39;a</strong></span> <span class='ocrx_word' id='word_1_583' title='bbox 1262 4855 1377 4910; x_wconf 92' lang='lat' dir='ltr'><strong>mittere</strong></span> <span class='ocrx_word' id='word_1_584' title='bbox 1396 4855 1575 4928; x_wconf 89' lang='lat' dir='ltr'><strong>legationem</strong></span> <span class='ocrx_word' id='word_1_585' title='bbox 1603 4858 1639 4912; x_wconf 91' lang='lat' dir='ltr'><strong>ad</strong></span> <span class='ocrx_word' id='word_1_586' title='bbox 1664 4858 1777 4914; x_wconf 87' lang='lat' dir='ltr'><strong>amicos</strong></span> <span class='ocrx_word' id='word_1_587' title='bbox 1805 4861 1836 4913; x_wconf 91' lang='lat' dir='ltr'><strong>et</strong></span> 
     </span>
     <span class='ocr_line' id='line_1_78' title="bbox 112 4918 1835 5020; baseline 0.005 -24"><span class='ocrx_word' id='word_1_588' title='bbox 112 4941 213 4999; x_wconf 90' lang='lat' dir='ltr'><strong>sulere</strong></span> <span class='ocrx_word' id='word_1_589' title='bbox 240 4946 421 5016; x_wconf 90' lang='lat' dir='ltr'><strong>estimarent,</strong></span> <span class='ocrx_word' id='word_1_590' title='bbox 445 4944 543 5000; x_wconf 89' lang='lat' dir='ltr'><strong>subito</strong></span> <span class='ocrx_word' id='word_1_591' title='bbox 574 4940 818 4998; x_wconf 87' lang='lat' dir='ltr'><strong>excrescentibus</strong></span> <span class='ocrx_word' id='word_1_592' title='bbox 844 4941 943 5009; x_wconf 89' lang='lat' dir='ltr'><strong>undis,</strong></span> <span class='ocrx_word' id='word_1_593' title='bbox 999 4944 1182 5015; x_wconf 91' lang='lat' dir='ltr'><strong>propinquos</strong></span> <span class='ocrx_word' id='word_1_594' title='bbox 1212 4944 1242 4998; x_wconf 91' lang='lat' dir='ltr'><strong>in</strong></span> <span class='ocrx_word' id='word_1_595' title='bbox 1266 4918 1353 5001; x_wconf 82' lang='lat' dir='ltr'><strong>domo</strong></span> <span class='ocrx_word' id='word_1_596' title='bbox 1381 4945 1465 5017; x_wconf 89' lang='lat' dir='ltr'><strong>regia</strong></span> <span class='ocrx_word' id='word_1_597' title='bbox 1492 4951 1659 5020; x_wconf 87' lang='lat' dir='ltr'><strong>versantes,</strong></span> <span class='ocrx_word' id='word_1_598' title='bbox 1686 4947 1774 5019; x_wconf 89' lang='lat' dir='ltr'><strong>quasi</strong></span> <span class='ocrx_word' id='word_1_599' title='bbox 1802 4950 1835 5004; x_wconf 93' lang='lat' dir='ltr'><strong>ut</strong></span> 
     </span>
    </p>
   </div>
   <div class='ocr_carea' id='block_1_10' title="bbox 758 5081 1166 5146">
    <p class='ocr_par' dir='ltr' id='par_1_12' title="bbox 758 5081 1166 5146">
     <span class='ocr_line' id='line_1_79' title="bbox 758 5081 1166 5146; baseline 0 -2"><span class='ocrx_word' id='word_1_600' title='bbox 758 5081 905 5145; x_wconf 76' lang='lat' dir='ltr'><strong>VARIAE</strong></span> <span class='ocrx_word' id='word_1_601' title='bbox 931 5082 1166 5146; x_wconf 86' lang='lat' dir='ltr'>LECTIONES</span> 
     </span>
    </p>
   </div>
   <div class='ocr_carea' id='block_1_11' title="bbox 106 5232 1829 5460">
    <p class='ocr_par' dir='ltr' id='par_1_13' title="bbox 106 5232 1829 5460">
     <span class='ocr_line' id='line_1_80' title="bbox 126 5232 1829 5328; baseline 0.005 -28"><span class='ocrx_word' id='word_1_602' title='bbox 126 5236 184 5328; x_wconf 60' lang='grc' dir='ltr'><strong>ο196</strong></span> <span class='ocrx_word' id='word_1_603' title='bbox 198 5237 355 5300; x_wconf 85' lang='lat' dir='ltr'><strong>insinuans</strong></span> <span class='ocrx_word' id='word_1_604' title='bbox 369 5244 396 5299; x_wconf 79' lang='lat'><strong>8.</strong></span> <span class='ocrx_word' id='word_1_605' title='bbox 411 5234 451 5289; x_wconf 69' lang='lat'><strong>¹⁸⁷</strong></span> <span class='ocrx_word' id='word_1_606' title='bbox 467 5238 663 5301; x_wconf 87' lang='lat' dir='ltr'><strong>admiraretur</strong></span> <span class='ocrx_word' id='word_1_607' title='bbox 675 5240 702 5300; x_wconf 91' lang='lat'><strong>8.</strong></span> <span class='ocrx_word' id='word_1_608' title='bbox 717 5232 758 5286; x_wconf 73' lang='lat'><strong>¹68</strong></span> <span class='ocrx_word' id='word_1_609' title='bbox 771 5238 930 5325; x_wconf 83' lang='lat' dir='ltr'><strong>imperator</strong></span> <span class='ocrx_word' id='word_1_610' title='bbox 942 5239 1012 5299; x_wconf 91' lang='lat' dir='ltr'><strong>dum</strong></span> <span class='ocrx_word' id='word_1_611' title='bbox 1027 5240 1054 5298; x_wconf 85' lang='lat'><strong>8.</strong></span> <span class='ocrx_word' id='word_1_612' title='bbox 1070 5234 1110 5287; x_wconf 71' lang='lat'><strong>1⁶⁹</strong></span> <span class='ocrx_word' id='word_1_613' title='bbox 1129 5242 1179 5298; x_wconf 78' lang='lat' dir='ltr'><strong>liic</strong></span> <span class='ocrx_word' id='word_1_614' title='bbox 1198 5236 1225 5299; x_wconf 88' lang='lat'><strong>8.</strong></span> <span class='ocrx_word' id='word_1_615' title='bbox 1243 5242 1346 5300; x_wconf 88' lang='lat' dir='ltr'><strong>addit:</strong></span> <span class='ocrx_word' id='word_1_616' title='bbox 1363 5235 1442 5302; x_wconf 88' lang='lat' dir='ltr'><strong>Inter</strong></span> <span class='ocrx_word' id='word_1_617' title='bbox 1456 5239 1520 5302; x_wconf 89' lang='lat' dir='ltr'><strong>haec</strong></span> <span class='ocrx_word' id='word_1_618' title='bbox 1535 5242 1654 5320; x_wconf 88' lang='lat' dir='ltr'><strong>quidam</strong></span> <span class='ocrx_word' id='word_1_619' title='bbox 1674 5246 1705 5305; x_wconf 89' lang='lat' dir='ltr'><strong>in</strong></span> <span class='ocrx_word' id='word_1_620' title='bbox 1727 5246 1829 5309; x_wconf 85' lang='lat' dir='ltr'><strong>reolu-</strong></span> 
     </span>
     <span class='ocr_line' id='line_1_81' title="bbox 107 5313 1821 5387; baseline 0.005 -16"><span class='ocrx_word' id='word_1_621' title='bbox 107 5330 192 5373; x_wconf 81' lang='lat' dir='ltr'><strong>srone</strong></span> <span class='ocrx_word' id='word_1_622' title='bbox 208 5317 300 5372; x_wconf 90' lang='lat' dir='ltr'><strong>multo</strong></span> <span class='ocrx_word' id='word_1_623' title='bbox 314 5319 445 5387; x_wconf 89' lang='lat' dir='ltr'><strong>tempore</strong></span> <span class='ocrx_word' id='word_1_624' title='bbox 460 5316 619 5372; x_wconf 80' lang='lat' dir='ltr'><strong>famulatus</strong></span> <span class='ocrx_word' id='word_1_625' title='bbox 635 5317 695 5371; x_wconf 91' lang='lat' dir='ltr'><strong>Deo</strong></span> <span class='ocrx_word' id='word_1_626' title='bbox 710 5313 847 5386; x_wconf 83' lang='lat' dir='ltr'><strong>predixit,</strong></span> <span class='ocrx_word' id='word_1_627' title='bbox 863 5314 942 5384; x_wconf 91' lang='lat' dir='ltr'><strong>quod</strong></span> <span class='ocrx_word' id='word_1_628' title='bbox 958 5315 1058 5370; x_wconf 91' lang='lat' dir='ltr'><strong>nullus</strong></span> <span class='ocrx_word' id='word_1_629' title='bbox 1073 5315 1202 5384; x_wconf 92' lang='lat' dir='ltr'><strong>illorum,</strong></span> <span class='ocrx_word' id='word_1_630' title='bbox 1219 5317 1303 5387; x_wconf 92' lang='lat' dir='ltr'><strong>quib</strong></span> <span class='ocrx_word' id='word_1_631' title='bbox 1329 5316 1374 5372; x_wconf 90' lang='lat' dir='ltr'><strong>&#39;us</strong></span> <span class='ocrx_word' id='word_1_632' title='bbox 1390 5320 1524 5374; x_wconf 89' lang='lat' dir='ltr'><strong>scandali</strong></span> <span class='ocrx_word' id='word_1_633' title='bbox 1543 5324 1681 5378; x_wconf 90' lang='lat' dir='ltr'><strong>auctores</strong></span> <span class='ocrx_word' id='word_1_634' title='bbox 1697 5322 1821 5380; x_wconf 83' lang='lat' dir='ltr'><strong>fuerunt</strong></span> 
     </span>
     <span class='ocr_line' id='line_1_82' title="bbox 106 5367 1829 5460; baseline 0.001 -18"><span class='ocrx_word' id='word_1_635' title='bbox 106 5388 183 5444; x_wconf 90' lang='lat' dir='ltr'><strong>ultra</strong></span> <span class='ocrx_word' id='word_1_636' title='bbox 199 5387 386 5460; x_wconf 87' lang='lat' dir='ltr'><strong>septennium</strong></span> <span class='ocrx_word' id='word_1_637' title='bbox 400 5387 524 5442; x_wconf 90' lang='lat' dir='ltr'><strong>viveret.</strong></span> <span class='ocrx_word' id='word_1_638' title='bbox 540 5386 625 5453; x_wconf 89' lang='lat' dir='ltr'><strong>Quod</strong></span> <span class='ocrx_word' id='word_1_639' title='bbox 640 5390 669 5442; x_wconf 92' lang='lat' dir='ltr'><strong>et</strong></span> <span class='ocrx_word' id='word_1_640' title='bbox 682 5401 733 5442; x_wconf 89' lang='lat' dir='ltr'><strong>res</strong></span> <span class='ocrx_word' id='word_1_641' title='bbox 745 5384 892 5457; x_wconf 88' lang='lat' dir='ltr'><strong>probavit.</strong></span> <span class='ocrx_word' id='word_1_642' title='bbox 911 5384 956 5440; x_wconf 74' lang='lat' dir='ltr'><strong>Cf.</strong></span> <span class='ocrx_word' id='word_1_643' title='bbox 972 5384 1118 5457; x_wconf 85' lang='lat' dir='ltr'><strong>Alpertus</strong></span> <span class='ocrx_word' id='word_1_644' title='bbox 1132 5387 1223 5457; x_wconf 80' lang='lat' dir='ltr'><strong>(dion.</strong></span> <span class='ocrx_word' id='word_1_645' title='bbox 1241 5386 1298 5442; x_wconf 89' lang='lat' dir='ltr'><strong>SS.</strong></span> <span class='ocrx_word' id='word_1_646' title='bbox 1338 5388 1367 5443; x_wconf 86' lang='lat' dir='ltr'><strong>V.</strong></span> <span class='ocrx_word' id='word_1_647' title='bbox 1383 5386 1457 5460; x_wconf 84' lang='grc'>697).</span> <span class='ocrx_word' id='word_1_648' title='bbox 1821 5367 1829 5396; x_wconf 75' lang='grc'><strong><em>’</em></strong></span> 
     </span>
    </p>
   </div>
   <div class='ocr_carea' id='block_1_12' title="bbox 914 5474 1054 5545">
    <p class='ocr_par' dir='ltr' id='par_1_14' title="bbox 914 5474 1054 5545">
     <span class='ocr_line' id='line_1_83' title="bbox 914 5474 1054 5545; baseline -0.014 0"><span class='ocrx_word' id='word_1_649' title='bbox 914 5474 1054 5545; x_wconf 81' lang='lat' dir='ltr'><strong>NOTAE.</strong></span> 
     </span>
    </p>
   </div>
   <div class='ocr_carea' id='block_1_13' title="bbox 1025 5659 1569 5737">
    <p class='ocr_par' dir='ltr' id='par_1_15' title="bbox 1025 5659 1569 5737">
     <span class='ocr_line' id='line_1_84' title="bbox 1025 5659 1569 5737; baseline 0.02 -20"><span class='ocrx_word' id='word_1_650' title='bbox 1025 5659 1100 5735; x_wconf 78' lang='grc'>(906)</span> <span class='ocrx_word' id='word_1_651' title='bbox 1120 5662 1141 5721; x_wconf 91' lang='lat' dir='ltr'><strong>l.</strong></span> <span class='ocrx_word' id='word_1_652' title='bbox 1159 5677 1186 5720; x_wconf 89' lang='lat' dir='ltr'><strong>e.</strong></span> <span class='ocrx_word' id='word_1_653' title='bbox 1204 5661 1463 5737; x_wconf 88' lang='lat' dir='ltr'><strong>omninopaearat.</strong></span> <span class='ocrx_word' id='word_1_654' title='bbox 1479 5666 1569 5729; x_wconf 80' lang='lat' dir='ltr'><strong>cccv.</strong></span> 
     </span>
    </p>
   </div>
   <div class='ocr_carea' id='block_1_14' title="bbox 138 5588 1152 5811">
    <p class='ocr_par' dir='ltr' id='par_1_16' title="bbox 138 5588 1152 5811">
     <span class='ocr_line' id='line_1_85' title="bbox 138 5588 1152 5811; baseline -0.004 -162"><span class='ocrx_word' id='word_1_655' title='bbox 138 5591 214 5811; x_wconf 60' lang='lat' dir='ltr'><strong>pilli)</strong></span> <span class='ocrx_word' id='word_1_656' title='bbox 234 5591 350 5662; x_wconf 86' lang='lat' dir='ltr'><strong>Vetula,</strong></span> <span class='ocrx_word' id='word_1_657' title='bbox 366 5590 473 5646; x_wconf 91' lang='lat' dir='ltr'><strong>comite</strong></span> <span class='ocrx_word' id='word_1_658' title='bbox 483 5589 671 5647; x_wconf 79' lang='lat' dir='ltr'><strong>Ardennensi</strong></span> <span class='ocrx_word' id='word_1_659' title='bbox 684 5589 935 5648; x_wconf 90' lang='lat' dir='ltr'><strong>atHaunoniensi.</strong></span> <span class='ocrx_word' id='word_1_660' title='bbox 990 5589 1049 5646; x_wconf 89' lang='lat' dir='ltr'><strong>bet.</strong></span> <span class='ocrx_word' id='word_1_661' title='bbox 1061 5588 1152 5646; x_wconf 80' lang='lat' dir='ltr'><strong>Conv.</strong></span> 
     </span>
    </p>
   </div>
   <div class='ocr_carea' id='block_1_15' title="bbox 152 5662 934 5814">
    <p class='ocr_par' dir='ltr' id='par_1_17' title="bbox 152 5662 934 5814">
     <span class='ocr_line' id='line_1_86' title="bbox 152 5662 934 5814; baseline -0.003 -21"><span class='ocrx_word' id='word_1_662' title='bbox 152 5664 217 5811; x_wconf 46' lang='lat' dir='ltr'><em>Q</em></span> <span class='ocrx_word' id='word_1_663' title='bbox 233 5662 478 5814; x_wconf 47' lang='lat' dir='ltr'><strong>gppspgupn‘eelalpm</strong></span> <span class='ocrx_word' id='word_1_664' title='bbox 492 5731 593 5809; x_wconf 75' lang='lat' dir='ltr'><strong>edidit,</strong></span> <span class='ocrx_word' id='word_1_665' title='bbox 604 5731 668 5809; x_wconf 78' lang='lat' dir='ltr'><strong>jam</strong></span> <span class='ocrx_word' id='word_1_666' title='bbox 683 5733 724 5791; x_wconf 92' lang='lat' dir='ltr'><strong>nll</strong></span> <span class='ocrx_word' id='word_1_667' title='bbox 738 5733 866 5811; x_wconf 87' lang='lat' dir='ltr'><strong>amplius</strong></span> <span class='ocrx_word' id='word_1_668' title='bbox 881 5731 934 5792; x_wconf 80' lang='lat' dir='ltr'><strong>bn·</strong></span> 
     </span>
    </p>
   </div>
   <div class='ocr_carea' id='block_1_16' title="bbox 0 0 1954 6112">
    <p class='ocr_par' dir='ltr' id='par_1_18' title="bbox 0 0 1954 6112">
     <span class='ocr_line' id='line_1_87' title="bbox 0 0 1954 6112; baseline 0 15"><span class='ocrx_word' id='word_1_669' title='bbox 0 0 1954 6112; x_wconf 95' lang='lat' dir='ltr'><strong> </strong></span> 
     </span>
    </p>
   </div>
  </div>
 </body>
</html>
