3908 6112
110 283 168 348 691

588 265 785 333 noientel
810 259 1104 327 CLUNlAOENSIS
1125 259 1336 324 MONACHI.

1711 212 1818 325 'aea

113 498 201 554 vare3
217 481 254 537 ad
273 492 391 544 nonam,
405 474 518 530 Ponam
528 471 559 525 in
571 468 654 525 Sion.
671 465 825 522 Verumde
840 463 888 518 his
898 441 982 517 test
998 474 1166 530 quanquam
1180 474 1239 514 non
1258 475 1362 514 omnes
1386 458 1527 529 serviant,
1548 459 1602 514 sod
1617 459 1689 514 tanti
1703 461 1831 531 quantos

110 571 237 627 rialibus
248 563 544 638 antiphonisestuna,
557 560 586 612 id
595 559 640 613 est
649 555 747 612 Nolite
755 555 870 622 timere,
878 567 944 623 quae

110 676 231 732 semper
240 659 424 723 reservatur,
441 656 471 707 ut
485 651 514 704 in
529 647 625 704 Natali
640 646 670 702 S.
688 646 808 699 Thomae
819 641 945 712 apostoli

109 754 179 823 post
194 751 263 804 mat.
279 745 382 802 laudes
397 758 451 813 pro
466 738 668 795 recordatione
684 732 828 789 Dominioi
844 733 946 786 cante·

110 842 159 895 tur
175 831 338 902 Adventus
356 832 414 888 nisi
431 831 507 885 torte
523 828 710 898 contingatut
723 825 788 893 ipsa
797 820 943 876 festivitas

111 926 228 981 deloco
244 939 299 978 suo
314 926 342 976 et
357 921 405 975 die
421 921 556 973 mutetur.
574 915 701 969 Mutatur
713 915 820 979 autem,
837 908 864 962 si
880 922 946 963 evc-

112 1014 319 1071 neritinsexta
332 1010 405 1064 teria
415 1007 547 1072 Quatuer
557 1005 744 1072 Temperum,
759 999 828 1053 etin
845 997 945 1068 quinta

111 1101 299 1176 praecedente
316 1096 481 1152 celebratur
499 1109 504 1149 :
523 1096 571 1147 aut
585 1093 612 1147 si
623 1090 754 1145 evenerit
765 1088 794 1140 in
804 1085 945 1152 Sabbata,

110 1191 159 1246 vel
176 1191 205 1245 in
220 1185 354 1259 sequenti
365 1183 527 1250 nomisios,
539 1180 706 1235 celebratur
720 1178 750 1231 in
761 1173 892 1230 secunda
904 1173 944 1226 se·

110 1261 167 1334 r’iiI
181 1278 213 1332 ln
229 1278 332 1349 quarta
348 1273 423 1329 teria
435 1271 543 1344 Jejunii
555 1269 731 1324 inchoantur
742 1263 946 1335 responsoria,

114 1368 214 1423 Clama
226 1365 257 1419 in
272 1363 460 1421 tortitudine.
478 1361 510 1415 ln
525 1359 585 1413 illis
600 1358 697 1412 tribus
712 1354 863 1423 noctibus,
884 1351 947 1423 qui-

999 547 1057 618 ipsi
1072 548 1148 602 inter
1162 563 1196 602 se
1213 546 1368 617 voluerint,
1385 551 1414 603 et
1429 563 1504 619 opus
1518 563 1588 604 esso
1602 547 1741 604 viderint.

1036 635 1068 688 ln
1083 636 1184 707 vigilia
1200 635 1314 691 Natalis
1334 637 1449 691 Domini
1472 637 1608 692 nocturni
1622 636 1696 692 tluut
1710 636 1789 692 sicut
1804 637 1834 691 in

1001 725 1832 798 quelibotprivatodis,trigintapsalmispraecedeutibus,

1001 830 1057 869 nec
1068 814 1137 885 quid
1156 818 1288 869 remanet
1297 815 1332 869 de
1348 818 1453 870 cetera
1468 815 1641 887 psalmodia,
1657 829 1725 887 quae
1742 815 1789 870 vel
1804 814 1833 868 in

1004 905 1095 959 choro
1111 904 1157 959 vel
1172 904 1202 958 in
1217 904 1344 959 ecclesia
1367 904 1397 959 S.
1409 904 1515 968 Marisa
1537 906 1651 960 cantari
1674 901 1753 960 solet
1766 907 1832 958 ante

1003 996 1104 1048 matut.
1120 993 1198 1048 laud.
1209 994 1253 1048 Ad
1268 997 1428 1049 nocturnos
1444 994 1553 1066 legitur
1567 993 1614 1048 illa
1630 993 1770 1065 Origenis
1782 994 1834 1047 he·

1006 1083 1084 1136 milia
1101 1098 1107 1137 :
1125 1081 1256 1148 Querela
1266 1083 1442 1138 necessitas.
1452 1082 1495 1137 nd
1503 1085 1603 1138 matut.
1614 1082 1718 1137 laudes
1729 1081 1833 1136 formis

1004 1171 1199 1242 complicatis,
1224 1176 1252 1227 et
1276 1172 1422 1242 tapetibus
1442 1173 1613 1241 constratis,
1635 1176 1663 1226 et
1687 1171 1784 1243 primo
1800 1186 1835 1225 cx

1004 1276 1086 1317 more
1101 1262 1189 1334 siguo
1200 1278 1258 1317 nno
1270 1262 1385 1332 pulsato
1397 1268 1425 1317 et
1436 1262 1567 1317 oratione
1582 1260 1668 1329 tacta,
1680 1261 1838 1331 pulsantur

1004 1347 1100 1412 omnia
1110 1357 1207 1429 signa,
1224 1373 1278 1412 nec
1293 1357 1342 1411 alii
1352 1358 1458 1428 psalmi
1469 1372 1556 1427 quam
1574 1356 1624 1428 qui
1639 1355 1836 1411 solemnitati-

111 1456 170 1511 bus
196 1453 298 1509 <tndem
322 1453 477 1506 tnsslssssitff
500 1445 712 1517 PssSP⁰¹¹50liflt
740 1441 949 1513 Pl⁰¹¹⁰¹¹iitli¹¹¹⁸
1003 1449 1061 1504 bus
1082 1450 1250 1519 competunt
1280 1451 1442 1516 cantantur,
1467 1447 1602 1518 psalmus
1624 1445 1837 1518 nonagesimus

112 1543 316 1615 Evangelium,
342 1543 370 1595 ct
394 1555 453 1594 non
477 1535 603 1607 amplios
628 1549 716 1605 quom
736 1529 890 1602 Evangelii
911 1543 949 1582 ex
1003 1537 1154 1592 secundus
1163 1541 1345 1607 etsequaces
1355 1536 1431 1608 ejus
1446 1535 1681 1606 Responserium
1692 1532 1795 1590 dudaea
1807 1539 1835 1588 et

112 1648 194 1688 more
213 1631 323 1704 legitur
338 1628 477 1692 homilissl
502 1626 595 1697 prima
618 1627 715 1677 iumen
737 1620 857 1676 h0¹1¹ilifl
881 1634 947 1674 oum
1004 1626 1170 1682 Jerusalem
1190 1642 1206 1679 a
1230 1626 1347 1681 duobus
1367 1629 1517 1695 cantatur,
1538 1625 1631 1679 altare
1648 1625 1833 1678 incensatur.

113 1723 152 1777 sit
168 1722 256 1794 longe
274 1720 369 1774 minor
380 1717 495 1772 duabus
512 1712 706 1785 sequentibus
719 1727 727 1780 ς
743 1725 800 1782 ego
816 1709 946 1780 quidem,
1003 1715 1101 1771 Prima
1112 1719 1271 1770 tamennon
1282 1718 1437 1785 separatur
1450 1715 1486 1769 ab
1497 1714 1572 1785 ipsis
1583 1712 1734 1768 matutinis
1745 1711 1834 1778 laud,

113 1812 140 1866 Si
155 1812 231 1866 bene
246 1807 375 1877 memini,
388 1806 454 1877 pius
466 1802 623 1874 aliquando
636 1800 745 1856 leniunt
756 1813 825 1854 esse
837 1797 987 1876 audivi,B
1004 1819 1058 1859 nec
1074 1804 1195 1874 aprima
1210 1803 1298 1858 solito
1309 1819 1390 1858 more
1401 1805 1513 1874 septem
1520 1803 1628 1873 psalmi
1639 1817 1707 1856 gum
1717 1800 1835 1855 letania,

113 1903 142 1954 et
156 1899 287 1954 additum
301 1897 337 1951 de
353 1894 542 1950 sermonibus
553 1892 723 1947 Sanctorum
739 1889 876 1953 Patrum;
893 1886 948 1942 sed
1004 1894 1143 1949 Psalmus
1158 1908 1275 1964 quoque
1287 1893 1497 1963 Misererepro
1507 1891 1656 1946 defunctis
1665 1889 1835 1954 abbatibus,

113 1989 169 2044 hoc
183 1991 287 2058 postea
301 1984 516 2056 reprehensum
535 1984 581 2037 est
600 1998 616 2035 a
633 1979 803 2035 senioribus
823 1977 946 2032 nostris·
1004 1977 1837 2051 lioctduoaliiremaneantpraaeodensetsequens,sieut

115 2078 158 2133 Tu
174 2094 247 2150 ergo
262 2077 339 2148 elige
354 2075 433 2147 quod
448 2073 545 2144 magis
557 2070 687 2126 volucris
703 2084 719 2123 e
735 2066 862 2122 duobus·
1005 2072 1092 2127 etiam
1107 2055 1208 2141 posiea
1223 2071 1259 2124 ad
1275 2085 1378 2124 omnes
1394 2069 1494 2124 horas.
1512 2069 1585 2123 Tres
1601 2068 1753 2122 orationes
1770 2069 1837 2120 ante

150 2167 244 2221 Inter.
270 2165 301 2218 ln
325 2162 472 2232 Sabbate,
489 2177 555 2216 oum
576 2175 635 2214 non
659 2156 794 2212 habeatis
812 2153 948 2226 proprios
1004 2159 1661 2231 tertiamstandoaguntur,quia,posteaquam
1670 2155 1838 2210 matutlau·

114 2254 290 2326 antiphonas
313 2252 371 2308 nisi
394 2252 430 2306 de
455 2250 557 2323 vigilia
576 2247 690 2303 Natalis
717 2245 848 2313 Domini,
878 2241 949 2315 quid
1005 2250 1059 2304 des
1070 2251 1139 2304 sunt
1149 2248 1362 2318 incoeptoe,tot0
1374 2247 1422 2301 illo
1432 2247 1669 2316 dignoqugqugm
1680 2259 1779 2319 genua
1790 2244 1839 2298 sse.

114 2344 264 2400 cantatis?
1006 2340 1135 2408 etuutur,
1145 2340 1269 2408 excepto
1280 2337 1315 2391 ad
1326 2336 1473 2406 letaniam,
1490 2338 1518 2390 ot
1532 2334 1649 2406 quando
1665 2335 1695 2389 in
1711 2333 1838 2403 capitulo

150 2432 241 2505 Hesp.
254 2431 293 2486 Ut
308 2432 386 2486 scire
402 2433 498 2502 potes,
508 2427 583 2482 duas
592 2426 666 2482 satis
677 2424 822 2496 proprias,
836 2421 950 2494 quiade
1005 2428 1161 2485 Nativitas
1175 2426 1294 2482 llenrini
1303 2425 1651 2497 pronuntiatur.Prepter
1661 2424 1742 2495 quod
1753 2422 1838 2479 etiam

116 2522 192 2592 ipsis
207 2520 332 2590 psalmis
344 2521 423 2587 sunt,
435 2519 464 2572 in
475 2520 612 2589 promptu
628 2513 776 2569 canendos
792 2512 949 2574 habemus,
1006 2516 1168 2571 matutinali
1183 2515 1277 2571 missa
1298 2531 1351 2585 pro
1367 2513 1504 2569 fidelibus
1524 2513 1673 2569 defunctis
1689 2511 1782 2582 finita,
1803 2509 1839 2565 ad

114 2610 146 2665 id
157 2611 213 2678 cst,
224 2607 273 2662 Ad
289 2612 328 2678 te,
348 2607 471 2661 Domine
484 2605 585 2659 levavi
592 2620 599 2673 3
615 2606 643 2658 et
654 2603 857 2673 Exspectatur
874 2600 951 2654 siout
1006 2605 1104 2677 ipsum
1115 2604 1272 2676 capitulum
1283 2603 1429 2676 prolixius
1444 2601 1529 2659 scilla
1538 2603 1683 2674 pulsatur,
1694 2603 1839 2656 utomncs

114 2697 236 2771 pluvia,
260 2696 308 2750 his
327 2695 463 2750 addimus
488 2709 554 2765 quae
575 2693 729 2747 incantatas
755 2689 953 2744 remanserint
1006 2695 1124 2765 possint
1143 2693 1302 2749 convenire
1311 2711 1319 2760 ;
1335 2696 1364 2749 et
1379 2709 1444 2748 cum
1461 2692 1613 2748 Dominica
1627 2691 1795 2759 Natitites,
1812 2693 1842 2744 ut

117 2803 173 2858 pro
188 2785 347 2841 testivitate
363 2784 393 2838 S.
410 2784 542 2854 Thomas,
559 2782 616 2852 vel,
627 2783 652 2837 si
664 2796 738 2853 quas
753 2780 827 2833 alias
843 2778 879 2832 de
894 2779 951 2833 alio
1007 2784 1196 2854 praemissum
1212 2785 1267 2854 est,
1283 2783 1500 2854 pronuntiatur,
1517 2780 1651 2836 universi
1668 2779 1803 2836 solemus
1813 2778 1843 2831 in

117 2876 184 2932 loeo
200 2876 299 2946 magis
321 2876 522 2944 competentes
552 2872 697 2926 videmus.
728 2870 901 2925 praecentor
923 2870 952 2923 et
1008 2873 1113 2927 taciem
1137 2871 1253 2942 eadere,
1274 2874 1303 2926 et
1324 2870 1493 2943 aliquandiu
1521 2870 1551 2924 in
1573 2869 1706 2925 oratione
1726 2867 1840 2939 jacere.

118 2965 275 3034 armarius,
292 2963 440 3034 siquidem
454 2964 593 3016 sensatus
609 2963 638 3015 et
653 2959 808 3014 studiosus
823 2960 879 3026 est,
891 2973 951 3013 non
1008 2962 1170 3018 Transacte
1186 2961 1313 3024 capitulo
1329 2977 1388 3016 non
1403 2975 1539 3015 caremus
1555 2958 1673 3015 licentia
1687 2957 1839 3029 loquendi,

117 3055 241 3110 multum
257 3069 311 3124 pro
327 3051 500 3124 hujusmodi
514 3050 636 3119 errabit,
646 3052 672 3104 et
685 3049 720 3103 ad
736 3048 817 3103 illum
825 3046 952 3118 pertinet
1009 3052 1156 3107 etiterum
1171 3055 1240 3120 pest
1254 3054 1378 3121 sextam,
1395 3050 1463 3121 quia
1473 3064 1527 3121 por
1540 3051 1629 3105 totam
1643 3046 1774 3102 futuram
1790 3062 1842 3100 se-

119 3143 216 3198 omnia
233 3158 299 3213 quae
314 3145 383 3197 sunt
399 3140 489 3212 huius
505 3138 625 3211 generis
641 3136 807 3209 providere.

154 3231 249 3288 Inter.
266 3230 346 3302 Ergo
362 3231 455 3301 ipsas,
476 3229 636 3300 dequibus
651 3226 757 3298 agitur,
776 3223 951 3294 antiphonas

119 3321 306 3376 matutinales
322 3325 478 3390 postquam
490 3320 582 3372 semet
598 3333 701 3372 omnes
718 3315 870 3383 cantastis
880 3312 951 3384 quid

119 3408 217 3464 tacitis
233 3409 258 3463 si
275 3408 404 3463 nondum
419 3412 465 3463 cst
485 3406 599 3461 Natalis
614 3405 756 3460 Domini?

156 3498 246 3568 Resp.
263 3498 338 3562 Quid
360 3498 495 3563 interest,
513 3497 538 3551 si
554 3494 687 3550 secunde
709 3508 761 3548 eas
776 3492 950 3565 repetimus,

120 3585 258 3641 nimirum
274 3584 350 3639 aliud
363 3600 421 3639 non
437 3584 573 3639 iacimus.

414 3672 539 3727 CAPUT
555 3673 655 3727 XLVI.

250 3763 294 3818 De
312 3761 416 3835 viqilia
429 3762 505 3816 etde
520 3760 570 3816 die
583 3761 687 3816 h'atali
700 3762 827 3817 Domini.

1008 3142 1165 3212 ptimanam
1180 3139 1323 3194 debemus
1340 3138 1518 3211 generaliter
1531 3153 1600 3194 esse
1623 3140 1768 3205 tacentes
1784 3135 1841 3190 nisi

1009 3233 1149 3300 quantum
1160 3230 1309 3301 loquimur
1319 3229 1350 3283 in
1366 3227 1503 3298 capitulo,
1515 3230 1545 3283 et
1559 3226 1596 3282 ad
1607 3225 1840 3282 contessionem.

1009 3319 1105 3390 Major
1113 3319 1207 3372 missa
1223 3318 1394 3374 solemniter
1405 3317 1580 3388 celebratur,
1590 3315 1787 3372 subdiaconis
1795 3315 1842 3368 in·

1010 3408 1089 3463 dutis
1103 3408 1211 3476 tunica,
1228 3407 1352 3463 diacono
1376 3406 1541 3476 dalmatica,
1558 3406 1606 3477 qui
1622 3408 1702 3460 tenet
1718 3405 1841 3459 chorum

1009 3512 1111 3568 eappa,
1128 3497 1174 3551 vel
1190 3497 1240 3567 qui
1255 3496 1426 3568 gradualem
1442 3498 1568 3551 cantant.
1585 3495 1630 3550 hd
1654 3494 1845 3564 vespertina·

1008 3586 1065 3642 lem
1081 3587 1304 3657 processionem
1319 3601 1457 3657 respons.
1476 3585 1643 3659 Omagnum
1652 3585 1842 3658 mysterium

1010 3674 1236 3743 collectaneus,
1253 3676 1302 3746 qui
1316 3674 1433 3729 salutis.
1449 3673 1480 3728 ln
1496 3674 1562 3744 ipsa
1577 3675 1663 3728 nocte
1674 3671 1842 3727 Natiuitatis

1010 3764 1136 3833 Domini,
1148 3765 1322 3835 priusquam
1331 3765 1531 3835 consurgatur
1539 3762 1574 3817 ad
1586 3764 1761 3830 nocturnos,
1774 3776 1842 3832 qua·

157 3852 322 3925 Aliquando
339 3851 456 3922 quidam
473 3850 548 3905 torte
564 3851 683 3906 libellus
700 3852 779 3906 venit
803 3851 833 3906 in
849 3866 954 3908 manus
1010 3858 1078 3908 tuor
1086 3852 1490 3924 eoreiperquatuorangulos
1498 3851 1619 3906 claustri
1627 3850 1840 3917 accenduntur,

122 3944 252 4010 nostras,
279 3941 423 3995 simulans
446 3941 524 4012 quod
545 3940 613 3994 olim
635 3941 764 4011 scriptus
789 3946 871 3997 esset
887 3945 953 3996 unte
1006 3944 1121 4016 jugiter
1134 3958 1230 4013 usque
1245 3942 1281 3996 ad
1297 3942 1374 3996 diem
1385 3941 1494 4011 arsuri,
1511 3941 1631 4012 quintus
1646 3940 1677 3994 in
1688 3940 1747 3994 olla
1764 3954 1840 3993 mnr-

121 4030 224 4102 plures
239 4046 344 4102 annos,
362 4031 391 4083 iu
406 4045 464 4101 quo
489 4031 565 4083 inter
579 4033 688 4083 caetera
705 4031 866 4087 habebatur
880 4047 954 4086 nos·
1010 4030 1433 4102 moreaperlucidaponiturin
1444 4030 1571 4084 medium
1581 4029 1728 4084 lavatorii.
1738 4028 1844 4093 Quam·

121 4119 598 4175 tramesseoousuetudinemutin
616 4119 836 4176 NataliDomini
851 4120 952 4175 minis·
1010 4123 1057 4177 vis
1073 4124 1169 4176 autem
1184 4121 1345 4175 missarum
1360 4119 1504 4174 solemnia
1517 4120 1563 4173 ter
1577 4117 1637 4172 sint
1652 4117 1841 4183 celebranda,

121 4209 228 4264 terium
244 4210 379 4281 coquinae
395 4209 521 4263 domnus
541 4209 635 4264 abbas
656 4212 683 4264 et
699 4208 873 4263 cellerarius
888 4225 955 4264 cum
1010 4214 1107 4266 tamen
1124 4211 1236 4265 cantica
1247 4209 1413 4281 quindecim
1425 4209 1570 4280 graduum
1580 4222 1639 4262 non
1653 4205 1844 4277 proeternitti·

122 4298 243 4352 decanis
260 4297 348 4352 simul
372 4297 490 4350 iaciant.
511 4297 593 4361 Quod
617 4297 682 4352 ideo
703 4301 800 4351 tacere
816 4296 907 4365 nolui,
924 4299 957 4351 ut
1010 4316 1077 4355 mus
1091 4302 1329 4354 autenoeturuos
1339 4316 1346 4363 ;
1359 4298 1462 4369 primae
1482 4300 1543 4352 tres
1558 4297 1703 4352 lectiones
1716 4295 1755 4351 de
1774 4309 1843 4366 pro-

122 4386 342 4441 animadvertas
358 4401 374 4438 a
390 4388 498 4456 quantu
521 4385 675 4439 sanctitate
691 4385 775 4440 locus
790 4388 894 4440 noster
908 4384 955 4438 in·
1010 4391 1108 4459 pheta,
1134 4392 1236 4460 quarta
1256 4389 1293 4443 de
1308 4387 1383 4442 libro
1397 4387 1569 4457 Sapientia,
1587 4385 1653 4457 qu
1669 4385 1843 4456 sapientia:

123 4475 220 4546 coepit,
238 4490 405 4546 quanquam
421 4475 507 4529 modo
524 4490 581 4528 non
597 4476 645 4545 sit,
663 4491 717 4529 nce
733 4476 846 4547 absque
859 4475 953 4529 maxi·
1011 4494 1087 4533 nona
1104 4480 1131 4532 et
1146 4479 1212 4533 dure
1227 4480 1388 4548 sequentes
1399 4476 1434 4530 de
1443 4475 1563 4530 homilia
1579 4472 1843 4546 Bedaepnesbyteri

122 4580 170 4618 ma
185 4563 402 4634 importunitate
414 4577 483 4618 esse
498 4564 595 4632 possit
606 4563 734 4633 idipsum
745 4564 918 4618 humilitatis
927 4567 955 4619 et
968 4532 993 4595 ὓ
1012 4566 1226 4639 superEvang.
1239 4566 1272 4620 ln
1280 4565 1443 4637 priucipi03
1454 4563 1628 4620 duodecima
1637 4563 1727 4619 lectio
1736 4564 1785 4619 est
1794 4561 1843 4616 ho·

122 4653 277 4726 religionis
292 4651 468 4723 exemplum.
486 4651 560 4707 Nam
576 4657 732 4723 postquam
747 4656 775 4707 et
790 4653 854 4708 haee
870 4653 955 4708 vinea
1011 4657 1092 4711 milia
1105 4656 1184 4711 beati
1206 4655 1342 4728 Gregorii
1359 4670 1442 4725 papas
1466 4653 1502 4708 de
1526 4669 1572 4724 ee,
1590 4652 1677 4707 Exiit
1692 4652 1842 4708 edictum:

122 4745 226 4797 nostra
244 4741 375 4797 extendit
396 4741 532 4812 palmites
555 4757 628 4796 suos
649 4756 744 4812 usque
767 4742 803 4796 ad
827 4758 906 4797 mare
929 4746 958 4798 et
1012 4745 1206 4816 Evangelium
1217 4744 1461 4816 quodlegendum
1472 4745 1528 4812 est,
1540 4745 1586 4798 est
1601 4742 1637 4797 de
1652 4743 1844 4815 generatione

122 4846 230 4901 usque,
247 4847 305 4886 non
322 4830 356 4884 nd
373 4829 492 4898 numen,
503 4830 557 4884 sed
572 4829 607 4883 ad
619 4830 738 4884 tlumina
755 4831 958 4903 multapropa-
1012 4835 1122 4891 Christi
1138 4835 1302 4889 secundum
1317 4833 1495 4888 Matthaeum.
1520 4832 1658 4901 Collecta,
1684 4831 1846 4905 llcus,qni

123 4920 210 4991 gines
226 4919 387 4988 snas,tanti
400 4920 533 4985 fratrum,
551 4920 621 4972 tanti
633 4919 780 4990 hospitum
797 4926 959 4979 accurrunt

124 5007 160 5060 ad
183 5012 405 5064 sacrosanctam
428 5008 660 5078 solemnitatem,
691 5010 801 5079 quihus
828 5011 958 5083 singulis

126 5093 216 5149 habet
230 5097 459 5152 domnusnbbas
470 5113 524 5168 pro
540 5101 598 5151 tam
613 5097 880 5170 diversisnegotiis
895 5116 959 5155 res·

124 5183 265 5254 pondere,
284 5191 313 5239 ut
329 5187 447 5240 omniuo
463 5201 520 5240 uon
531 5187 693 5257 expediret,
704 5188 730 5241 si
745 5191 814 5242 tunc
831 5203 864 5243 sc
880 5189 957 5242 lava-

124 5269 204 5325 tione
213 5270 347 5328 iabarum
361 5277 533 5345 oocuparet;
545 5291 561 5328 a
572 5291 630 5346 quo
646 5275 892 5347 tamenobsequio
901 5277 958 5332 alio

124 5361 333 5429 temporanea
348 5362 445 5434 magis
468 5363 533 5434 ipse
549 5379 637 5435 quam
661 5365 691 5419 et
713 5363 761 5418 alii
777 5369 958 5433 excusatur;

126 5447 181 5502 hac
191 5451 288 5505 autem
298 5450 374 5520 vice,
387 5451 465 5506 sicut
474 5454 562 5507 ctiam
573 5454 603 5507 in
613 5453 739 5524 Pascha,
748 5457 958 5524 procuratores

126 5537 274 5609 villarum,
291 5539 385 5611 etqui
403 5539 508 5596 decani
531 5541 730 5612 appellantur,
746 5544 890 5616 quotquot
905 5560 959 5599 su-

124 5627 325 5704 pervenerint,
347 5643 451 5689 emnes
476 5629 583 5691 adhoc
597 5632 629 5690 in
652 5630 737 5690 brevi
752 5635 958 5707 recensentur,

1012 4921 1845 4992 hanesacratissimamnoctem.Proceditureumrespon·

1014 5011 1320 5081 serio,Ccndrmatum
1332 5017 1388 5078 est,
1396 5009 1598 5066 ndcoclesiam·
1605 5008 1724 5064 Sanctae
1732 5009 1843 5078 Maris,

1013 5103 1070 5156 ubi
1080 5104 1180 5170 matut,
1192 5100 1294 5155 laudes
1304 5115 1422 5171 quoque
1432 5099 1619 5154 doOmnibns
1628 5097 1750 5153 Sanctis
1760 5099 1846 5154 solito

1014 5207 1096 5246 more
1112 5192 1276 5258 cantantur,
1286 5193 1314 5244 et
1331 5187 1427 5244 Verba
1438 5188 1564 5244 mea.hd
1574 5203 1682 5242 nonam
1690 5187 1847 5244 lectionem

1015 5283 1226 5335 nocturnorum
1248 5277 1406 5333 introducti
1426 5280 1496 5332 sunt
1515 5278 1616 5332 famuli
1636 5276 1667 5331 in
1689 5277 1847 5348 coquinam

1010 5368 1192 5440 regularem,
1210 5370 1241 5421 ut
1254 5366 1342 5421 nobis
1358 5366 1393 5420 de
1408 5366 1537 5421 ecclesia
1552 5364 1668 5420 Sancte
1679 5365 1784 5421 Mariae
1794 5379 1848 5420 ex·

1015 5457 1153 5512 euntibus
1168 5457 1206 5510 sit
1216 5460 1336 5526 paratus
1348 5454 1438 5528 ignis,
1448 5458 1476 5509 et
1486 5453 1613 5510 ibiestin
1622 5456 1848 5526 promptusque

1015 5545 1119 5616 calida,
1136 5544 1269 5614 conchae,
1285 5544 1478 5616 manutergia,
1495 5547 1526 5599 ut
1538 5545 1679 5600 manuset
1693 5541 1803 5599 taciem
1813 5543 1851 5598 la·

1017 5650 1132 5693 vemas.
1147 5633 1220 5691 Cum
1234 5633 1365 5692 auditum
1376 5632 1465 5693 tuerit
1475 5633 1595 5709 signum
1602 5631 1702 5707 maius
1717 5631 1850 5711 aliquan·
