<?xml version="1.0" encoding="UTF-8"?>
<!DOCTYPE html PUBLIC "-//W3C//DTD XHTML 1.0 Transitional//EN"
    "http://www.w3.org/TR/xhtml1/DTD/xhtml1-transitional.dtd">
<html xmlns="http://www.w3.org/1999/xhtml" xml:lang="en" lang="en">
 <head>
  <title>
</title>
<meta http-equiv="Content-Type" content="text/html;charset=utf-8" />
  <meta name='ocr-system' content='tesseract 3.04.00' />
  <meta name='ocr-capabilities' content='ocr_page ocr_carea ocr_par ocr_line ocrx_word'/>
</head>
<body>
  <div class='ocr_page' id='page_1' title='image "./patrologiaecurs66unkngoog/patrologiaecurs66unkngoog_0763.png"; bbox 0 0 3900 6112; ppageno 0'>
   <div class='ocr_carea' id='block_1_1' title="bbox 610 258 1367 371">
    <p class='ocr_par' dir='ltr' id='par_1_1' title="bbox 610 258 1367 371">
     <span class='ocr_line' id='line_1_1' title="bbox 610 258 1367 371; baseline 0.005 -6"><span class='ocrx_word' id='word_1_1' title='bbox 610 258 615 267; x_wconf 70' lang='grc'><em>’</em></span> <span class='ocrx_word' id='word_1_2' title='bbox 667 304 857 367; x_wconf 78' lang='lat' dir='ltr'><strong>ananam</strong></span> <span class='ocrx_word' id='word_1_3' title='bbox 877 304 1144 369; x_wconf 80' lang='lat' dir='ltr'><strong>WATtNENsts</strong></span> <span class='ocrx_word' id='word_1_4' title='bbox 1167 305 1367 371; x_wconf 75' lang='lat' dir='ltr'><strong>caucum</strong></span> 
     </span>
    </p>
   </div>
   <div class='ocr_carea' id='block_1_2' title="bbox 168 303 1878 373">
    <p class='ocr_par' dir='ltr' id='par_1_2' title="bbox 168 303 1878 373">
     <span class='ocr_line' id='line_1_2' title="bbox 168 303 1878 373; baseline -0.004 7"><span class='ocrx_word' id='word_1_5' title='bbox 168 303 245 365; x_wconf 83' lang='lat'>¹51⁵</span> <span class='ocrx_word' id='word_1_6' title='bbox 1801 310 1878 373; x_wconf 82' lang='lat'>1516</span> 
     </span>
    </p>
   </div>
   <div class='ocr_carea' id='block_1_3' title="bbox 156 493 1897 3781">
    <p class='ocr_par' dir='ltr' id='par_1_3' title="bbox 156 493 1897 3781">
     <span class='ocr_line' id='line_1_3' title="bbox 158 493 1891 579; baseline 0.002 -19"><span class='ocrx_word' id='word_1_7' title='bbox 158 504 360 569; x_wconf 77' lang='lat' dir='ltr'><strong>fundamenta,</strong></span> <span class='ocrx_word' id='word_1_8' title='bbox 377 502 514 556; x_wconf 76' lang='lat' dir='ltr'><strong>aedificia</strong></span> <span class='ocrx_word' id='word_1_9' title='bbox 527 505 631 572; x_wconf 91' lang='lat' dir='ltr'><strong>partim</strong></span> <span class='ocrx_word' id='word_1_10' title='bbox 650 505 755 574; x_wconf 90' lang='lat' dir='ltr'><strong>diruta,</strong></span> <span class='ocrx_word' id='word_1_11' title='bbox 768 507 807 574; x_wconf 90' lang='lat' dir='ltr'><strong>et,</strong></span> <span class='ocrx_word' id='word_1_12' title='bbox 823 508 996 560; x_wconf 89' lang='lat' dir='ltr'><strong>utvetcrcm</strong></span> <span class='ocrx_word' id='word_1_13' title='bbox 1015 493 1039 555; x_wconf 68' lang='grc' dir='ltr'><strong>Α</strong></span> <span class='ocrx_word' id='word_1_14' title='bbox 1055 511 1170 576; x_wconf 90' lang='lat' dir='ltr'><strong>portum</strong></span> <span class='ocrx_word' id='word_1_15' title='bbox 1193 506 1300 562; x_wconf 78' lang='lat' dir='ltr'>Oceani</span> <span class='ocrx_word' id='word_1_16' title='bbox 1316 508 1383 579; x_wconf 92' lang='lat' dir='ltr'><strong>sita,</strong></span> <span class='ocrx_word' id='word_1_17' title='bbox 1395 509 1575 563; x_wconf 76' lang='lat' dir='ltr'><strong>Britanniam</strong></span> <span class='ocrx_word' id='word_1_18' title='bbox 1591 510 1752 564; x_wconf 90' lang='lat' dir='ltr'><strong>Deirorum</strong></span> <span class='ocrx_word' id='word_1_19' title='bbox 1769 510 1891 564; x_wconf 90' lang='lat' dir='ltr'><strong>insulam</strong></span> 
     </span>
     <span class='ocr_line' id='line_1_4' title="bbox 156 592 1891 668; baseline 0.003 -20"><span class='ocrx_word' id='word_1_20' title='bbox 156 595 274 649; x_wconf 89' lang='lat' dir='ltr'><strong>ruinam</strong></span> <span class='ocrx_word' id='word_1_21' title='bbox 290 594 439 645; x_wconf 87' lang='lat' dir='ltr'><strong>testantur</strong></span> <span class='ocrx_word' id='word_1_22' title='bbox 465 592 601 661; x_wconf 80' lang='lat' dir='ltr'><strong>vestigia,</strong></span> <span class='ocrx_word' id='word_1_23' title='bbox 619 594 809 663; x_wconf 80' lang='lat' dir='ltr'><strong>quantoplus</strong></span> <span class='ocrx_word' id='word_1_24' title='bbox 828 592 996 648; x_wconf 80' lang='lat' dir='ltr'><strong>fuerautti-</strong></span> <span class='ocrx_word' id='word_1_25' title='bbox 1055 599 1264 666; x_wconf 68' lang='lat' dir='ltr'><strong>prospectans,</strong></span> <span class='ocrx_word' id='word_1_26' title='bbox 1289 597 1325 651; x_wconf 86' lang='lat' dir='ltr'><strong>ab</strong></span> <span class='ocrx_word' id='word_1_27' title='bbox 1354 598 1528 652; x_wconf 88' lang='lat' dir='ltr'><strong>occidentali</strong></span> <span class='ocrx_word' id='word_1_28' title='bbox 1550 603 1633 668; x_wconf 89' lang='lat' dir='ltr'><strong>parte</strong></span> <span class='ocrx_word' id='word_1_29' title='bbox 1663 614 1756 668; x_wconf 91' lang='lat' dir='ltr'><strong>supra</strong></span> <span class='ocrx_word' id='word_1_30' title='bbox 1786 599 1891 653; x_wconf 87' lang='lat' dir='ltr'><strong>dictum</strong></span> 
     </span>
     <span class='ocr_line' id='line_1_5' title="bbox 160 679 1889 758; baseline 0.004 -23"><span class='ocrx_word' id='word_1_31' title='bbox 160 684 246 751; x_wconf 93' lang='lat' dir='ltr'><strong>mori,</strong></span> <span class='ocrx_word' id='word_1_32' title='bbox 268 683 346 735; x_wconf 91' lang='lat' dir='ltr'><strong>tanto</strong></span> <span class='ocrx_word' id='word_1_33' title='bbox 356 679 509 733; x_wconf 83' lang='lat' dir='ltr'><strong>crudelius</strong></span> <span class='ocrx_word' id='word_1_34' title='bbox 519 680 554 734; x_wconf 89' lang='lat' dir='ltr'><strong>ab</strong></span> <span class='ocrx_word' id='word_1_35' title='bbox 563 680 746 735; x_wconf 87' lang='lat' dir='ltr'><strong>adversariis</strong></span> <span class='ocrx_word' id='word_1_36' title='bbox 771 685 840 735; x_wconf 92' lang='lat' dir='ltr'><strong>sunt</strong></span> <span class='ocrx_word' id='word_1_37' title='bbox 850 682 996 753; x_wconf 88' lang='lat' dir='ltr'><strong>extirpati.</strong></span> <span class='ocrx_word' id='word_1_38' title='bbox 1054 686 1188 739; x_wconf 87' lang='lat' dir='ltr'><strong>cumdem</strong></span> <span class='ocrx_word' id='word_1_39' title='bbox 1206 687 1382 740; x_wconf 91' lang='lat' dir='ltr'><strong>terminatur</strong></span> <span class='ocrx_word' id='word_1_40' title='bbox 1400 687 1429 739; x_wconf 91' lang='lat' dir='ltr'><strong>in</strong></span> <span class='ocrx_word' id='word_1_41' title='bbox 1444 702 1578 752; x_wconf 90' lang='lat' dir='ltr'><strong>amnem;</strong></span> <span class='ocrx_word' id='word_1_42' title='bbox 1597 703 1698 758; x_wconf 90' lang='lat' dir='ltr'><strong>quem,</strong></span> <span class='ocrx_word' id='word_1_43' title='bbox 1716 688 1795 741; x_wconf 89' lang='lat' dir='ltr'><strong>sicut</strong></span> <span class='ocrx_word' id='word_1_44' title='bbox 1810 692 1889 742; x_wconf 88' lang='lat' dir='ltr'><strong>vetu-</strong></span> 
     </span>
     <span class='ocr_line' id='line_1_6' title="bbox 162 768 1890 846; baseline 0.004 -21"><span class='ocrx_word' id='word_1_45' title='bbox 162 770 221 826; x_wconf 78' lang='lat' dir='ltr'><strong>Seal</strong></span> <span class='ocrx_word' id='word_1_46' title='bbox 233 786 286 824; x_wconf 90' lang='lat' dir='ltr'><strong>uec</strong></span> <span class='ocrx_word' id='word_1_47' title='bbox 305 769 401 822; x_wconf 88' lang='lat' dir='ltr'><strong>adbuc</strong></span> <span class='ocrx_word' id='word_1_48' title='bbox 417 768 523 822; x_wconf 71' lang='lat' dir='ltr'><strong>(livium</strong></span> <span class='ocrx_word' id='word_1_49' title='bbox 539 770 732 838; x_wconf 71' lang='lat' dir='ltr'><strong>providentiae</strong></span> <span class='ocrx_word' id='word_1_50' title='bbox 748 771 843 825; x_wconf 88' lang='lat' dir='ltr'><strong>visum</strong></span> <span class='ocrx_word' id='word_1_51' title='bbox 854 774 899 825; x_wconf 90' lang='lat' dir='ltr'><strong>est</strong></span> <span class='ocrx_word' id='word_1_52' title='bbox 910 772 998 825; x_wconf 79' lang='lat' dir='ltr'><strong>stiffe-</strong></span> <span class='ocrx_word' id='word_1_53' title='bbox 1060 775 1144 828; x_wconf 84' lang='lat' dir='ltr'><strong>statis</strong></span> <span class='ocrx_word' id='word_1_54' title='bbox 1161 774 1236 827; x_wconf 84' lang='lat' dir='ltr'><strong>tama</strong></span> <span class='ocrx_word' id='word_1_55' title='bbox 1256 775 1402 845; x_wconf 89' lang='lat' dir='ltr'><strong>loquitur,</strong></span> <span class='ocrx_word' id='word_1_56' title='bbox 1425 790 1478 846; x_wconf 87' lang='lat' dir='ltr'><strong>per</strong></span> <span class='ocrx_word' id='word_1_57' title='bbox 1493 777 1596 830; x_wconf 90' lang='lat' dir='ltr'><strong>ambas</strong></span> <span class='ocrx_word' id='word_1_58' title='bbox 1622 777 1769 831; x_wconf 84' lang='lat' dir='ltr'><strong>vadosum</strong></span> <span class='ocrx_word' id='word_1_59' title='bbox 1788 780 1890 832; x_wconf 82' lang='lat' dir='ltr'><strong>stratas</strong></span> 
     </span>
     <span class='ocr_line' id='line_1_7' title="bbox 163 857 1891 931; baseline 0.003 -17"><span class='ocrx_word' id='word_1_60' title='bbox 163 860 243 914; x_wconf 89' lang='lat' dir='ltr'><strong>cisse</strong></span> <span class='ocrx_word' id='word_1_61' title='bbox 259 858 337 929; x_wconf 85' lang='lat' dir='ltr'><strong>quod</strong></span> <span class='ocrx_word' id='word_1_62' title='bbox 353 857 447 928; x_wconf 90' lang='lat' dir='ltr'><strong>primo</strong></span> <span class='ocrx_word' id='word_1_63' title='bbox 461 857 685 913; x_wconf 90' lang='lat' dir='ltr'><strong>illoevorsiouis</strong></span> <span class='ocrx_word' id='word_1_64' title='bbox 696 863 853 927; x_wconf 88' lang='lat' dir='ltr'><strong>momeuto,</strong></span> <span class='ocrx_word' id='word_1_65' title='bbox 863 861 998 931; x_wconf 90' lang='lat' dir='ltr'><strong>reliquia·</strong></span> <span class='ocrx_word' id='word_1_66' title='bbox 1061 861 1156 917; x_wconf 80' lang='lat' dir='ltr'><strong>fuisse</strong></span> <span class='ocrx_word' id='word_1_67' title='bbox 1171 862 1337 918; x_wconf 91' lang='lat' dir='ltr'><strong>accolarum</strong></span> <span class='ocrx_word' id='word_1_68' title='bbox 1359 868 1523 918; x_wconf 89' lang='lat' dir='ltr'><strong>commenta</strong></span> <span class='ocrx_word' id='word_1_69' title='bbox 1545 865 1653 919; x_wconf 85' lang='lat' dir='ltr'><strong>terunt.</strong></span> <span class='ocrx_word' id='word_1_70' title='bbox 1669 864 1730 919; x_wconf 86' lang='lat' dir='ltr'><strong>Sed</strong></span> <span class='ocrx_word' id='word_1_71' title='bbox 1746 864 1834 918; x_wconf 84' lang='lat' dir='ltr'><strong>fidem</strong></span> <span class='ocrx_word' id='word_1_72' title='bbox 1848 866 1891 920; x_wconf 91' lang='lat' dir='ltr'><strong>his</strong></span> 
     </span>
     <span class='ocr_line' id='line_1_8' title="bbox 165 946 1891 1024; baseline 0.003 -21"><span class='ocrx_word' id='word_1_73' title='bbox 165 965 231 1003; x_wconf 92' lang='lat' dir='ltr'><strong>rum</strong></span> <span class='ocrx_word' id='word_1_74' title='bbox 247 964 318 1018; x_wconf 91' lang='lat' dir='ltr'><strong>spes</strong></span> <span class='ocrx_word' id='word_1_75' title='bbox 338 947 374 1000; x_wconf 92' lang='lat' dir='ltr'><strong>ud</strong></span> <span class='ocrx_word' id='word_1_76' title='bbox 399 962 493 1016; x_wconf 85' lang='lat' dir='ltr'><strong>usque</strong></span> <span class='ocrx_word' id='word_1_77' title='bbox 514 946 745 1001; x_wconf 72' lang='lat' dir='ltr'><strong>internecionem</strong></span> <span class='ocrx_word' id='word_1_78' title='bbox 760 950 870 1002; x_wconf 92' lang='lat' dir='ltr'><strong>nullam</strong></span> <span class='ocrx_word' id='word_1_79' title='bbox 883 950 998 1003; x_wconf 88' lang='lat' dir='ltr'><strong>veniam</strong></span> <span class='ocrx_word' id='word_1_80' title='bbox 1061 968 1119 1006; x_wconf 89' lang='lat' dir='ltr'><strong>non</strong></span> <span class='ocrx_word' id='word_1_81' title='bbox 1134 951 1312 1021; x_wconf 82' lang='lat' dir='ltr'><strong>praebentes,</strong></span> <span class='ocrx_word' id='word_1_82' title='bbox 1329 953 1425 1024; x_wconf 81' lang='lat' dir='ltr'><strong>magis</strong></span> <span class='ocrx_word' id='word_1_83' title='bbox 1440 953 1496 1007; x_wconf 90' lang='lat' dir='ltr'><strong>hoc</strong></span> <span class='ocrx_word' id='word_1_84' title='bbox 1512 953 1650 1007; x_wconf 90' lang='lat' dir='ltr'><strong>admirari</strong></span> <span class='ocrx_word' id='word_1_85' title='bbox 1668 969 1758 1024; x_wconf 87' lang='lat' dir='ltr'><strong>quam</strong></span> <span class='ocrx_word' id='word_1_86' title='bbox 1774 954 1891 1009; x_wconf 86' lang='lat' dir='ltr'><strong>credere</strong></span> 
     </span>
     <span class='ocr_line' id='line_1_9' title="bbox 166 1035 1891 1112; baseline 0.003 -20"><span class='ocrx_word' id='word_1_87' title='bbox 166 1038 250 1092; x_wconf 81' lang='lat' dir='ltr'><strong>sit...</strong></span> <span class='ocrx_word' id='word_1_88' title='bbox 268 1036 339 1106; x_wconf 87' lang='lat' dir='ltr'><strong>quin</strong></span> <span class='ocrx_word' id='word_1_89' title='bbox 355 1037 440 1089; x_wconf 87' lang='lat' dir='ltr'><strong>etium</strong></span> <span class='ocrx_word' id='word_1_90' title='bbox 456 1035 492 1087; x_wconf 92' lang='lat' dir='ltr'><strong>ab</strong></span> <span class='ocrx_word' id='word_1_91' title='bbox 513 1036 579 1088; x_wconf 90' lang='lat' dir='ltr'><strong>inde</strong></span> <span class='ocrx_word' id='word_1_92' title='bbox 594 1051 647 1105; x_wconf 91' lang='lat' dir='ltr'><strong>per</strong></span> <span class='ocrx_word' id='word_1_93' title='bbox 662 1037 851 1091; x_wconf 79' lang='lat' dir='ltr'><strong>succedentia</strong></span> <span class='ocrx_word' id='word_1_94' title='bbox 866 1043 998 1108; x_wconf 80' lang='lat' dir='ltr'><strong>tempora</strong></span> <span class='ocrx_word' id='word_1_95' title='bbox 1061 1040 1179 1103; x_wconf 80' lang='lat' dir='ltr'><strong>velunt;</strong></span> <span class='ocrx_word' id='word_1_96' title='bbox 1197 1041 1327 1095; x_wconf 90' lang='lat' dir='ltr'><strong>ostenim</strong></span> <span class='ocrx_word' id='word_1_97' title='bbox 1342 1041 1790 1112; x_wconf 78' lang='lat' dir='ltr'><strong>mngnaeprctunditati8,etnon</strong></span> <span class='ocrx_word' id='word_1_98' title='bbox 1802 1043 1891 1097; x_wconf 92' lang='lat' dir='ltr'><strong>solum</strong></span> 
     </span>
     <span class='ocr_line' id='line_1_10' title="bbox 166 1123 1892 1199; baseline 0.004 -18"><span class='ocrx_word' id='word_1_99' title='bbox 166 1127 325 1181; x_wconf 85' lang='lat' dir='ltr'><strong>adtentum</strong></span> <span class='ocrx_word' id='word_1_100' title='bbox 343 1123 540 1192; x_wconf 82' lang='lat' dir='ltr'><strong>solitudinem,</strong></span> <span class='ocrx_word' id='word_1_101' title='bbox 559 1126 643 1194; x_wconf 89' lang='lat' dir='ltr'><strong>quasi</strong></span> <span class='ocrx_word' id='word_1_102' title='bbox 661 1125 843 1196; x_wconf 71' lang='lat' dir='ltr'><strong>civitasque</strong></span> <span class='ocrx_word' id='word_1_103' title='bbox 859 1127 997 1181; x_wconf 90' lang='lat' dir='ltr'><strong>devasta-</strong></span> <span class='ocrx_word' id='word_1_104' title='bbox 1062 1129 1254 1183; x_wconf 86' lang='lat' dir='ltr'><strong>exsuialtura</strong></span> <span class='ocrx_word' id='word_1_105' title='bbox 1265 1131 1415 1199; x_wconf 91' lang='lat' dir='ltr'><strong>piscosam</strong></span> <span class='ocrx_word' id='word_1_106' title='bbox 1424 1132 1892 1188; x_wconf 83' lang='lat' dir='ltr'><strong>circummanentibusconferens</strong></span> 
     </span>
     <span class='ocr_line' id='line_1_11' title="bbox 166 1213 1892 1291; baseline 0.003 -21"><span class='ocrx_word' id='word_1_107' title='bbox 166 1226 224 1286; x_wconf 85' lang='lat' dir='ltr'><strong>tur,</strong></span> <span class='ocrx_word' id='word_1_108' title='bbox 240 1216 303 1285; x_wconf 90' lang='lat' dir='ltr'><strong>ipsa</strong></span> <span class='ocrx_word' id='word_1_109' title='bbox 318 1229 497 1267; x_wconf 91' lang='lat' dir='ltr'><strong>marmorum</strong></span> <span class='ocrx_word' id='word_1_110' title='bbox 512 1213 675 1284; x_wconf 81' lang='lat' dir='ltr'><strong>fragmento</strong></span> <span class='ocrx_word' id='word_1_111' title='bbox 687 1214 843 1283; x_wconf 91' lang='lat' dir='ltr'><strong>devenere,</strong></span> <span class='ocrx_word' id='word_1_112' title='bbox 862 1219 893 1269; x_wconf 93' lang='lat' dir='ltr'><strong>ut</strong></span> <span class='ocrx_word' id='word_1_113' title='bbox 908 1217 998 1272; x_wconf 89' lang='lat' dir='ltr'><strong>silve·</strong></span> <span class='ocrx_word' id='word_1_114' title='bbox 1060 1217 1278 1286; x_wconf 89' lang='lat' dir='ltr'><strong>abundantiam,</strong></span> <span class='ocrx_word' id='word_1_115' title='bbox 1295 1233 1398 1273; x_wconf 81' lang='lat' dir='ltr'><strong>verum</strong></span> <span class='ocrx_word' id='word_1_116' title='bbox 1414 1223 1443 1274; x_wconf 91' lang='lat' dir='ltr'><strong>et</strong></span> <span class='ocrx_word' id='word_1_117' title='bbox 1454 1220 1583 1291; x_wconf 78' lang='lat' dir='ltr'><strong>{navigio</strong></span> <span class='ocrx_word' id='word_1_118' title='bbox 1599 1221 1712 1275; x_wconf 89' lang='lat' dir='ltr'><strong>babilis</strong></span> <span class='ocrx_word' id='word_1_119' title='bbox 1728 1221 1765 1274; x_wconf 89' lang='lat' dir='ltr'><strong>ab</strong></span> <span class='ocrx_word' id='word_1_120' title='bbox 1783 1221 1892 1276; x_wconf 84' lang='lat' dir='ltr'><strong>Oceano</strong></span> 
     </span>
     <span class='ocr_line' id='line_1_12' title="bbox 170 1301 1892 1379; baseline 0.001 -17"><span class='ocrx_word' id='word_1_121' title='bbox 170 1313 249 1362; x_wconf 88' lang='lat' dir='ltr'><strong>strcs</strong></span> <span class='ocrx_word' id='word_1_122' title='bbox 265 1306 337 1358; x_wconf 78' lang='lat' dir='ltr'><strong>serm</strong></span> <span class='ocrx_word' id='word_1_123' title='bbox 361 1301 545 1355; x_wconf 87' lang='lat' dir='ltr'><strong>stabularent</strong></span> <span class='ocrx_word' id='word_1_124' title='bbox 558 1302 609 1356; x_wconf 92' lang='lat' dir='ltr'><strong>uhi</strong></span> <span class='ocrx_word' id='word_1_125' title='bbox 633 1302 737 1356; x_wconf 87' lang='lat' dir='ltr'><strong>deletae</strong></span> <span class='ocrx_word' id='word_1_126' title='bbox 758 1303 874 1371; x_wconf 90' lang='lat' dir='ltr'><strong>domus,</strong></span> <span class='ocrx_word' id='word_1_127' title='bbox 891 1306 918 1358; x_wconf 91' lang='lat' dir='ltr'><strong>si</strong></span> <span class='ocrx_word' id='word_1_128' title='bbox 934 1322 1000 1376; x_wconf 85' lang='lat' dir='ltr'><strong>quaa</strong></span> <span class='ocrx_word' id='word_1_129' title='bbox 1061 1307 1108 1360; x_wconf 93' lang='lat' dir='ltr'><strong>cui</strong></span> <span class='ocrx_word' id='word_1_130' title='bbox 1124 1307 1224 1360; x_wconf 92' lang='lat' dir='ltr'><strong>multis</strong></span> <span class='ocrx_word' id='word_1_131' title='bbox 1240 1307 1356 1361; x_wconf 89' lang='lat' dir='ltr'><strong>ostiolis</strong></span> <span class='ocrx_word' id='word_1_132' title='bbox 1372 1306 1499 1376; x_wconf 74' lang='lat' dir='ltr'><strong>{infusus</strong></span> <span class='ocrx_word' id='word_1_133' title='bbox 1521 1309 1679 1379; x_wconf 83' lang='lat' dir='ltr'><strong>excipitur,</strong></span> <span class='ocrx_word' id='word_1_134' title='bbox 1696 1310 1760 1363; x_wconf 92' lang='lat' dir='ltr'><strong>tum</strong></span> <span class='ocrx_word' id='word_1_135' title='bbox 1783 1310 1892 1364; x_wconf 76' lang='lat' dir='ltr'><strong>diversa</strong></span> 
     </span>
     <span class='ocr_line' id='line_1_13' title="bbox 172 1391 1892 1466; baseline 0.001 -15"><span class='ocrx_word' id='word_1_136' title='bbox 172 1393 403 1465; x_wconf 81' lang='lat' dir='ltr'><strong>superfuissent,</strong></span> <span class='ocrx_word' id='word_1_137' title='bbox 421 1391 541 1444; x_wconf 75' lang='lat' dir='ltr'><strong>vivendi</strong></span> <span class='ocrx_word' id='word_1_138' title='bbox 561 1395 747 1445; x_wconf 87' lang='lat' dir='ltr'><strong>monumenta</strong></span> <span class='ocrx_word' id='word_1_139' title='bbox 767 1394 1002 1463; x_wconf 88' lang='lat' dir='ltr'><strong>repararent.Sic</strong></span> <span class='ocrx_word' id='word_1_140' title='bbox 1061 1410 1161 1450; x_wconf 89' lang='lat' dir='ltr'><strong>rerum</strong></span> <span class='ocrx_word' id='word_1_141' title='bbox 1182 1396 1387 1466; x_wconf 88' lang='lat' dir='ltr'><strong>mercimonia,</strong></span> <span class='ocrx_word' id='word_1_142' title='bbox 1404 1400 1465 1450; x_wconf 91' lang='lat' dir='ltr'><strong>tum</strong></span> <span class='ocrx_word' id='word_1_143' title='bbox 1481 1397 1671 1451; x_wconf 89' lang='lat' dir='ltr'><strong>multimodas</strong></span> <span class='ocrx_word' id='word_1_144' title='bbox 1688 1396 1892 1452; x_wconf 79' lang='lat' dir='ltr'><strong>adfruendum</strong></span> 
     </span>
     <span class='ocr_line' id='line_1_14' title="bbox 170 1478 1893 1558; baseline 0.002 -19"><span class='ocrx_word' id='word_1_145' title='bbox 170 1478 1002 1549; x_wconf 79' lang='lat' dir='ltr'><strong>hostilirastitatcetiamparChristianacurriculacou-</strong></span> <span class='ocrx_word' id='word_1_146' title='bbox 1060 1484 1207 1538; x_wconf 88' lang='lat' dir='ltr'><strong>ministrat</strong></span> <span class='ocrx_word' id='word_1_147' title='bbox 1235 1490 1384 1555; x_wconf 90' lang='lat' dir='ltr'><strong>capturas.</strong></span> <span class='ocrx_word' id='word_1_148' title='bbox 1411 1488 1437 1538; x_wconf 85' lang='grc' dir='ltr'><strong>Α</strong></span> <span class='ocrx_word' id='word_1_149' title='bbox 1465 1485 1553 1556; x_wconf 63' lang='lat' dir='ltr'><strong>cruris</strong></span> <span class='ocrx_word' id='word_1_150' title='bbox 1583 1488 1733 1558; x_wconf 80' lang='lat' dir='ltr'><strong>margine,</strong></span> <span class='ocrx_word' id='word_1_151' title='bbox 1763 1489 1893 1557; x_wconf 90' lang='lat' dir='ltr'><strong>paulatim</strong></span> 
     </span>
     <span class='ocr_line' id='line_1_15' title="bbox 172 1569 1893 1646; baseline 0.002 -19"><span class='ocrx_word' id='word_1_152' title='bbox 172 1569 1003 1643; x_wconf 74' lang='lat' dir='ltr'><strong>sumptae,tantaaetatelocuspermansitvacuus,nihil</strong></span> <span class='ocrx_word' id='word_1_153' title='bbox 1061 1576 1272 1628; x_wconf 88' lang='lat' dir='ltr'><strong>succrescente</strong></span> <span class='ocrx_word' id='word_1_154' title='bbox 1288 1575 1404 1628; x_wconf 92' lang='lat' dir='ltr'><strong>cumulo</strong></span> <span class='ocrx_word' id='word_1_155' title='bbox 1426 1575 1562 1629; x_wconf 90' lang='lat' dir='ltr'><strong>clementi</strong></span> <span class='ocrx_word' id='word_1_156' title='bbox 1592 1576 1787 1646; x_wconf 89' lang='lat' dir='ltr'><strong>proceritate,</strong></span> <span class='ocrx_word' id='word_1_157' title='bbox 1818 1593 1893 1631; x_wconf 89' lang='lat' dir='ltr'><strong>moos</strong></span> 
     </span>
     <span class='ocr_line' id='line_1_16' title="bbox 171 1659 1894 1733; baseline 0.001 -16"><span class='ocrx_word' id='word_1_158' title='bbox 171 1664 202 1717; x_wconf 93' lang='lat' dir='ltr'><strong>in</strong></span> <span class='ocrx_word' id='word_1_159' title='bbox 216 1678 248 1715; x_wconf 91' lang='lat' dir='ltr'><strong>se</strong></span> <span class='ocrx_word' id='word_1_160' title='bbox 265 1659 455 1714; x_wconf 90' lang='lat' dir='ltr'><strong>memorabile</strong></span> <span class='ocrx_word' id='word_1_161' title='bbox 465 1659 589 1726; x_wconf 90' lang='lat' dir='ltr'><strong>babens,</strong></span> <span class='ocrx_word' id='word_1_162' title='bbox 599 1663 708 1727; x_wconf 88' lang='lat' dir='ltr'><strong>praeter</strong></span> <span class='ocrx_word' id='word_1_163' title='bbox 723 1659 863 1715; x_wconf 76' lang='lat' dir='ltr'><strong>desolatae</strong></span> <span class='ocrx_word' id='word_1_164' title='bbox 879 1662 1003 1716; x_wconf 92' lang='lat' dir='ltr'><strong>mansio·</strong></span> <span class='ocrx_word' id='word_1_165' title='bbox 1061 1662 1204 1733; x_wconf 76' lang='lat' dir='ltr'><strong>gignitur,</strong></span> <span class='ocrx_word' id='word_1_166' title='bbox 1229 1664 1278 1733; x_wconf 87' lang='lat' dir='ltr'><strong>qui</strong></span> <span class='ocrx_word' id='word_1_167' title='bbox 1304 1664 1382 1717; x_wconf 91' lang='lat' dir='ltr'><strong>sicut</strong></span> <span class='ocrx_word' id='word_1_168' title='bbox 1408 1665 1546 1718; x_wconf 91' lang='lat' dir='ltr'><strong>continuo</strong></span> <span class='ocrx_word' id='word_1_169' title='bbox 1562 1664 1701 1733; x_wconf 69' lang='lat' dir='ltr'><strong>{deducta</strong></span> <span class='ocrx_word' id='word_1_170' title='bbox 1721 1665 1844 1733; x_wconf 87' lang='lat' dir='ltr'><strong>planitie</strong></span> <span class='ocrx_word' id='word_1_171' title='bbox 1865 1666 1894 1719; x_wconf 90' lang='lat' dir='ltr'><strong>ad</strong></span> 
     </span>
     <span class='ocr_line' id='line_1_17' title="bbox 172 1750 1893 1822; baseline 0 -16"><span class='ocrx_word' id='word_1_172' title='bbox 172 1752 220 1806; x_wconf 90' lang='lat' dir='ltr'><strong>nis</strong></span> <span class='ocrx_word' id='word_1_173' title='bbox 235 1752 421 1816; x_wconf 84' lang='lat' dir='ltr'><strong>vetustatem,</strong></span> <span class='ocrx_word' id='word_1_174' title='bbox 432 1762 498 1817; x_wconf 81' lang='lat' dir='ltr'><strong>quae</strong></span> <span class='ocrx_word' id='word_1_175' title='bbox 510 1752 861 1819; x_wconf 79' lang='lat' dir='ltr'><strong>cunctaqunqueverstuu</strong></span> <span class='ocrx_word' id='word_1_176' title='bbox 871 1750 1005 1804; x_wconf 87' lang='lat' dir='ltr'><strong>obduxc-</strong></span> <span class='ocrx_word' id='word_1_177' title='bbox 1062 1751 1257 1805; x_wconf 90' lang='lat' dir='ltr'><strong>subsolanum</strong></span> <span class='ocrx_word' id='word_1_178' title='bbox 1272 1753 1414 1822; x_wconf 85' lang='lat' dir='ltr'><strong>egeritur,</strong></span> <span class='ocrx_word' id='word_1_179' title='bbox 1432 1751 1470 1805; x_wconf 90' lang='lat' dir='ltr'><strong>ita</strong></span> <span class='ocrx_word' id='word_1_180' title='bbox 1484 1768 1501 1805; x_wconf 89' lang='lat' dir='ltr'><strong>a</strong></span> <span class='ocrx_word' id='word_1_181' title='bbox 1517 1752 1724 1821; x_wconf 86' lang='lat' dir='ltr'><strong>septentrione</strong></span> <span class='ocrx_word' id='word_1_182' title='bbox 1737 1755 1768 1806; x_wconf 89' lang='lat' dir='ltr'><strong>ct</strong></span> <span class='ocrx_word' id='word_1_183' title='bbox 1784 1753 1893 1807; x_wconf 87' lang='lat' dir='ltr'><strong>meridie</strong></span> 
     </span>
     <span class='ocr_line' id='line_1_18' title="bbox 173 1836 1891 1926; baseline -0.001 -31"><span class='ocrx_word' id='word_1_184' title='bbox 173 1844 227 1909; x_wconf 92' lang='lat' dir='ltr'><strong>rat,</strong></span> <span class='ocrx_word' id='word_1_185' title='bbox 238 1840 301 1894; x_wconf 92' lang='lat' dir='ltr'><strong>solo</strong></span> <span class='ocrx_word' id='word_1_186' title='bbox 322 1841 432 1892; x_wconf 87' lang='lat' dir='ltr'><strong>tantum</strong></span> <span class='ocrx_word' id='word_1_187' title='bbox 447 1852 513 1890; x_wconf 90' lang='lat' dir='ltr'><strong>oum</strong></span> <span class='ocrx_word' id='word_1_188' title='bbox 528 1836 573 1889; x_wconf 88' lang='lat' dir='ltr'><strong>sui</strong></span> <span class='ocrx_word' id='word_1_189' title='bbox 583 1838 714 1891; x_wconf 90' lang='lat' dir='ltr'><strong>cantoris</strong></span> <span class='ocrx_word' id='word_1_190' title='bbox 729 1838 848 1909; x_wconf 81' lang='lat' dir='ltr'><strong>tugurio</strong></span> <span class='ocrx_word' id='word_1_191' title='bbox 865 1839 1003 1909; x_wconf 89' lang='lat' dir='ltr'><strong>ccclesia,</strong></span> <span class='ocrx_word' id='word_1_192' title='bbox 1024 1868 1046 1926; x_wconf 66' lang='grc' dir='ltr'>Β</span> <span class='ocrx_word' id='word_1_193' title='bbox 1063 1839 1263 1894; x_wconf 86' lang='lat' dir='ltr'><strong>residentibus</strong></span> <span class='ocrx_word' id='word_1_194' title='bbox 1279 1840 1395 1895; x_wconf 92' lang='lat' dir='ltr'><strong>cumbis</strong></span> <span class='ocrx_word' id='word_1_195' title='bbox 1410 1840 1448 1911; x_wconf 73' lang='lat'>(⁹2)</span> <span class='ocrx_word' id='word_1_196' title='bbox 1467 1842 1498 1894; x_wconf 91' lang='lat' dir='ltr'><strong>ia</strong></span> <span class='ocrx_word' id='word_1_197' title='bbox 1512 1840 1702 1895; x_wconf 90' lang='lat' dir='ltr'><strong>altitudinem</strong></span> <span class='ocrx_word' id='word_1_198' title='bbox 1723 1841 1891 1895; x_wconf 86' lang='lat' dir='ltr'><strong>cumulatur.</strong></span> 
     </span>
     <span class='ocr_line' id='line_1_19' title="bbox 174 1923 1892 1999; baseline 0.002 -19"><span class='ocrx_word' id='word_1_199' title='bbox 174 1943 265 1998; x_wconf 71' lang='lat' dir='ltr'><strong>quam,</strong></span> <span class='ocrx_word' id='word_1_200' title='bbox 276 1940 392 1978; x_wconf 89' lang='lat' dir='ltr'><strong>summo</strong></span> <span class='ocrx_word' id='word_1_201' title='bbox 407 1923 435 1975; x_wconf 91' lang='lat' dir='ltr'><strong>in</strong></span> <span class='ocrx_word' id='word_1_202' title='bbox 452 1924 561 1975; x_wconf 88' lang='lat' dir='ltr'><strong>vertice</strong></span> <span class='ocrx_word' id='word_1_203' title='bbox 577 1923 712 1993; x_wconf 82' lang='lat' dir='ltr'><strong>gestabat</strong></span> <span class='ocrx_word' id='word_1_204' title='bbox 726 1925 914 1994; x_wconf 86' lang='lat' dir='ltr'><strong>perspicuam</strong></span> <span class='ocrx_word' id='word_1_205' title='bbox 930 1925 1006 1980; x_wconf 90' lang='lat' dir='ltr'><strong>inter</strong></span> <span class='ocrx_word' id='word_1_206' title='bbox 1064 1928 1244 1982; x_wconf 87' lang='lat' dir='ltr'><strong>Nemoribus</strong></span> <span class='ocrx_word' id='word_1_207' title='bbox 1259 1929 1404 1991; x_wconf 82' lang='lat' dir='ltr'><strong>consitus,</strong></span> <span class='ocrx_word' id='word_1_208' title='bbox 1416 1929 1537 1999; x_wconf 85' lang='lat' dir='ltr'><strong>pascuis</strong></span> <span class='ocrx_word' id='word_1_209' title='bbox 1549 1929 1636 1998; x_wconf 90' lang='lat' dir='ltr'><strong>uber,</strong></span> <span class='ocrx_word' id='word_1_210' title='bbox 1655 1929 1718 1982; x_wconf 83' lang='lat' dir='ltr'><strong>vini</strong></span> <span class='ocrx_word' id='word_1_211' title='bbox 1735 1945 1797 1984; x_wconf 91' lang='lat' dir='ltr'><strong>non</strong></span> <span class='ocrx_word' id='word_1_212' title='bbox 1813 1929 1892 1997; x_wconf 80' lang='lat' dir='ltr'><strong>teror,</strong></span> 
     </span>
     <span class='ocr_line' id='line_1_20' title="bbox 172 2012 1895 2088; baseline 0 -18"><span class='ocrx_word' id='word_1_213' title='bbox 172 2032 282 2085; x_wconf 81' lang='lat' dir='ltr'><strong>vepres</strong></span> <span class='ocrx_word' id='word_1_214' title='bbox 307 2016 335 2068; x_wconf 93' lang='lat' dir='ltr'><strong>et</strong></span> <span class='ocrx_word' id='word_1_215' title='bbox 360 2012 541 2082; x_wconf 85' lang='lat' dir='ltr'><strong>serpentium</strong></span> <span class='ocrx_word' id='word_1_216' title='bbox 569 2012 709 2081; x_wconf 90' lang='lat' dir='ltr'><strong>latebras,</strong></span> <span class='ocrx_word' id='word_1_217' title='bbox 735 2013 812 2067; x_wconf 85' lang='lat' dir='ltr'><strong>iuter</strong></span> <span class='ocrx_word' id='word_1_218' title='bbox 841 2013 957 2068; x_wconf 89' lang='lat' dir='ltr'><strong>dumeta</strong></span> <span class='ocrx_word' id='word_1_219' title='bbox 978 2019 1006 2069; x_wconf 91' lang='lat' dir='ltr'><strong>et</strong></span> <span class='ocrx_word' id='word_1_220' title='bbox 1064 2016 1895 2088; x_wconf 87' lang='lat' dir='ltr'><strong>quosolobenetioioGallosadmittimusirrisorcs,quod</strong></span> 
     </span>
     <span class='ocr_line' id='line_1_21' title="bbox 175 2101 1894 2177; baseline 0.001 -19"><span class='ocrx_word' id='word_1_221' title='bbox 175 2102 420 2175; x_wconf 83' lang='lat' dir='ltr'><strong>querulosavium</strong></span> <span class='ocrx_word' id='word_1_222' title='bbox 431 2115 530 2154; x_wconf 88' lang='lat' dir='ltr'><strong>ramos</strong></span> <span class='ocrx_word' id='word_1_223' title='bbox 546 2101 761 2155; x_wconf 88' lang='lat' dir='ltr'><strong>vilindmodum</strong></span> <span class='ocrx_word' id='word_1_224' title='bbox 778 2102 888 2157; x_wconf 79' lang='lat' dir='ltr'><strong>fabrica</strong></span> <span class='ocrx_word' id='word_1_225' title='bbox 899 2104 1007 2171; x_wconf 89' lang='lat' dir='ltr'><strong>promi·</strong></span> <span class='ocrx_word' id='word_1_226' title='bbox 1065 2121 1156 2160; x_wconf 87' lang='lat' dir='ltr'><strong>succo</strong></span> <span class='ocrx_word' id='word_1_227' title='bbox 1167 2121 1328 2176; x_wconf 79' lang='lat' dir='ltr'><strong>granorum</strong></span> <span class='ocrx_word' id='word_1_228' title='bbox 1336 2107 1507 2160; x_wconf 82' lang='lat' dir='ltr'><strong>fermentato</strong></span> <span class='ocrx_word' id='word_1_229' title='bbox 1519 2107 1894 2177; x_wconf 87' lang='lat' dir='ltr'><strong>coctionepotamur,quasi</strong></span> 
     </span>
     <span class='ocr_line' id='line_1_22' title="bbox 176 2189 1890 2264; baseline 0.001 -17"><span class='ocrx_word' id='word_1_230' title='bbox 176 2191 360 2247; x_wconf 89' lang='lat' dir='ltr'><strong>nebat.Hanc</strong></span> <span class='ocrx_word' id='word_1_231' title='bbox 372 2190 532 2244; x_wconf 87' lang='lat' dir='ltr'><strong>missarum</strong></span> <span class='ocrx_word' id='word_1_232' title='bbox 544 2189 645 2243; x_wconf 91' lang='lat' dir='ltr'><strong>audire</strong></span> <span class='ocrx_word' id='word_1_233' title='bbox 657 2192 801 2245; x_wconf 87' lang='lat' dir='ltr'><strong>solemnia</strong></span> <span class='ocrx_word' id='word_1_234' title='bbox 811 2191 898 2245; x_wconf 89' lang='lat' dir='ltr'><strong>valde</strong></span> <span class='ocrx_word' id='word_1_235' title='bbox 910 2192 1006 2246; x_wconf 89' lang='lat' dir='ltr'><strong>tenuis</strong></span> <span class='ocrx_word' id='word_1_236' title='bbox 1065 2194 1191 2248; x_wconf 89' lang='lat' dir='ltr'><strong>mitioris</strong></span> <span class='ocrx_word' id='word_1_237' title='bbox 1199 2193 1452 2264; x_wconf 87' lang='lat' dir='ltr'><strong>liquorispotores</strong></span> <span class='ocrx_word' id='word_1_238' title='bbox 1461 2194 1680 2263; x_wconf 82' lang='lat' dir='ltr'><strong>innoxius(sic)</strong></span> <span class='ocrx_word' id='word_1_239' title='bbox 1691 2195 1730 2249; x_wconf 91' lang='lat' dir='ltr'><strong>ad</strong></span> <span class='ocrx_word' id='word_1_240' title='bbox 1738 2195 1792 2249; x_wconf 90' lang='lat' dir='ltr'><strong>Dei</strong></span> <span class='ocrx_word' id='word_1_241' title='bbox 1802 2195 1890 2249; x_wconf 84' lang='lat' dir='ltr'><strong>laudes</strong></span> 
     </span>
     <span class='ocr_line' id='line_1_23' title="bbox 175 2279 1893 2354; baseline 0 -18"><span class='ocrx_word' id='word_1_242' title='bbox 175 2281 307 2336; x_wconf 84' lang='lat' dir='ltr'><strong>fidelium</strong></span> <span class='ocrx_word' id='word_1_243' title='bbox 321 2279 528 2350; x_wconf 84' lang='lat' dir='ltr'><strong>frequentabat</strong></span> <span class='ocrx_word' id='word_1_244' title='bbox 549 2282 730 2348; x_wconf 76' lang='lat' dir='ltr'><strong>conventus,</strong></span> <span class='ocrx_word' id='word_1_245' title='bbox 754 2281 804 2334; x_wconf 90' lang='lat' dir='ltr'><strong>ubi</strong></span> <span class='ocrx_word' id='word_1_246' title='bbox 827 2285 855 2336; x_wconf 90' lang='lat' dir='ltr'><strong>et</strong></span> <span class='ocrx_word' id='word_1_247' title='bbox 870 2281 934 2351; x_wconf 94' lang='lat' dir='ltr'><strong>ipso</strong></span> <span class='ocrx_word' id='word_1_248' title='bbox 951 2282 1007 2334; x_wconf 92' lang='lat' dir='ltr'><strong>ali·</strong></span> <span class='ocrx_word' id='word_1_249' title='bbox 1066 2298 1124 2337; x_wconf 91' lang='lat' dir='ltr'><strong>non</strong></span> <span class='ocrx_word' id='word_1_250' title='bbox 1132 2282 1282 2354; x_wconf 80' lang='lat' dir='ltr'><strong>evigileut3</strong></span> <span class='ocrx_word' id='word_1_251' title='bbox 1290 2283 1653 2354; x_wconf 85' lang='lat' dir='ltr'><strong>arborumirugiterarum</strong></span> <span class='ocrx_word' id='word_1_252' title='bbox 1661 2284 1755 2338; x_wconf 89' lang='lat' dir='ltr'><strong>simul</strong></span> <span class='ocrx_word' id='word_1_253' title='bbox 1763 2283 1893 2339; x_wconf 88' lang='lat' dir='ltr'><strong>etdivcrsi</strong></span> 
     </span>
     <span class='ocr_line' id='line_1_24' title="bbox 175 2369 1892 2446; baseline -0.002 -19"><span class='ocrx_word' id='word_1_254' title='bbox 175 2373 292 2446; x_wconf 88' lang='lat' dir='ltr'><strong>quando</strong></span> <span class='ocrx_word' id='word_1_255' title='bbox 311 2369 556 2425; x_wconf 88' lang='lat' dir='ltr'><strong>curialemodhue</strong></span> <span class='ocrx_word' id='word_1_256' title='bbox 577 2370 732 2440; x_wconf 88' lang='lat' dir='ltr'><strong>strepitum</strong></span> <span class='ocrx_word' id='word_1_257' title='bbox 745 2372 831 2442; x_wconf 88' lang='lat' dir='ltr'><strong>quasi</strong></span> <span class='ocrx_word' id='word_1_258' title='bbox 847 2372 1007 2443; x_wconf 79' lang='lat' dir='ltr'><strong>mimilogi·</strong></span> <span class='ocrx_word' id='word_1_259' title='bbox 1067 2373 1188 2444; x_wconf 79' lang='lat' dir='ltr'><strong>generis</strong></span> <span class='ocrx_word' id='word_1_260' title='bbox 1208 2372 1320 2426; x_wconf 89' lang='lat' dir='ltr'><strong>olorum</strong></span> <span class='ocrx_word' id='word_1_261' title='bbox 1334 2372 1370 2426; x_wconf 92' lang='lat' dir='ltr'><strong>ad</strong></span> <span class='ocrx_word' id='word_1_262' title='bbox 1389 2388 1476 2426; x_wconf 91' lang='lat' dir='ltr'><strong>usum</strong></span> <span class='ocrx_word' id='word_1_263' title='bbox 1502 2372 1723 2441; x_wconf 86' lang='lat' dir='ltr'><strong>tamulantium,</strong></span> <span class='ocrx_word' id='word_1_264' title='bbox 1742 2373 1769 2426; x_wconf 91' lang='lat' dir='ltr'><strong>si</strong></span> <span class='ocrx_word' id='word_1_265' title='bbox 1785 2373 1892 2439; x_wconf 88' lang='lat' dir='ltr'><strong>colatur,</strong></span> 
     </span>
     <span class='ocr_line' id='line_1_25' title="bbox 176 2458 1894 2532; baseline -0.003 -14"><span class='ocrx_word' id='word_1_266' title='bbox 176 2458 1009 2532; x_wconf 86' lang='lat' dir='ltr'><strong>noe,licetclericusambiens,dumnecdumtcmpusvisi·</strong></span> <span class='ocrx_word' id='word_1_267' title='bbox 1067 2459 1302 2529; x_wconf 83' lang='lat' dir='ltr'><strong>adeoiertilisut,</strong></span> <span class='ocrx_word' id='word_1_268' title='bbox 1321 2463 1347 2515; x_wconf 92' lang='lat' dir='ltr'><strong>si</strong></span> <span class='ocrx_word' id='word_1_269' title='bbox 1355 2460 1433 2515; x_wconf 89' lang='lat' dir='ltr'><strong>nolis</strong></span> <span class='ocrx_word' id='word_1_270' title='bbox 1446 2476 1608 2532; x_wconf 88' lang='lat' dir='ltr'><strong>procurare</strong></span> <span class='ocrx_word' id='word_1_271' title='bbox 1630 2461 1894 2529; x_wconf 84' lang='lat' dir='ltr'><strong>utilia,velisnolis,</strong></span> 
     </span>
     <span class='ocr_line' id='line_1_26' title="bbox 176 2547 1894 2621; baseline -0.002 -14"><span class='ocrx_word' id='word_1_272' title='bbox 176 2552 295 2609; x_wconf 90' lang='lat' dir='ltr'><strong>tationis</strong></span> <span class='ocrx_word' id='word_1_273' title='bbox 311 2565 384 2604; x_wconf 88' lang='lat' dir='ltr'><strong>meae</strong></span> <span class='ocrx_word' id='word_1_274' title='bbox 404 2564 458 2602; x_wconf 90' lang='lat' dir='ltr'><strong>seu</strong></span> <span class='ocrx_word' id='word_1_275' title='bbox 473 2548 633 2602; x_wconf 91' lang='lat' dir='ltr'><strong>miserendi</strong></span> <span class='ocrx_word' id='word_1_276' title='bbox 649 2547 716 2620; x_wconf 81' lang='lat' dir='ltr'><strong>ejus</strong></span> <span class='ocrx_word' id='word_1_277' title='bbox 732 2550 912 2619; x_wconf 86' lang='lat' dir='ltr'><strong>advenisset,</strong></span> <span class='ocrx_word' id='word_1_278' title='bbox 942 2567 1009 2605; x_wconf 94' lang='lat' dir='ltr'><strong>eum</strong></span> <span class='ocrx_word' id='word_1_279' title='bbox 1069 2550 1155 2621; x_wconf 88' lang='lat' dir='ltr'><strong>quasi</strong></span> <span class='ocrx_word' id='word_1_280' title='bbox 1175 2549 1318 2604; x_wconf 88' lang='lat' dir='ltr'><strong>desidiam</strong></span> <span class='ocrx_word' id='word_1_281' title='bbox 1340 2549 1517 2605; x_wconf 86' lang='lat' dir='ltr'><strong>laboratoris</strong></span> <span class='ocrx_word' id='word_1_282' title='bbox 1542 2566 1695 2621; x_wconf 80' lang='lat' dir='ltr'><strong>arguens,</strong></span> <span class='ocrx_word' id='word_1_283' title='bbox 1714 2551 1793 2604; x_wconf 91' lang='lat' dir='ltr'><strong>miro</strong></span> <span class='ocrx_word' id='word_1_284' title='bbox 1812 2551 1894 2603; x_wconf 87' lang='lat' dir='ltr'><strong>iocre-</strong></span> 
     </span>
     <span class='ocr_line' id='line_1_27' title="bbox 178 2637 1897 2710; baseline -0.003 -14"><span class='ocrx_word' id='word_1_285' title='bbox 178 2642 316 2697; x_wconf 89' lang='lat' dir='ltr'><strong>comitatu</strong></span> <span class='ocrx_word' id='word_1_286' title='bbox 337 2639 493 2692; x_wconf 88' lang='lat' dir='ltr'><strong>transitum</strong></span> <span class='ocrx_word' id='word_1_287' title='bbox 518 2637 616 2692; x_wconf 88' lang='lat' dir='ltr'><strong>habui.</strong></span> <span class='ocrx_word' id='word_1_288' title='bbox 642 2639 761 2692; x_wconf 85' lang='lat' dir='ltr'><strong>blcmiui</strong></span> <span class='ocrx_word' id='word_1_289' title='bbox 782 2642 809 2693; x_wconf 91' lang='lat' dir='ltr'><strong>ct</strong></span> <span class='ocrx_word' id='word_1_290' title='bbox 837 2640 1010 2694; x_wconf 83' lang='lat' dir='ltr'><strong>meminisse</strong></span> <span class='ocrx_word' id='word_1_291' title='bbox 1069 2643 1167 2693; x_wconf 91' lang='lat' dir='ltr'><strong>mento</strong></span> <span class='ocrx_word' id='word_1_292' title='bbox 1183 2638 1897 2710; x_wconf 81' lang='lat' dir='ltr'><strong>germinetinutilia.tltpraetereatamsalubriter</strong></span> 
     </span>
     <span class='ocr_line' id='line_1_28' title="bbox 175 2726 1896 2802; baseline -0.002 -18"><span class='ocrx_word' id='word_1_293' title='bbox 175 2731 262 2802; x_wconf 78' lang='lat' dir='ltr'><strong>juvat</strong></span> <span class='ocrx_word' id='word_1_294' title='bbox 272 2726 689 2799; x_wconf 76' lang='lat' dir='ltr'><strong>sedulitatemdignediecndi,</strong></span> <span class='ocrx_word' id='word_1_295' title='bbox 701 2732 770 2782; x_wconf 88' lang='lat' dir='ltr'><strong>tuno</strong></span> <span class='ocrx_word' id='word_1_296' title='bbox 786 2728 825 2782; x_wconf 89' lang='lat' dir='ltr'><strong>ibi</strong></span> <span class='ocrx_word' id='word_1_297' title='bbox 840 2729 1010 2785; x_wconf 89' lang='lat' dir='ltr'><strong>sadcrdotis</strong></span> <span class='ocrx_word' id='word_1_298' title='bbox 1072 2728 1253 2797; x_wconf 91' lang='lat' dir='ltr'><strong>spirantibus</strong></span> <span class='ocrx_word' id='word_1_299' title='bbox 1261 2728 1516 2799; x_wconf 84' lang='lat' dir='ltr'><strong>ventisexpositus</strong></span> <span class='ocrx_word' id='word_1_300' title='bbox 1525 2733 1556 2783; x_wconf 93' lang='lat' dir='ltr'><strong>ut</strong></span> <span class='ocrx_word' id='word_1_301' title='bbox 1564 2729 1670 2783; x_wconf 83' lang='lat' dir='ltr'><strong>intecti</strong></span> <span class='ocrx_word' id='word_1_302' title='bbox 1677 2729 1896 2783; x_wconf 84' lang='lat' dir='ltr'><strong>crassitudinem</strong></span> 
     </span>
     <span class='ocr_line' id='line_1_29' title="bbox 179 2816 1894 2888; baseline -0.005 -13"><span class='ocrx_word' id='word_1_303' title='bbox 179 2819 278 2874; x_wconf 90' lang='lat' dir='ltr'><strong>domni</strong></span> <span class='ocrx_word' id='word_1_304' title='bbox 291 2816 461 2887; x_wconf 79' lang='lat' dir='ltr'><strong>Alphumini</strong></span> <span class='ocrx_word' id='word_1_305' title='bbox 473 2819 580 2886; x_wconf 84' lang='lat' dir='ltr'><strong>quanta</strong></span> <span class='ocrx_word' id='word_1_306' title='bbox 595 2816 799 2872; x_wconf 86' lang='lat' dir='ltr'><strong>benevolentia</strong></span> <span class='ocrx_word' id='word_1_307' title='bbox 814 2834 869 2872; x_wconf 87' lang='lat' dir='ltr'><strong>uos</strong></span> <span class='ocrx_word' id='word_1_308' title='bbox 885 2819 1007 2888; x_wconf 90' lang='lat' dir='ltr'><strong>accepit,</strong></span> <span class='ocrx_word' id='word_1_309' title='bbox 1072 2818 1152 2871; x_wconf 90' lang='lat' dir='ltr'><strong>aeris</strong></span> <span class='ocrx_word' id='word_1_310' title='bbox 1166 2817 1420 2885; x_wconf 84' lang='lat' dir='ltr'><strong>sirenebularum,</strong></span> <span class='ocrx_word' id='word_1_311' title='bbox 1434 2832 1509 2888; x_wconf 87' lang='lat' dir='ltr'><strong>quas</strong></span> <span class='ocrx_word' id='word_1_312' title='bbox 1519 2817 1617 2871; x_wconf 90' lang='lat' dir='ltr'><strong>isdem</strong></span> <span class='ocrx_word' id='word_1_313' title='bbox 1626 2817 1754 2872; x_wconf 89' lang='lat' dir='ltr'><strong>exhalat</strong></span> <span class='ocrx_word' id='word_1_314' title='bbox 1765 2818 1894 2881; x_wconf 77' lang='lat' dir='ltr'><strong>nocivam,</strong></span> 
     </span>
     <span class='ocr_line' id='line_1_30' title="bbox 179 2905 1853 2981; baseline -0.004 -17"><span class='ocrx_word' id='word_1_315' title='bbox 179 2925 266 2981; x_wconf 86' lang='lat' dir='ltr'><strong>quam</strong></span> <span class='ocrx_word' id='word_1_316' title='bbox 278 2909 431 2962; x_wconf 91' lang='lat' dir='ltr'><strong>strenuum</strong></span> <span class='ocrx_word' id='word_1_317' title='bbox 441 2907 469 2959; x_wconf 91' lang='lat' dir='ltr'><strong>iu</strong></span> <span class='ocrx_word' id='word_1_318' title='bbox 482 2905 649 2960; x_wconf 82' lang='lat' dir='ltr'><strong>famulando</strong></span> <span class='ocrx_word' id='word_1_319' title='bbox 659 2907 1011 2963; x_wconf 89' lang='lat' dir='ltr'><strong>circanobisneeassaria</strong></span> <span class='ocrx_word' id='word_1_320' title='bbox 1070 2907 1172 2960; x_wconf 88' lang='lat' dir='ltr'><strong>alveus</strong></span> <span class='ocrx_word' id='word_1_321' title='bbox 1188 2905 1341 2960; x_wconf 87' lang='lat' dir='ltr'><strong>ceutiueus</strong></span> <span class='ocrx_word' id='word_1_322' title='bbox 1356 2907 1386 2960; x_wconf 94' lang='lat' dir='ltr'><strong>in</strong></span> <span class='ocrx_word' id='word_1_323' title='bbox 1400 2922 1434 2960; x_wconf 89' lang='lat' dir='ltr'><strong>se</strong></span> <span class='ocrx_word' id='word_1_324' title='bbox 1450 2906 1601 2977; x_wconf 79' lang='lat' dir='ltr'><strong>coagulari</strong></span> <span class='ocrx_word' id='word_1_325' title='bbox 1617 2921 1681 2960; x_wconf 90' lang='lat' dir='ltr'><strong>non</strong></span> <span class='ocrx_word' id='word_1_326' title='bbox 1697 2908 1853 2976; x_wconf 85' lang='lat' dir='ltr'><strong>permittat.</strong></span> 
     </span>
     <span class='ocr_line' id='line_1_31' title="bbox 180 2994 1895 3065; baseline -0.004 -12"><span class='ocrx_word' id='word_1_327' title='bbox 180 3015 213 3054; x_wconf 93' lang='lat' dir='ltr'><strong>se</strong></span> <span class='ocrx_word' id='word_1_328' title='bbox 229 2996 407 3052; x_wconf 86' lang='lat' dir='ltr'><strong>exhibuerit.</strong></span> <span class='ocrx_word' id='word_1_329' title='bbox 420 2994 711 3050; x_wconf 89' lang='lat' dir='ltr'><strong>Videresbumilitate</strong></span> <span class='ocrx_word' id='word_1_330' title='bbox 728 2996 876 3050; x_wconf 87' lang='lat' dir='ltr'><strong>serviendi</strong></span> <span class='ocrx_word' id='word_1_331' title='bbox 897 2995 1012 3052; x_wconf 85' lang='lat' dir='ltr'><strong>oftlcio-</strong></span> <span class='ocrx_word' id='word_1_332' title='bbox 1104 2994 1191 3050; x_wconf 90' lang='lat' dir='ltr'><strong>lll.—</strong></span> <span class='ocrx_word' id='word_1_333' title='bbox 1207 2994 1241 3047; x_wconf 81' lang='lat' dir='ltr'><strong>Et</strong></span> <span class='ocrx_word' id='word_1_334' title='bbox 1252 2995 1308 3049; x_wconf 90' lang='lat' dir='ltr'><strong>hoc</strong></span> <span class='ocrx_word' id='word_1_335' title='bbox 1324 3010 1396 3048; x_wconf 90' lang='lat' dir='ltr'><strong>sana</strong></span> <span class='ocrx_word' id='word_1_336' title='bbox 1406 2994 1730 3065; x_wconf 76' lang='lat' dir='ltr'><strong>gratum,ctimitabile</strong></span> <span class='ocrx_word' id='word_1_337' title='bbox 1743 2998 1828 3064; x_wconf 84' lang='lat' dir='ltr'><strong>atque</strong></span> <span class='ocrx_word' id='word_1_338' title='bbox 1839 2995 1895 3047; x_wconf 89' lang='lat' dir='ltr'><strong>inre</strong></span> 
     </span>
     <span class='ocr_line' id='line_1_32' title="bbox 181 3082 1895 3155; baseline -0.007 -10"><span class='ocrx_word' id='word_1_339' title='bbox 181 3087 397 3145; x_wconf 88' lang='lat' dir='ltr'><strong>sumebaritate</strong></span> <span class='ocrx_word' id='word_1_340' title='bbox 408 3085 514 3154; x_wconf 88' lang='lat' dir='ltr'><strong>virum,</strong></span> <span class='ocrx_word' id='word_1_341' title='bbox 527 3100 622 3155; x_wconf 87' lang='lat' dir='ltr'><strong>neque</strong></span> <span class='ocrx_word' id='word_1_342' title='bbox 642 3084 831 3140; x_wconf 79' lang='lat' dir='ltr'><strong>verecundiae</strong></span> <span class='ocrx_word' id='word_1_343' title='bbox 847 3086 1013 3141; x_wconf 89' lang='lat' dir='ltr'><strong>urbanitate</strong></span> <span class='ocrx_word' id='word_1_344' title='bbox 1069 3083 1222 3138; x_wconf 90' lang='lat' dir='ltr'><strong>insensata</strong></span> <span class='ocrx_word' id='word_1_345' title='bbox 1236 3085 1323 3154; x_wconf 87' lang='lat' dir='ltr'><strong>quasi</strong></span> <span class='ocrx_word' id='word_1_346' title='bbox 1338 3083 1439 3136; x_wconf 87' lang='lat' dir='ltr'><strong>vivum</strong></span> <span class='ocrx_word' id='word_1_347' title='bbox 1462 3083 1686 3137; x_wconf 88' lang='lat' dir='ltr'><strong>documentum.</strong></span> <span class='ocrx_word' id='word_1_348' title='bbox 1708 3082 1808 3138; x_wconf 92' lang='lat' dir='ltr'><strong>lnnuit</strong></span> <span class='ocrx_word' id='word_1_349' title='bbox 1822 3083 1895 3147; x_wconf 84' lang='lat' dir='ltr'><strong>enim,</strong></span> 
     </span>
     <span class='ocr_line' id='line_1_33' title="bbox 181 3170 1895 3247; baseline -0.007 -13"><span class='ocrx_word' id='word_1_350' title='bbox 181 3175 471 3244; x_wconf 89' lang='lat' dir='ltr'><strong>sedentem,uttacile</strong></span> <span class='ocrx_word' id='word_1_351' title='bbox 482 3174 1013 3247; x_wconf 66' lang='lat' dir='ltr'><strong>divinquuodampraesagioprophe·</strong></span> <span class='ocrx_word' id='word_1_352' title='bbox 1070 3175 1150 3227; x_wconf 87' lang='lat' dir='ltr'><strong>velut</strong></span> <span class='ocrx_word' id='word_1_353' title='bbox 1165 3173 1264 3226; x_wconf 90' lang='lat' dir='ltr'><strong>divino</strong></span> <span class='ocrx_word' id='word_1_354' title='bbox 1276 3172 1403 3243; x_wconf 88' lang='lat' dir='ltr'><strong>quodam</strong></span> <span class='ocrx_word' id='word_1_355' title='bbox 1419 3171 1551 3237; x_wconf 88' lang='lat' dir='ltr'><strong>oraculo,</strong></span> <span class='ocrx_word' id='word_1_356' title='bbox 1568 3170 1606 3225; x_wconf 90' lang='lat' dir='ltr'><strong>ad</strong></span> <span class='ocrx_word' id='word_1_357' title='bbox 1616 3187 1809 3227; x_wconf 89' lang='lat' dir='ltr'><strong>communem</strong></span> <span class='ocrx_word' id='word_1_358' title='bbox 1822 3172 1895 3224; x_wconf 79' lang='lat' dir='ltr'><strong>vitam</strong></span> 
     </span>
     <span class='ocr_line' id='line_1_34' title="bbox 181 3261 1895 3336; baseline -0.008 -12"><span class='ocrx_word' id='word_1_359' title='bbox 181 3270 271 3325; x_wconf 86' lang='lat' dir='ltr'><strong>ticum</strong></span> <span class='ocrx_word' id='word_1_360' title='bbox 283 3266 355 3320; x_wconf 91' lang='lat' dir='ltr'><strong>illud</strong></span> <span class='ocrx_word' id='word_1_361' title='bbox 365 3265 548 3336; x_wconf 70' lang='lat' dir='ltr'><strong>praevideres</strong></span> <span class='ocrx_word' id='word_1_362' title='bbox 562 3265 591 3319; x_wconf 90' lang='lat' dir='ltr'><strong>in</strong></span> <span class='ocrx_word' id='word_1_363' title='bbox 602 3265 689 3319; x_wconf 91' lang='lat' dir='ltr'><strong>nobis</strong></span> <span class='ocrx_word' id='word_1_364' title='bbox 706 3266 911 3336; x_wconf 77' lang='lat' dir='ltr'><strong>profuturum:</strong></span> <span class='ocrx_word' id='word_1_365' title='bbox 926 3264 1012 3334; x_wconf 83' lang='lat' dir='ltr'><strong>Ecce,</strong></span> <span class='ocrx_word' id='word_1_366' title='bbox 1071 3264 1293 3330; x_wconf 65' lang='lat' dir='ltr'><strong>concurrentes</strong></span> <span class='ocrx_word' id='word_1_367' title='bbox 1311 3261 1357 3315; x_wconf 91' lang='lat' dir='ltr'><strong>his</strong></span> <span class='ocrx_word' id='word_1_368' title='bbox 1376 3261 1476 3315; x_wconf 91' lang='lat' dir='ltr'><strong>causis</strong></span> <span class='ocrx_word' id='word_1_369' title='bbox 1492 3261 1658 3330; x_wconf 90' lang='lat' dir='ltr'><strong>propositis</strong></span> <span class='ocrx_word' id='word_1_370' title='bbox 1674 3261 1715 3315; x_wconf 89' lang='lat' dir='ltr'><strong>ad</strong></span> <span class='ocrx_word' id='word_1_371' title='bbox 1741 3262 1895 3331; x_wconf 78' lang='lat' dir='ltr'><strong>provectum</strong></span> 
     </span>
     <span class='ocr_line' id='line_1_35' title="bbox 183 3348 1893 3432; baseline -0.009 -19"><span class='ocrx_word' id='word_1_372' title='bbox 183 3374 266 3432; x_wconf 81' lang='lat' dir='ltr'><strong>qrraur</strong></span> <span class='ocrx_word' id='word_1_373' title='bbox 281 3357 424 3412; x_wconf 85' lang='lat' dir='ltr'><strong>bonumet</strong></span> <span class='ocrx_word' id='word_1_374' title='bbox 435 3371 518 3425; x_wconf 83' lang='lat' dir='ltr'><strong>qrram</strong></span> <span class='ocrx_word' id='word_1_375' title='bbox 527 3354 688 3427; x_wconf 67' lang='lat' dir='ltr'><strong>¹jucundum</strong></span> <span class='ocrx_word' id='word_1_376' title='bbox 705 3352 843 3408; x_wconf 83' lang='lat' dir='ltr'><strong>babitare</strong></span> <span class='ocrx_word' id='word_1_377' title='bbox 854 3353 969 3409; x_wconf 80' lang='lat' dir='ltr'><strong>tratres</strong></span> <span class='ocrx_word' id='word_1_378' title='bbox 983 3354 1015 3408; x_wconf 88' lang='lat' dir='ltr'><strong>iu</strong></span> <span class='ocrx_word' id='word_1_379' title='bbox 1071 3349 1506 3418; x_wconf 87' lang='lat' dir='ltr'><strong>debereiniormari,utsummo</strong></span> <span class='ocrx_word' id='word_1_380' title='bbox 1521 3348 1661 3403; x_wconf 89' lang='lat' dir='ltr'><strong>videlicet</strong></span> <span class='ocrx_word' id='word_1_381' title='bbox 1675 3351 1821 3404; x_wconf 85' lang='lat' dir='ltr'><strong>exercitio</strong></span> <span class='ocrx_word' id='word_1_382' title='bbox 1828 3348 1893 3412; x_wconf 91' lang='lat' dir='ltr'><strong>culti,</strong></span> 
     </span>
     <span class='ocr_line' id='line_1_36' title="bbox 184 3436 1895 3514; baseline -0.008 -12"><span class='ocrx_word' id='word_1_383' title='bbox 184 3444 285 3502; x_wconf 91' lang='lat' dir='ltr'><strong>uuuml</strong></span> <span class='ocrx_word' id='word_1_384' title='bbox 301 3445 385 3510; x_wconf 86' lang='lat' dir='ltr'><strong>Quod</strong></span> <span class='ocrx_word' id='word_1_385' title='bbox 399 3459 457 3498; x_wconf 91' lang='lat' dir='ltr'><strong>non</strong></span> <span class='ocrx_word' id='word_1_386' title='bbox 474 3447 541 3514; x_wconf 89' lang='lat' dir='ltr'><strong>post</strong></span> <span class='ocrx_word' id='word_1_387' title='bbox 557 3442 665 3497; x_wconf 89' lang='lat' dir='ltr'><strong>multos</strong></span> <span class='ocrx_word' id='word_1_388' title='bbox 680 3443 837 3497; x_wconf 88' lang='lat' dir='ltr'><strong>aunosDci</strong></span> <span class='ocrx_word' id='word_1_389' title='bbox 853 3443 1014 3513; x_wconf 84' lang='lat' dir='ltr'><strong>providen-</strong></span> <span class='ocrx_word' id='word_1_390' title='bbox 1071 3440 1107 3494; x_wconf 90' lang='lat' dir='ltr'><strong>ad</strong></span> <span class='ocrx_word' id='word_1_391' title='bbox 1123 3444 1225 3494; x_wconf 88' lang='lat' dir='ltr'><strong>saneta</strong></span> <span class='ocrx_word' id='word_1_392' title='bbox 1250 3440 1369 3494; x_wconf 86' lang='lat' dir='ltr'><strong>vivendi</strong></span> <span class='ocrx_word' id='word_1_393' title='bbox 1391 3437 1487 3494; x_wconf 90' lang='lat' dir='ltr'><strong>studia</strong></span> <span class='ocrx_word' id='word_1_394' title='bbox 1513 3437 1700 3507; x_wconf 88' lang='lat' dir='ltr'><strong>laboremus,</strong></span> <span class='ocrx_word' id='word_1_395' title='bbox 1727 3454 1766 3492; x_wconf 90' lang='lat' dir='ltr'><strong>ne</strong></span> <span class='ocrx_word' id='word_1_396' title='bbox 1784 3436 1895 3508; x_wconf 87' lang='lat' dir='ltr'><strong>quando,</strong></span> 
     </span>
     <span class='ocr_line' id='line_1_37' title="bbox 182 3525 1895 3606; baseline -0.008 -16"><span class='ocrx_word' id='word_1_397' title='bbox 182 3539 221 3590; x_wconf 90' lang='lat' dir='ltr'><strong>tia</strong></span> <span class='ocrx_word' id='word_1_398' title='bbox 237 3535 351 3606; x_wconf 89' lang='lat' dir='ltr'><strong>implori</strong></span> <span class='ocrx_word' id='word_1_399' title='bbox 367 3532 572 3604; x_wconf 77' lang='lat' dir='ltr'><strong>contigit,dum</strong></span> <span class='ocrx_word' id='word_1_400' title='bbox 583 3533 688 3586; x_wconf 92' lang='lat' dir='ltr'><strong>ambos</strong></span> <span class='ocrx_word' id='word_1_401' title='bbox 699 3546 754 3585; x_wconf 91' lang='lat' dir='ltr'><strong>uos</strong></span> <span class='ocrx_word' id='word_1_402' title='bbox 769 3548 880 3603; x_wconf 76' lang='lat' dir='ltr'><strong>sagena</strong></span> <span class='ocrx_word' id='word_1_403' title='bbox 893 3548 1016 3587; x_wconf 87' lang='lat' dir='ltr'><strong>conver·</strong></span> <span class='ocrx_word' id='word_1_404' title='bbox 1072 3528 1152 3600; x_wconf 91' lang='lat' dir='ltr'><strong>quod</strong></span> <span class='ocrx_word' id='word_1_405' title='bbox 1167 3526 1258 3583; x_wconf 88' lang='lat' dir='ltr'><strong>absit!</strong></span> <span class='ocrx_word' id='word_1_406' title='bbox 1272 3528 1342 3583; x_wconf 91' lang='lat' dir='ltr'><strong>boni</strong></span> <span class='ocrx_word' id='word_1_407' title='bbox 1353 3527 1496 3599; x_wconf 92' lang='lat' dir='ltr'><strong>propositi</strong></span> <span class='ocrx_word' id='word_1_408' title='bbox 1508 3527 1621 3581; x_wconf 90' lang='lat' dir='ltr'><strong>cultum</strong></span> <span class='ocrx_word' id='word_1_409' title='bbox 1630 3525 1895 3595; x_wconf 85' lang='lat' dir='ltr'><strong>deserentes,inde·</strong></span> 
     </span>
     <span class='ocr_line' id='line_1_38' title="bbox 183 3612 1894 3693; baseline -0.009 -14"><span class='ocrx_word' id='word_1_410' title='bbox 183 3626 278 3679; x_wconf 90' lang='lat' dir='ltr'><strong>sionis</strong></span> <span class='ocrx_word' id='word_1_411' title='bbox 289 3623 325 3678; x_wconf 93' lang='lat' dir='ltr'><strong>ad</strong></span> <span class='ocrx_word' id='word_1_412' title='bbox 339 3624 454 3693; x_wconf 89' lang='lat' dir='ltr'><strong>portum</strong></span> <span class='ocrx_word' id='word_1_413' title='bbox 471 3621 606 3688; x_wconf 84' lang='lat' dir='ltr'><strong>coenobii,</strong></span> <span class='ocrx_word' id='word_1_414' title='bbox 619 3621 698 3692; x_wconf 89' lang='lat' dir='ltr'><strong>quod</strong></span> <span class='ocrx_word' id='word_1_415' title='bbox 713 3624 815 3691; x_wconf 90' lang='lat' dir='ltr'><strong>postea</strong></span> <span class='ocrx_word' id='word_1_416' title='bbox 831 3622 1015 3676; x_wconf 85' lang='lat' dir='ltr'><strong>inibiiunda·</strong></span> <span class='ocrx_word' id='word_1_417' title='bbox 1074 3633 1160 3673; x_wconf 89' lang='lat' dir='ltr'><strong>ceres</strong></span> <span class='ocrx_word' id='word_1_418' title='bbox 1172 3620 1283 3673; x_wconf 79' lang='lat' dir='ltr'><strong>uostrae</strong></span> <span class='ocrx_word' id='word_1_419' title='bbox 1298 3616 1496 3687; x_wconf 81' lang='lat' dir='ltr'><strong>professionis</strong></span> <span class='ocrx_word' id='word_1_420' title='bbox 1511 3621 1712 3686; x_wconf 89' lang='lat' dir='ltr'><strong>prorumpant</strong></span> <span class='ocrx_word' id='word_1_421' title='bbox 1729 3612 1894 3683; x_wconf 77' lang='lat' dir='ltr'><strong>abususqui</strong></span> 
     </span>
     <span class='ocr_line' id='line_1_39' title="bbox 182 3702 1895 3781; baseline -0.008 -14"><span class='ocrx_word' id='word_1_422' title='bbox 182 3717 245 3767; x_wconf 90' lang='lat' dir='ltr'><strong>tum</strong></span> <span class='ocrx_word' id='word_1_423' title='bbox 260 3716 316 3780; x_wconf 88' lang='lat' dir='ltr'><strong>est,</strong></span> <span class='ocrx_word' id='word_1_424' title='bbox 328 3711 424 3779; x_wconf 84' lang='lat' dir='ltr'><strong>traxit,</strong></span> <span class='ocrx_word' id='word_1_425' title='bbox 441 3714 472 3766; x_wconf 92' lang='lat' dir='ltr'><strong>ut</strong></span> <span class='ocrx_word' id='word_1_426' title='bbox 486 3712 515 3764; x_wconf 90' lang='lat' dir='ltr'><strong>in</strong></span> <span class='ocrx_word' id='word_1_427' title='bbox 534 3711 647 3780; x_wconf 90' lang='lat' dir='ltr'><strong>codem,</strong></span> <span class='ocrx_word' id='word_1_428' title='bbox 663 3712 741 3766; x_wconf 91' lang='lat' dir='ltr'><strong>sicut</strong></span> <span class='ocrx_word' id='word_1_429' title='bbox 755 3711 942 3781; x_wconf 92' lang='lat' dir='ltr'><strong>postmodum</strong></span> <span class='ocrx_word' id='word_1_430' title='bbox 957 3712 1015 3765; x_wconf 92' lang='lat' dir='ltr'><strong>cla·</strong></span> <span class='ocrx_word' id='word_1_431' title='bbox 1073 3708 1161 3760; x_wconf 86' lang='lat' dir='ltr'><strong>vitam</strong></span> <span class='ocrx_word' id='word_1_432' title='bbox 1178 3707 1316 3761; x_wconf 90' lang='lat' dir='ltr'><strong>eminenti</strong></span> <span class='ocrx_word' id='word_1_433' title='bbox 1332 3721 1400 3760; x_wconf 90' lang='lat' dir='ltr'><strong>arce</strong></span> <span class='ocrx_word' id='word_1_434' title='bbox 1416 3706 1523 3760; x_wconf 90' lang='lat' dir='ltr'><strong>mentis</strong></span> <span class='ocrx_word' id='word_1_435' title='bbox 1534 3704 1746 3775; x_wconf 87' lang='lat' dir='ltr'><strong>copiassemel</strong></span> <span class='ocrx_word' id='word_1_436' title='bbox 1756 3702 1895 3776; x_wconf 80' lang='lat' dir='ltr'><strong>congessi·</strong></span> 
     </span>
    </p>
   </div>
   <div class='ocr_carea' id='block_1_4' title="bbox 179 3799 1016 5295">
    <p class='ocr_par' dir='ltr' id='par_1_4' title="bbox 182 3799 1016 4050">
     <span class='ocr_line' id='line_1_40' title="bbox 183 3799 1016 3872; baseline 0 -17"><span class='ocrx_word' id='word_1_437' title='bbox 183 3802 253 3869; x_wconf 89' lang='lat' dir='ltr'><strong>ruit,</strong></span> <span class='ocrx_word' id='word_1_438' title='bbox 274 3799 387 3855; x_wconf 91' lang='lat' dir='ltr'><strong>subiret</strong></span> <span class='ocrx_word' id='word_1_439' title='bbox 412 3800 508 3854; x_wconf 90' lang='lat' dir='ltr'><strong>locum</strong></span> <span class='ocrx_word' id='word_1_440' title='bbox 525 3799 689 3871; x_wconf 65' lang='lat' dir='ltr'><strong>regiminis</strong></span> <span class='ocrx_word' id='word_1_441' title='bbox 721 3802 749 3855; x_wconf 92' lang='lat' dir='ltr'><strong>ct</strong></span> <span class='ocrx_word' id='word_1_442' title='bbox 769 3816 825 3870; x_wconf 89' lang='lat' dir='ltr'><strong>me,</strong></span> <span class='ocrx_word' id='word_1_443' title='bbox 855 3801 934 3872; x_wconf 89' lang='lat' dir='ltr'><strong>quod</strong></span> <span class='ocrx_word' id='word_1_444' title='bbox 949 3804 1016 3855; x_wconf 91' lang='lat' dir='ltr'><strong>ante</strong></span> 
     </span>
     <span class='ocr_line' id='line_1_41' title="bbox 182 3888 1015 3961; baseline -0.001 -16"><span class='ocrx_word' id='word_1_445' title='bbox 182 3890 283 3945; x_wconf 90' lang='lat' dir='ltr'><strong>multis</strong></span> <span class='ocrx_word' id='word_1_446' title='bbox 294 3889 372 3943; x_wconf 85' lang='lat' dir='ltr'><strong>votis</strong></span> <span class='ocrx_word' id='word_1_447' title='bbox 389 3888 530 3958; x_wconf 90' lang='lat' dir='ltr'><strong>cupierat,</strong></span> <span class='ocrx_word' id='word_1_448' title='bbox 546 3893 614 3960; x_wconf 91' lang='lat' dir='ltr'><strong>post</strong></span> <span class='ocrx_word' id='word_1_449' title='bbox 626 3889 692 3961; x_wconf 82' lang='lat' dir='ltr'><strong>ejus</strong></span> <span class='ocrx_word' id='word_1_450' title='bbox 707 3890 865 3944; x_wconf 89' lang='lat' dir='ltr'><strong>transitum</strong></span> <span class='ocrx_word' id='word_1_451' title='bbox 880 3890 1015 3944; x_wconf 81' lang='lat' dir='ltr'><strong>Ecclesia</strong></span> 
     </span>
     <span class='ocr_line' id='line_1_42' title="bbox 183 3977 545 4050; baseline -0.022 -15"><span class='ocrx_word' id='word_1_452' title='bbox 183 3980 329 4050; x_wconf 90' lang='lat' dir='ltr'><strong>reciperet</strong></span> <span class='ocrx_word' id='word_1_453' title='bbox 343 3977 545 4033; x_wconf 87' lang='lat' dir='ltr'><strong>Gnatinensis.</strong></span> 
     </span>
    </p>

    <p class='ocr_par' dir='ltr' id='par_1_5' title="bbox 179 4065 1016 5295">
     <span class='ocr_line' id='line_1_43' title="bbox 217 4065 1016 4138; baseline -0.003 -16"><span class='ocrx_word' id='word_1_454' title='bbox 217 4070 253 4124; x_wconf 88' lang='lat' dir='ltr'><strong>ll.</strong></span> <span class='ocrx_word' id='word_1_455' title='bbox 270 4067 342 4122; x_wconf 86' lang='lat' dir='ltr'><strong>Loci</strong></span> <span class='ocrx_word' id='word_1_456' title='bbox 357 4067 528 4138; x_wconf 87' lang='lat' dir='ltr'><strong>descriptio.</strong></span> <span class='ocrx_word' id='word_1_457' title='bbox 541 4065 660 4119; x_wconf 88' lang='lat' dir='ltr'><strong>-Tum</strong></span> <span class='ocrx_word' id='word_1_458' title='bbox 672 4081 728 4137; x_wconf 80' lang='lat' dir='ltr'><strong>ego</strong></span> <span class='ocrx_word' id='word_1_459' title='bbox 741 4081 816 4118; x_wconf 87' lang='lat' dir='ltr'><strong>nova</strong></span> <span class='ocrx_word' id='word_1_460' title='bbox 829 4081 927 4120; x_wconf 91' lang='lat' dir='ltr'><strong>rorum</strong></span> <span class='ocrx_word' id='word_1_461' title='bbox 941 4065 1016 4120; x_wconf 82' lang='lat' dir='ltr'><strong>facie</strong></span> 
     </span>
     <span class='ocr_line' id='line_1_44' title="bbox 183 4154 1016 4226; baseline -0.006 -14"><span class='ocrx_word' id='word_1_462' title='bbox 183 4158 331 4224; x_wconf 81' lang='lat' dir='ltr'><strong>curiosae,</strong></span> <span class='ocrx_word' id='word_1_463' title='bbox 349 4172 416 4226; x_wconf 80' lang='lat' dir='ltr'><strong>quae</strong></span> <span class='ocrx_word' id='word_1_464' title='bbox 427 4156 542 4209; x_wconf 89' lang='lat' dir='ltr'><strong>intanta</strong></span> <span class='ocrx_word' id='word_1_465' title='bbox 554 4155 640 4208; x_wconf 86' lang='lat' dir='ltr'><strong>vallis</strong></span> <span class='ocrx_word' id='word_1_466' title='bbox 650 4154 839 4224; x_wconf 88' lang='lat' dir='ltr'><strong>amplitudine</strong></span> <span class='ocrx_word' id='word_1_467' title='bbox 855 4155 952 4209; x_wconf 88' lang='lat' dir='ltr'><strong>solers</strong></span> <span class='ocrx_word' id='word_1_468' title='bbox 967 4171 1016 4208; x_wconf 91' lang='lat' dir='ltr'><strong>an-</strong></span> 
     </span>
     <span class='ocr_line' id='line_1_45' title="bbox 181 4243 1009 4317; baseline -0.007 -15"><span class='ocrx_word' id='word_1_469' title='bbox 181 4248 331 4317; x_wconf 86' lang='lat' dir='ltr'><strong>tiquorum</strong></span> <span class='ocrx_word' id='word_1_470' title='bbox 346 4261 418 4300; x_wconf 87' lang='lat' dir='ltr'><strong>cura</strong></span> <span class='ocrx_word' id='word_1_471' title='bbox 442 4243 549 4297; x_wconf 83' lang='lat' dir='ltr'><strong>fuisset</strong></span> <span class='ocrx_word' id='word_1_472' title='bbox 574 4245 695 4312; x_wconf 89' lang='lat' dir='ltr'><strong>aspicio,</strong></span> <span class='ocrx_word' id='word_1_473' title='bbox 716 4245 874 4298; x_wconf 90' lang='lat' dir='ltr'><strong>miseratus</strong></span> <span class='ocrx_word' id='word_1_474' title='bbox 902 4244 1009 4312; x_wconf 87' lang='lat' dir='ltr'><strong>locum,</strong></span> 
     </span>
     <span class='ocr_line' id='line_1_46' title="bbox 182 4331 1014 4402; baseline -0.005 -12"><span class='ocrx_word' id='word_1_475' title='bbox 182 4337 342 4390; x_wconf 87' lang='lat' dir='ltr'><strong>miseratus</strong></span> <span class='ocrx_word' id='word_1_476' title='bbox 359 4333 515 4401; x_wconf 81' lang='lat' dir='ltr'><strong>excidium,</strong></span> <span class='ocrx_word' id='word_1_477' title='bbox 532 4331 604 4385; x_wconf 91' lang='lat' dir='ltr'><strong>nibil</strong></span> <span class='ocrx_word' id='word_1_478' title='bbox 620 4332 717 4385; x_wconf 85' lang='lat' dir='ltr'><strong>minus</strong></span> <span class='ocrx_word' id='word_1_479' title='bbox 730 4347 818 4402; x_wconf 85' lang='lat' dir='ltr'><strong>quarn</strong></span> <span class='ocrx_word' id='word_1_480' title='bbox 833 4332 911 4402; x_wconf 90' lang='lat' dir='ltr'><strong>quod</strong></span> <span class='ocrx_word' id='word_1_481' title='bbox 927 4332 1014 4386; x_wconf 89' lang='lat' dir='ltr'><strong>bodie</strong></span> 
     </span>
     <span class='ocr_line' id='line_1_47' title="bbox 181 4420 1016 4489; baseline -0.006 -10"><span class='ocrx_word' id='word_1_482' title='bbox 181 4426 318 4479; x_wconf 85' lang='lat' dir='ltr'><strong>videmus</strong></span> <span class='ocrx_word' id='word_1_483' title='bbox 333 4423 464 4477; x_wconf 87' lang='lat' dir='ltr'><strong>futurum</strong></span> <span class='ocrx_word' id='word_1_484' title='bbox 480 4421 677 4488; x_wconf 73' lang='lat' dir='ltr'><strong>aestimabam,</strong></span> <span class='ocrx_word' id='word_1_485' title='bbox 695 4420 853 4489; x_wconf 89' lang='lat' dir='ltr'><strong>apparebat</strong></span> <span class='ocrx_word' id='word_1_486' title='bbox 867 4423 964 4474; x_wconf 90' lang='lat' dir='ltr'><strong>tamon</strong></span> <span class='ocrx_word' id='word_1_487' title='bbox 979 4436 1016 4474; x_wconf 88' lang='lat' dir='ltr'><strong>ax</strong></span> 
     </span>
     <span class='ocr_line' id='line_1_48' title="bbox 183 4508 1014 4583; baseline -0.006 -15"><span class='ocrx_word' id='word_1_488' title='bbox 183 4514 263 4568; x_wconf 87' lang='lat' dir='ltr'><strong>facili</strong></span> <span class='ocrx_word' id='word_1_489' title='bbox 279 4512 417 4583; x_wconf 88' lang='lat' dir='ltr'><strong>quoniam</strong></span> <span class='ocrx_word' id='word_1_490' title='bbox 433 4511 521 4565; x_wconf 86' lang='lat' dir='ltr'><strong>tuerit</strong></span> <span class='ocrx_word' id='word_1_491' title='bbox 537 4510 602 4564; x_wconf 90' lang='lat' dir='ltr'><strong>suis</strong></span> <span class='ocrx_word' id='word_1_492' title='bbox 629 4508 734 4563; x_wconf 92' lang='lat' dir='ltr'><strong>dicbus</strong></span> <span class='ocrx_word' id='word_1_493' title='bbox 750 4509 877 4577; x_wconf 86' lang='lat' dir='ltr'><strong>celeber,</strong></span> <span class='ocrx_word' id='word_1_494' title='bbox 904 4509 934 4562; x_wconf 92' lang='lat' dir='ltr'><strong>in</strong></span> <span class='ocrx_word' id='word_1_495' title='bbox 957 4524 1014 4578; x_wconf 87' lang='lat' dir='ltr'><strong>quo</strong></span> 
     </span>
     <span class='ocr_line' id='line_1_49' title="bbox 180 4597 1010 4657; baseline -0.006 -1"><span class='ocrx_word' id='word_1_496' title='bbox 180 4597 1010 4657; x_wconf 85' lang='lat' dir='ltr'><strong>tantadestructionismonimentaadhucreservabantur.</strong></span> 
     </span>
     <span class='ocr_line' id='line_1_50' title="bbox 181 4686 1016 4761; baseline -0.007 -16"><span class='ocrx_word' id='word_1_497' title='bbox 181 4691 257 4745; x_wconf 90' lang='lat' dir='ltr'><strong>Nam</strong></span> <span class='ocrx_word' id='word_1_498' title='bbox 268 4693 375 4761; x_wconf 88' lang='lat' dir='ltr'><strong>quauta</strong></span> <span class='ocrx_word' id='word_1_499' title='bbox 385 4688 471 4743; x_wconf 83' lang='lat' dir='ltr'><strong>tuerit</strong></span> <span class='ocrx_word' id='word_1_500' title='bbox 483 4688 633 4758; x_wconf 87' lang='lat' dir='ltr'><strong>popularis</strong></span> <span class='ocrx_word' id='word_1_501' title='bbox 643 4686 817 4757; x_wconf 79' lang='lat' dir='ltr'><strong>frequentia,</strong></span> <span class='ocrx_word' id='word_1_502' title='bbox 828 4688 1016 4756; x_wconf 87' lang='lat' dir='ltr'><strong>quantusque</strong></span> 
     </span>
     <span class='ocr_line' id='line_1_51' title="bbox 181 4775 1016 4848; baseline -0.007 -14"><span class='ocrx_word' id='word_1_503' title='bbox 181 4794 359 4846; x_wconf 80' lang='lat' dir='ltr'><strong>concursus,</strong></span> <span class='ocrx_word' id='word_1_504' title='bbox 391 4777 517 4846; x_wconf 87' lang='lat' dir='ltr'><strong>publicae</strong></span> <span class='ocrx_word' id='word_1_505' title='bbox 546 4780 633 4847; x_wconf 91' lang='lat' dir='ltr'><strong>atquc</strong></span> <span class='ocrx_word' id='word_1_506' title='bbox 663 4777 781 4848; x_wconf 80' lang='lat' dir='ltr'><strong>rogales</strong></span> <span class='ocrx_word' id='word_1_507' title='bbox 804 4776 861 4829; x_wconf 76' lang='lat' dir='ltr'><strong>vire</strong></span> <span class='ocrx_word' id='word_1_508' title='bbox 880 4775 1016 4845; x_wconf 87' lang='lat' dir='ltr'><strong>utrinque</strong></span> 
     </span>
     <span class='ocr_line' id='line_1_52' title="bbox 180 4864 1016 4935; baseline -0.011 -10"><span class='ocrx_word' id='word_1_509' title='bbox 180 4868 392 4926; x_wconf 87' lang='lat' dir='ltr'><strong>convenientes</strong></span> <span class='ocrx_word' id='word_1_510' title='bbox 417 4866 654 4935; x_wconf 73' lang='lat' dir='ltr'><strong>praemonstrant.</strong></span> <span class='ocrx_word' id='word_1_511' title='bbox 684 4865 812 4930; x_wconf 78' lang='lat' dir='ltr'><strong>Quarum</strong></span> <span class='ocrx_word' id='word_1_512' title='bbox 842 4864 892 4917; x_wconf 92' lang='lat' dir='ltr'><strong>illa</strong></span> <span class='ocrx_word' id='word_1_513' title='bbox 917 4878 1016 4933; x_wconf 81' lang='lat' dir='ltr'><strong>quaen</strong></span> 
     </span>
     <span class='ocr_line' id='line_1_53' title="bbox 179 4951 1015 5027; baseline -0.01 -14"><span class='ocrx_word' id='word_1_514' title='bbox 179 4958 286 5013; x_wconf 84' lang='lat' dir='ltr'><strong>dillusa</strong></span> <span class='ocrx_word' id='word_1_515' title='bbox 303 4955 427 5013; x_wconf 88' lang='lat' dir='ltr'><strong>orientis</strong></span> <span class='ocrx_word' id='word_1_516' title='bbox 443 4956 529 5027; x_wconf 80' lang='lat' dir='ltr'><strong>plaga</strong></span> <span class='ocrx_word' id='word_1_517' title='bbox 544 4955 580 5008; x_wconf 89' lang='lat' dir='ltr'><strong>ad</strong></span> <span class='ocrx_word' id='word_1_518' title='bbox 592 4969 752 5025; x_wconf 85' lang='lat' dir='ltr'><strong>nasusque</strong></span> <span class='ocrx_word' id='word_1_519' title='bbox 769 4952 919 5023; x_wconf 78' lang='lat' dir='ltr'><strong>dirigitur,</strong></span> <span class='ocrx_word' id='word_1_520' title='bbox 931 4951 1015 5005; x_wconf 86' lang='lat' dir='ltr'><strong>alveo</strong></span> 
     </span>
     <span class='ocr_line' id='line_1_54' title="bbox 180 5041 1015 5112; baseline -0.008 -10"><span class='ocrx_word' id='word_1_521' title='bbox 180 5049 392 5103; x_wconf 85' lang='lat' dir='ltr'><strong>subterfluente</strong></span> <span class='ocrx_word' id='word_1_522' title='bbox 408 5045 570 5112; x_wconf 80' lang='lat' dir='ltr'><strong>elaiulitur·,</strong></span> <span class='ocrx_word' id='word_1_523' title='bbox 593 5045 684 5097; x_wconf 90' lang='lat' dir='ltr'><strong>altera</strong></span> <span class='ocrx_word' id='word_1_524' title='bbox 706 5058 775 5097; x_wconf 88' lang='lat' dir='ltr'><strong>vero</strong></span> <span class='ocrx_word' id='word_1_525' title='bbox 791 5058 806 5095; x_wconf 90' lang='lat' dir='ltr'><strong>a</strong></span> <span class='ocrx_word' id='word_1_526' title='bbox 822 5042 914 5112; x_wconf 92' lang='lat' dir='ltr'><strong>pharo</strong></span> <span class='ocrx_word' id='word_1_527' title='bbox 930 5041 1015 5095; x_wconf 89' lang='lat' dir='ltr'><strong>altis·</strong></span> 
     </span>
     <span class='ocr_line' id='line_1_55' title="bbox 180 5132 1016 5206; baseline -0.008 -16"><span class='ocrx_word' id='word_1_528' title='bbox 180 5137 267 5205; x_wconf 86' lang='lat' dir='ltr'><strong>simo,</strong></span> <span class='ocrx_word' id='word_1_529' title='bbox 279 5153 345 5206; x_wconf 80' lang='lat' dir='ltr'><strong>qum</strong></span> <span class='ocrx_word' id='word_1_530' title='bbox 356 5137 462 5190; x_wconf 89' lang='lat' dir='ltr'><strong>domus</strong></span> <span class='ocrx_word' id='word_1_531' title='bbox 472 5133 540 5188; x_wconf 93' lang='lat' dir='ltr'><strong>olim</strong></span> <span class='ocrx_word' id='word_1_532' title='bbox 556 5133 720 5202; x_wconf 88' lang='lat' dir='ltr'><strong>specularia</strong></span> <span class='ocrx_word' id='word_1_533' title='bbox 732 5133 760 5185; x_wconf 90' lang='lat' dir='ltr'><strong>iu</strong></span> <span class='ocrx_word' id='word_1_534' title='bbox 772 5132 896 5186; x_wconf 86' lang='lat' dir='ltr'><strong>hiberna</strong></span> <span class='ocrx_word' id='word_1_535' title='bbox 909 5132 1016 5184; x_wconf 89' lang='lat' dir='ltr'><strong>lloma·</strong></span> 
     </span>
     <span class='ocr_line' id='line_1_56' title="bbox 179 5220 1014 5295; baseline -0.004 -19"><span class='ocrx_word' id='word_1_536' title='bbox 179 5239 284 5277; x_wconf 91' lang='lat' dir='ltr'><strong>norum</strong></span> <span class='ocrx_word' id='word_1_537' title='bbox 312 5225 475 5295; x_wconf 91' lang='lat' dir='ltr'><strong>dicebatur,</strong></span> <span class='ocrx_word' id='word_1_538' title='bbox 506 5222 649 5277; x_wconf 79' lang='lat' dir='ltr'><strong>Bononiae</strong></span> <span class='ocrx_word' id='word_1_539' title='bbox 683 5237 767 5277; x_wconf 90' lang='lat' dir='ltr'><strong>muro</strong></span> <span class='ocrx_word' id='word_1_540' title='bbox 796 5220 957 5291; x_wconf 83' lang='lat' dir='ltr'><strong>contigua,</strong></span> <span class='ocrx_word' id='word_1_541' title='bbox 978 5220 1014 5273; x_wconf 91' lang='lat' dir='ltr'><strong>ad</strong></span> 
     </span>
    </p>
   </div>
   <div class='ocr_carea' id='block_1_5' title="bbox 116 5450 1014 5810">
    <p class='ocr_par' dir='ltr' id='par_1_6' title="bbox 116 5450 1014 5788">
     <span class='ocr_line' id='line_1_57' title="bbox 213 5450 1013 5520; baseline -0.004 -14"><span class='ocrx_word' id='word_1_542' title='bbox 213 5450 253 5519; x_wconf 69' lang='lat'><strong>(2)</strong></span> <span class='ocrx_word' id='word_1_543' title='bbox 264 5450 384 5506; x_wconf 80' lang='lat' dir='ltr'><strong>Cumbm</strong></span> <span class='ocrx_word' id='word_1_544' title='bbox 396 5457 571 5508; x_wconf 50' lang='lat' dir='ltr'><strong>ruer-utum</strong></span> <span class='ocrx_word' id='word_1_545' title='bbox 583 5453 782 5507; x_wconf 84' lang='lat' dir='ltr'><strong>‹liversimode</strong></span> <span class='ocrx_word' id='word_1_546' title='bbox 792 5451 1013 5520; x_wconf 84' lang='lat' dir='ltr'><strong>ascriptoribus</strong></span> 
     </span>
     <span class='ocr_line' id='line_1_58' title="bbox 179 5521 1011 5594; baseline -0.004 -17"><span class='ocrx_word' id='word_1_547' title='bbox 179 5521 285 5580; x_wconf 80' lang='lat' dir='ltr'><strong>mediae</strong></span> <span class='ocrx_word' id='word_1_548' title='bbox 302 5523 397 5575; x_wconf 76' lang='lat' dir='ltr'><strong>aetatis</strong></span> <span class='ocrx_word' id='word_1_549' title='bbox 413 5524 741 5594; x_wconf 78' lang='lat' dir='ltr'><strong>accipitu1·;aliqueu‹lo</strong></span> <span class='ocrx_word' id='word_1_550' title='bbox 756 5541 806 5594; x_wconf 86' lang='lat' dir='ltr'><strong>pro</strong></span> <span class='ocrx_word' id='word_1_551' title='bbox 819 5524 1011 5586; x_wconf 87' lang='lat' dir='ltr'><strong>telonio,uou-</strong></span> 
     </span>
     <span class='ocr_line' id='line_1_59' title="bbox 177 5596 1014 5665; baseline -0.006 -15"><span class='ocrx_word' id='word_1_552' title='bbox 177 5608 329 5662; x_wconf 87' lang='lat' dir='ltr'><strong>nunquam</strong></span> <span class='ocrx_word' id='word_1_553' title='bbox 344 5608 398 5661; x_wconf 92' lang='lat' dir='ltr'><strong>pro</strong></span> <span class='ocrx_word' id='word_1_554' title='bbox 415 5598 518 5665; x_wconf 66' lang='lat' dir='ltr'><strong>cymba</strong></span> <span class='ocrx_word' id='word_1_555' title='bbox 536 5612 589 5650; x_wconf 92' lang='lat' dir='ltr'><strong>seu</strong></span> <span class='ocrx_word' id='word_1_556' title='bbox 605 5596 684 5662; x_wconf 86' lang='lat' dir='ltr'><strong>navi,</strong></span> <span class='ocrx_word' id='word_1_557' title='bbox 702 5597 860 5665; x_wconf 87' lang='lat' dir='ltr'><strong>aliquoties</strong></span> <span class='ocrx_word' id='word_1_558' title='bbox 876 5608 946 5645; x_wconf 75' lang='lat' dir='ltr'><strong>vcro</strong></span> <span class='ocrx_word' id='word_1_559' title='bbox 959 5608 1014 5661; x_wconf 92' lang='lat' dir='ltr'><strong>pro</strong></span> 
     </span>
     <span class='ocr_line' id='line_1_60' title="bbox 116 5663 1014 5788; baseline -0.012 -62"><span class='ocrx_word' id='word_1_560' title='bbox 116 5698 150 5760; x_wconf 52' lang='grc' dir='ltr'>ι</span> <span class='ocrx_word' id='word_1_561' title='bbox 173 5663 376 5729; x_wconf 86' lang='lat' dir='ltr'><strong>locodeclivi;</strong></span> <span class='ocrx_word' id='word_1_562' title='bbox 393 5681 460 5735; x_wconf 88' lang='lat' dir='ltr'><strong>quae</strong></span> <span class='ocrx_word' id='word_1_563' title='bbox 475 5667 606 5734; x_wconf 89' lang='lat' dir='ltr'><strong>acceptio</strong></span> <span class='ocrx_word' id='word_1_564' title='bbox 622 5667 691 5720; x_wconf 91' lang='lat' dir='ltr'><strong>buic</strong></span> <span class='ocrx_word' id='word_1_565' title='bbox 707 5667 770 5721; x_wconf 82' lang='lat' dir='ltr'><strong>loro</strong></span> <span class='ocrx_word' id='word_1_566' title='bbox 786 5667 902 5720; x_wconf 87' lang='lat' dir='ltr'><strong>videtur</strong></span> <span class='ocrx_word' id='word_1_567' title='bbox 918 5663 1014 5788; x_wconf 66' lang='lat' dir='ltr'><strong>utupgis</strong></span> 
     </span>
    </p>

    <p class='ocr_par' dir='ltr' id='par_1_7' title="bbox 174 5734 1011 5810">
     <span class='ocr_line' id='line_1_61' title="bbox 174 5734 1011 5810; baseline -0.01 -15"><span class='ocrx_word' id='word_1_568' title='bbox 174 5734 375 5799; x_wconf 72' lang='lat' dir='ltr'><strong>‘acommoda</strong></span> <span class='ocrx_word' id='word_1_569' title='bbox 391 5767 427 5777; x_wconf 93' lang='lat'><em>-</em></span> <span class='ocrx_word' id='word_1_570' title='bbox 462 5737 498 5790; x_wconf 93' lang='lat' dir='ltr'><strong>Ni</strong></span> <span class='ocrx_word' id='word_1_571' title='bbox 521 5737 636 5808; x_wconf 80' lang='lat' dir='ltr'><strong>legatur</strong></span> <span class='ocrx_word' id='word_1_572' title='bbox 667 5737 785 5810; x_wconf 86' lang='lat' dir='ltr'><strong>tombis,</strong></span> <span class='ocrx_word' id='word_1_573' title='bbox 802 5739 821 5792; x_wconf 87' lang='lat' dir='ltr'><strong>i.</strong></span> <span class='ocrx_word' id='word_1_574' title='bbox 838 5753 864 5792; x_wconf 90' lang='lat' dir='ltr'><strong>e.</strong></span> <span class='ocrx_word' id='word_1_575' title='bbox 882 5741 961 5790; x_wconf 88' lang='lat' dir='ltr'><strong>tumu</strong></span> <span class='ocrx_word' id='word_1_576' title='bbox 974 5735 1011 5788; x_wconf 87' lang='lat' dir='ltr'><strong>is.</strong></span> 
     </span>
    </p>
   </div>
   <div class='ocr_carea' id='block_1_6' title="bbox 1068 3790 1901 5373">
    <p class='ocr_par' dir='ltr' id='par_1_8' title="bbox 1072 3790 1900 4575">
     <span class='ocr_line' id='line_1_62' title="bbox 1072 3790 1897 3864; baseline -0.008 -15"><span class='ocrx_word' id='word_1_577' title='bbox 1072 3811 1150 3863; x_wconf 91' lang='lat' dir='ltr'><strong>mus,</strong></span> <span class='ocrx_word' id='word_1_578' title='bbox 1167 3795 1217 3849; x_wconf 92' lang='lat' dir='ltr'><strong>ubi</strong></span> <span class='ocrx_word' id='word_1_579' title='bbox 1232 3796 1393 3850; x_wconf 88' lang='lat' dir='ltr'><strong>nebulosas</strong></span> <span class='ocrx_word' id='word_1_580' title='bbox 1409 3793 1513 3849; x_wconf 68' lang='lat' dir='ltr'><strong>saeculi</strong></span> <span class='ocrx_word' id='word_1_581' title='bbox 1536 3792 1632 3864; x_wconf 69' lang='lat' dir='ltr'><strong>buius</strong></span> <span class='ocrx_word' id='word_1_582' title='bbox 1652 3793 1783 3848; x_wconf 88' lang='lat' dir='ltr'><strong>umbras</strong></span> <span class='ocrx_word' id='word_1_583' title='bbox 1797 3793 1856 3846; x_wconf 81' lang='lat' dir='ltr'><strong>dics</strong></span> <span class='ocrx_word' id='word_1_584' title='bbox 1873 3790 1897 3842; x_wconf 91' lang='lat' dir='ltr'><strong>in</strong></span> 
     </span>
     <span class='ocr_line' id='line_1_63' title="bbox 1074 3882 1896 3952; baseline -0.011 -13"><span class='ocrx_word' id='word_1_585' title='bbox 1074 3885 1206 3939; x_wconf 90' lang='lat' dir='ltr'><strong>occiduis</strong></span> <span class='ocrx_word' id='word_1_586' title='bbox 1226 3883 1385 3939; x_wconf 88' lang='lat' dir='ltr'><strong>salubriter</strong></span> <span class='ocrx_word' id='word_1_587' title='bbox 1410 3883 1548 3952; x_wconf 89' lang='lat' dir='ltr'><strong>aspirans</strong></span> <span class='ocrx_word' id='word_1_588' title='bbox 1573 3882 1605 3934; x_wconf 90' lang='lat' dir='ltr'><strong>in</strong></span> <span class='ocrx_word' id='word_1_589' title='bbox 1625 3897 1774 3936; x_wconf 89' lang='lat' dir='ltr'><strong>oceasum</strong></span> <span class='ocrx_word' id='word_1_590' title='bbox 1797 3893 1896 3949; x_wconf 82' lang='lat' dir='ltr'><strong>semper</strong></span> 
     </span>
     <span class='ocr_line' id='line_1_64' title="bbox 1073 3966 1898 4043; baseline -0.01 -17"><span class='ocrx_word' id='word_1_591' title='bbox 1073 3972 1227 4043; x_wconf 81' lang='lat' dir='ltr'><strong>demergit.</strong></span> <span class='ocrx_word' id='word_1_592' title='bbox 1246 3972 1375 4027; x_wconf 86' lang='lat' dir='ltr'><strong>Umbras</strong></span> <span class='ocrx_word' id='word_1_593' title='bbox 1390 3970 1526 4037; x_wconf 86' lang='lat' dir='ltr'><strong>dixerim,</strong></span> <span class='ocrx_word' id='word_1_594' title='bbox 1539 3972 1569 4023; x_wconf 92' lang='lat' dir='ltr'><strong>ut</strong></span> <span class='ocrx_word' id='word_1_595' title='bbox 1584 3969 1711 4039; x_wconf 89' lang='lat' dir='ltr'><strong>quidam</strong></span> <span class='ocrx_word' id='word_1_596' title='bbox 1721 3970 1810 4024; x_wconf 80' lang='lat' dir='ltr'><strong>velox</strong></span> <span class='ocrx_word' id='word_1_597' title='bbox 1824 3968 1855 4021; x_wconf 88' lang='lat' dir='ltr'><strong>ad</strong></span> <span class='ocrx_word' id='word_1_598' title='bbox 1865 3966 1898 4019; x_wconf 82' lang='lat' dir='ltr'><strong>tu</strong></span> 
     </span>
     <span class='ocr_line' id='line_1_65' title="bbox 1074 4058 1897 4132; baseline -0.007 -17"><span class='ocrx_word' id='word_1_599' title='bbox 1074 4061 1198 4132; x_wconf 80' lang='lat' dir='ltr'><strong>giendas</strong></span> <span class='ocrx_word' id='word_1_600' title='bbox 1215 4059 1751 4131; x_wconf 81' lang='lat' dir='ltr'><strong>hujusmoditenebras,quaeeunque,</strong></span> <span class='ocrx_word' id='word_1_601' title='bbox 1765 4058 1897 4122; x_wconf 69' lang='lat' dir='ltr'><strong>sitiebat</strong></span> 
     </span>
     <span class='ocr_line' id='line_1_66' title="bbox 1074 4146 1900 4221; baseline -0.012 -15"><span class='ocrx_word' id='word_1_602' title='bbox 1074 4151 1185 4206; x_wconf 71' lang='lat' dir='ltr'><strong>sarculo</strong></span> <span class='ocrx_word' id='word_1_603' title='bbox 1198 4149 1457 4221; x_wconf 85' lang='lat' dir='ltr'><strong>magnavidentur,</strong></span> <span class='ocrx_word' id='word_1_604' title='bbox 1479 4148 1583 4201; x_wconf 91' lang='lat' dir='ltr'><strong>umbra</strong></span> <span class='ocrx_word' id='word_1_605' title='bbox 1605 4146 1652 4199; x_wconf 88' lang='lat' dir='ltr'><strong>vel</strong></span> <span class='ocrx_word' id='word_1_606' title='bbox 1682 4148 1802 4201; x_wconf 89' lang='lat' dir='ltr'><strong>somnia</strong></span> <span class='ocrx_word' id='word_1_607' title='bbox 1823 4146 1900 4213; x_wconf 86' lang='lat' dir='ltr'><strong>depu-</strong></span> 
     </span>
     <span class='ocr_line' id='line_1_67' title="bbox 1073 4234 1899 4307; baseline -0.007 -14"><span class='ocrx_word' id='word_1_608' title='bbox 1073 4242 1158 4294; x_wconf 87' lang='lat' dir='ltr'><strong>tanda</strong></span> <span class='ocrx_word' id='word_1_609' title='bbox 1171 4244 1250 4295; x_wconf 91' lang='lat' dir='ltr'><strong>sunt.</strong></span> <span class='ocrx_word' id='word_1_610' title='bbox 1267 4239 1460 4295; x_wconf 88' lang='lat' dir='ltr'><strong>Pulchritudo</strong></span> <span class='ocrx_word' id='word_1_611' title='bbox 1480 4237 1595 4292; x_wconf 87' lang='lat' dir='ltr'><strong>scilicet</strong></span> <span class='ocrx_word' id='word_1_612' title='bbox 1610 4234 1899 4307; x_wconf 85' lang='lat' dir='ltr'><strong>corporis,sapientia</strong></span> 
     </span>
     <span class='ocr_line' id='line_1_68' title="bbox 1072 4325 1897 4399; baseline -0.007 -17"><span class='ocrx_word' id='word_1_613' title='bbox 1072 4330 1247 4399; x_wconf 89' lang='lat' dir='ltr'><strong>litterarum,</strong></span> <span class='ocrx_word' id='word_1_614' title='bbox 1263 4330 1354 4383; x_wconf 89' lang='lat' dir='ltr'><strong>robur</strong></span> <span class='ocrx_word' id='word_1_615' title='bbox 1373 4328 1582 4394; x_wconf 88' lang='lat' dir='ltr'><strong>membrorum,</strong></span> <span class='ocrx_word' id='word_1_616' title='bbox 1599 4325 1710 4380; x_wconf 72' lang='lat' dir='ltr'><strong>insulas</strong></span> <span class='ocrx_word' id='word_1_617' title='bbox 1727 4326 1897 4397; x_wconf 85' lang='lat' dir='ltr'><strong>dignitatum,</strong></span> 
     </span>
     <span class='ocr_line' id='line_1_69' title="bbox 1074 4411 1900 4490; baseline -0.008 -19"><span class='ocrx_word' id='word_1_618' title='bbox 1074 4418 1157 4490; x_wconf 77' lang='lat' dir='ltr'><strong>regni</strong></span> <span class='ocrx_word' id='word_1_619' title='bbox 1168 4418 1306 4489; x_wconf 89' lang='lat' dir='ltr'><strong>potentia,</strong></span> <span class='ocrx_word' id='word_1_620' title='bbox 1323 4416 1432 4471; x_wconf 86' lang='lat' dir='ltr'><strong>baecad</strong></span> <span class='ocrx_word' id='word_1_621' title='bbox 1444 4414 1698 4485; x_wconf 89' lang='lat' dir='ltr'><strong>comparationem</strong></span> <span class='ocrx_word' id='word_1_622' title='bbox 1713 4415 1796 4469; x_wconf 91' lang='lat' dir='ltr'><strong>illius</strong></span> <span class='ocrx_word' id='word_1_623' title='bbox 1811 4411 1900 4468; x_wconf 80' lang='lat' dir='ltr'><strong>aeterni</strong></span> 
     </span>
     <span class='ocr_line' id='line_1_70' title="bbox 1073 4502 1697 4575; baseline -0.005 -16"><span class='ocrx_word' id='word_1_624' title='bbox 1073 4506 1140 4575; x_wconf 89' lang='lat' dir='ltr'><strong>diei,</strong></span> <span class='ocrx_word' id='word_1_625' title='bbox 1157 4507 1269 4560; x_wconf 88' lang='lat' dir='ltr'><strong>umbrae</strong></span> <span class='ocrx_word' id='word_1_626' title='bbox 1281 4510 1308 4561; x_wconf 89' lang='lat' dir='ltr'><strong>ct</strong></span> <span class='ocrx_word' id='word_1_627' title='bbox 1322 4506 1437 4561; x_wconf 90' lang='lat' dir='ltr'><strong>somnia</strong></span> <span class='ocrx_word' id='word_1_628' title='bbox 1450 4502 1697 4574; x_wconf 89' lang='lat' dir='ltr'><strong>comprobantur.</strong></span> 
     </span>
    </p>

    <p class='ocr_par' dir='ltr' id='par_1_9' title="bbox 1068 4591 1901 5373">
     <span class='ocr_line' id='line_1_71' title="bbox 1110 4591 1899 4659; baseline -0.006 -13"><span class='ocrx_word' id='word_1_629' title='bbox 1110 4594 1195 4648; x_wconf 93' lang='lat' dir='ltr'><strong>lV.-</strong></span> <span class='ocrx_word' id='word_1_630' title='bbox 1209 4593 1304 4657; x_wconf 87' lang='lat' dir='ltr'><strong>Quare</strong></span> <span class='ocrx_word' id='word_1_631' title='bbox 1320 4595 1394 4648; x_wconf 90' lang='lat' dir='ltr'><strong>intra</strong></span> <span class='ocrx_word' id='word_1_632' title='bbox 1409 4597 1506 4647; x_wconf 91' lang='lat' dir='ltr'><strong>castra</strong></span> <span class='ocrx_word' id='word_1_633' title='bbox 1521 4591 1682 4659; x_wconf 73' lang='lat' dir='ltr'><strong>Ecclesiae,</strong></span> <span class='ocrx_word' id='word_1_634' title='bbox 1694 4592 1726 4645; x_wconf 92' lang='lat' dir='ltr'><strong>in</strong></span> <span class='ocrx_word' id='word_1_635' title='bbox 1744 4591 1843 4645; x_wconf 87' lang='lat' dir='ltr'><strong>militia</strong></span> <span class='ocrx_word' id='word_1_636' title='bbox 1855 4604 1899 4642; x_wconf 92' lang='lat' dir='ltr'><strong>no·</strong></span> 
     </span>
     <span class='ocr_line' id='line_1_72' title="bbox 1072 4679 1899 4752; baseline -0.01 -15"><span class='ocrx_word' id='word_1_637' title='bbox 1072 4682 1161 4737; x_wconf 91' lang='lat' dir='ltr'><strong>minis</strong></span> <span class='ocrx_word' id='word_1_638' title='bbox 1176 4682 1340 4751; x_wconf 85' lang='lat' dir='ltr'><strong>apostolici,</strong></span> <span class='ocrx_word' id='word_1_639' title='bbox 1358 4682 1436 4752; x_wconf 92' lang='lat' dir='ltr'><strong>quod</strong></span> <span class='ocrx_word' id='word_1_640' title='bbox 1447 4681 1539 4750; x_wconf 91' lang='lat' dir='ltr'><strong>primo</strong></span> <span class='ocrx_word' id='word_1_641' title='bbox 1555 4679 1759 4748; x_wconf 90' lang='lat' dir='ltr'><strong>procinctu-iu</strong></span> <span class='ocrx_word' id='word_1_642' title='bbox 1777 4683 1835 4734; x_wconf 90' lang='lat' dir='ltr'><strong>toto</strong></span> <span class='ocrx_word' id='word_1_643' title='bbox 1848 4693 1899 4730; x_wconf 82' lang='lat' dir='ltr'><strong>nia·</strong></span> 
     </span>
     <span class='ocr_line' id='line_1_73' title="bbox 1073 4767 1901 4842; baseline -0.012 -17"><span class='ocrx_word' id='word_1_644' title='bbox 1073 4772 1168 4827; x_wconf 87' lang='lat' dir='ltr'><strong>ritima</strong></span> <span class='ocrx_word' id='word_1_645' title='bbox 1183 4772 1306 4842; x_wconf 78' lang='lat' dir='ltr'><strong>regione</strong></span> <span class='ocrx_word' id='word_1_646' title='bbox 1321 4785 1377 4824; x_wconf 92' lang='lat' dir='ltr'><strong>nes</strong></span> <span class='ocrx_word' id='word_1_647' title='bbox 1388 4769 1499 4824; x_wconf 88' lang='lat' dir='ltr'><strong>Christi</strong></span> <span class='ocrx_word' id='word_1_648' title='bbox 1514 4782 1666 4838; x_wconf 86' lang='lat' dir='ltr'><strong>pauperes</strong></span> <span class='ocrx_word' id='word_1_649' title='bbox 1679 4768 1720 4838; x_wconf 81' lang='grc'><strong>(3)</strong></span> <span class='ocrx_word' id='word_1_650' title='bbox 1729 4767 1858 4823; x_wconf 81' lang='lat' dir='ltr'><strong>initiavit.</strong></span> <span class='ocrx_word' id='word_1_651' title='bbox 1869 4767 1901 4816; x_wconf 88' lang='lat' dir='ltr'><strong>ita</strong></span> 
     </span>
     <span class='ocr_line' id='line_1_74' title="bbox 1075 4856 1897 4926; baseline -0.01 -12"><span class='ocrx_word' id='word_1_652' title='bbox 1075 4860 1232 4914; x_wconf 88' lang='lat' dir='ltr'><strong>vivendum</strong></span> <span class='ocrx_word' id='word_1_653' title='bbox 1244 4863 1299 4922; x_wconf 88' lang='lat' dir='ltr'><strong>est,</strong></span> <span class='ocrx_word' id='word_1_654' title='bbox 1317 4864 1347 4913; x_wconf 94' lang='lat' dir='ltr'><strong>ut</strong></span> <span class='ocrx_word' id='word_1_655' title='bbox 1362 4859 1450 4912; x_wconf 86' lang='lat' dir='ltr'><strong>vincti</strong></span> <span class='ocrx_word' id='word_1_656' title='bbox 1468 4856 1620 4911; x_wconf 90' lang='lat' dir='ltr'><strong>charitatis</strong></span> <span class='ocrx_word' id='word_1_657' title='bbox 1631 4856 1780 4925; x_wconf 79' lang='lat' dir='ltr'><strong>vinculiS,</strong></span> <span class='ocrx_word' id='word_1_658' title='bbox 1796 4870 1897 4926; x_wconf 78' lang='lat' dir='ltr'><strong>praepo·</strong></span> 
     </span>
     <span class='ocr_line' id='line_1_75' title="bbox 1073 4945 1897 5018; baseline -0.011 -15"><span class='ocrx_word' id='word_1_659' title='bbox 1073 4949 1128 5003; x_wconf 92' lang='lat' dir='ltr'><strong>rati</strong></span> <span class='ocrx_word' id='word_1_660' title='bbox 1142 4948 1234 5018; x_wconf 90' lang='lat' dir='ltr'><strong>pedes</strong></span> <span class='ocrx_word' id='word_1_661' title='bbox 1258 4948 1286 5001; x_wconf 93' lang='lat' dir='ltr'><strong>in</strong></span> <span class='ocrx_word' id='word_1_662' title='bbox 1303 4947 1496 5018; x_wconf 80' lang='lat' dir='ltr'><strong>Evangelium</strong></span> <span class='ocrx_word' id='word_1_663' title='bbox 1515 4945 1610 5014; x_wconf 88' lang='lat' dir='ltr'><strong>pacis,</strong></span> <span class='ocrx_word' id='word_1_664' title='bbox 1636 4947 1748 4999; x_wconf 90' lang='lat' dir='ltr'><strong>stricto</strong></span> <span class='ocrx_word' id='word_1_665' title='bbox 1772 4956 1897 4998; x_wconf 88' lang='lat' dir='ltr'><strong>mucrone</strong></span> 
     </span>
     <span class='ocr_line' id='line_1_76' title="bbox 1074 5031 1896 5107; baseline -0.011 -16"><span class='ocrx_word' id='word_1_666' title='bbox 1074 5038 1206 5107; x_wconf 92' lang='lat' dir='ltr'><strong>spiritus,</strong></span> <span class='ocrx_word' id='word_1_667' title='bbox 1223 5035 1259 5089; x_wconf 89' lang='lat' dir='ltr'><strong>ad</strong></span> <span class='ocrx_word' id='word_1_668' title='bbox 1288 5036 1479 5090; x_wconf 89' lang='lat' dir='ltr'><strong>dobellandas</strong></span> <span class='ocrx_word' id='word_1_669' title='bbox 1503 5048 1607 5088; x_wconf 88' lang='lat' dir='ltr'><strong>aereas</strong></span> <span class='ocrx_word' id='word_1_670' title='bbox 1623 5037 1805 5102; x_wconf 88' lang='lat' dir='ltr'><strong>potestates,</strong></span> <span class='ocrx_word' id='word_1_671' title='bbox 1833 5031 1896 5084; x_wconf 84' lang='lat' dir='ltr'><strong>alios</strong></span> 
     </span>
     <span class='ocr_line' id='line_1_77' title="bbox 1072 5120 1894 5193; baseline -0.011 -13"><span class='ocrx_word' id='word_1_672' title='bbox 1072 5127 1178 5181; x_wconf 86' lang='lat' dir='ltr'><strong>blanda</strong></span> <span class='ocrx_word' id='word_1_673' title='bbox 1201 5123 1439 5193; x_wconf 88' lang='lat' dir='ltr'><strong>commonitione,</strong></span> <span class='ocrx_word' id='word_1_674' title='bbox 1463 5123 1536 5177; x_wconf 91' lang='lat' dir='ltr'><strong>alios</strong></span> <span class='ocrx_word' id='word_1_675' title='bbox 1564 5122 1675 5176; x_wconf 91' lang='lat' dir='ltr'><strong>durius</strong></span> <span class='ocrx_word' id='word_1_676' title='bbox 1705 5120 1894 5190; x_wconf 84' lang='lat' dir='ltr'><strong>increpando,</strong></span> 
     </span>
     <span class='ocr_line' id='line_1_78' title="bbox 1070 5210 1893 5285; baseline -0.012 -16"><span class='ocrx_word' id='word_1_677' title='bbox 1070 5214 1204 5285; x_wconf 92' lang='lat' dir='ltr'><strong>exemplo</strong></span> <span class='ocrx_word' id='word_1_678' title='bbox 1219 5214 1286 5267; x_wconf 80' lang='lat' dir='ltr'><strong>vito</strong></span> <span class='ocrx_word' id='word_1_679' title='bbox 1302 5217 1331 5267; x_wconf 93' lang='lat' dir='ltr'><strong>et</strong></span> <span class='ocrx_word' id='word_1_680' title='bbox 1345 5213 1436 5267; x_wconf 88' lang='lat' dir='ltr'><strong>verbo</strong></span> <span class='ocrx_word' id='word_1_681' title='bbox 1466 5215 1553 5281; x_wconf 89' lang='lat' dir='ltr'><strong>atquc</strong></span> <span class='ocrx_word' id='word_1_682' title='bbox 1573 5210 1603 5264; x_wconf 92' lang='lat' dir='ltr'><strong>in</strong></span> <span class='ocrx_word' id='word_1_683' title='bbox 1629 5211 1754 5265; x_wconf 84' lang='lat' dir='ltr'><strong>civitate</strong></span> <span class='ocrx_word' id='word_1_684' title='bbox 1779 5223 1893 5263; x_wconf 88' lang='lat' dir='ltr'><strong>commo-</strong></span> 
     </span>
     <span class='ocr_line' id='line_1_79' title="bbox 1068 5299 1893 5373; baseline -0.012 -15"><span class='ocrx_word' id='word_1_685' title='bbox 1068 5303 1167 5373; x_wconf 91' lang='lat' dir='ltr'><strong>nendi,</strong></span> <span class='ocrx_word' id='word_1_686' title='bbox 1184 5303 1214 5356; x_wconf 93' lang='lat' dir='ltr'><strong>iu</strong></span> <span class='ocrx_word' id='word_1_687' title='bbox 1230 5301 1309 5357; x_wconf 92' lang='lat' dir='ltr'><strong>omni</strong></span> <span class='ocrx_word' id='word_1_688' title='bbox 1329 5303 1393 5355; x_wconf 92' lang='lat' dir='ltr'><strong>loco</strong></span> <span class='ocrx_word' id='word_1_689' title='bbox 1408 5301 1505 5355; x_wconf 90' lang='lat' dir='ltr'><strong>bonus</strong></span> <span class='ocrx_word' id='word_1_690' title='bbox 1520 5300 1595 5354; x_wconf 92' lang='lat' dir='ltr'><strong>odor</strong></span> <span class='ocrx_word' id='word_1_691' title='bbox 1610 5299 1664 5353; x_wconf 87' lang='lat' dir='ltr'><strong>Dei</strong></span> <span class='ocrx_word' id='word_1_692' title='bbox 1683 5311 1893 5369; x_wconf 88' lang='lat' dir='ltr'><strong>sempercmcn·</strong></span> 
     </span>
    </p>
   </div>
   <div class='ocr_carea' id='block_1_7' title="bbox 1069 5439 1891 5800">
    <p class='ocr_par' dir='ltr' id='par_1_10' title="bbox 1069 5439 1891 5800">
     <span class='ocr_line' id='line_1_80' title="bbox 1104 5439 1891 5513; baseline -0.014 -14"><span class='ocrx_word' id='word_1_693' title='bbox 1104 5447 1143 5509; x_wconf 76' lang='grc'><strong>(3)</strong></span> <span class='ocrx_word' id='word_1_694' title='bbox 1156 5446 1230 5499; x_wconf 89' lang='lat' dir='ltr'><strong>llinc</strong></span> <span class='ocrx_word' id='word_1_695' title='bbox 1241 5444 1365 5513; x_wconf 82' lang='lat' dir='ltr'><strong>colliges</strong></span> <span class='ocrx_word' id='word_1_696' title='bbox 1374 5441 1545 5496; x_wconf 87' lang='lat' dir='ltr'><strong>Watinousc</strong></span> <span class='ocrx_word' id='word_1_697' title='bbox 1554 5441 1774 5496; x_wconf 88' lang='lat' dir='ltr'><strong>monasterium</strong></span> <span class='ocrx_word' id='word_1_698' title='bbox 1783 5439 1891 5509; x_wconf 87' lang='lat' dir='ltr'><strong>primum</strong></span> 
     </span>
     <span class='ocr_line' id='line_1_81' title="bbox 1069 5513 1889 5587; baseline -0.015 -16"><span class='ocrx_word' id='word_1_699' title='bbox 1069 5519 1127 5572; x_wconf 88' lang='lat' dir='ltr'><strong>illis</strong></span> <span class='ocrx_word' id='word_1_700' title='bbox 1140 5519 1168 5571; x_wconf 95' lang='lat' dir='ltr'><strong>iu</strong></span> <span class='ocrx_word' id='word_1_701' title='bbox 1175 5517 1349 5587; x_wconf 80' lang='lat' dir='ltr'><strong>regionibus</strong></span> <span class='ocrx_word' id='word_1_702' title='bbox 1361 5514 1455 5568; x_wconf 86' lang='lat' dir='ltr'><strong>tuisse</strong></span> <span class='ocrx_word' id='word_1_703' title='bbox 1467 5513 1582 5567; x_wconf 80' lang='lat' dir='ltr'><strong>ordinis</strong></span> <span class='ocrx_word' id='word_1_704' title='bbox 1594 5515 1807 5568; x_wconf 84' lang='lat' dir='ltr'><strong>canonicorum</strong></span> <span class='ocrx_word' id='word_1_705' title='bbox 1816 5524 1889 5579; x_wconf 78' lang='lat' dir='ltr'><strong>regu·</strong></span> 
     </span>
     <span class='ocr_line' id='line_1_82' title="bbox 1069 5582 1890 5656; baseline -0.018 -13"><span class='ocrx_word' id='word_1_706' title='bbox 1069 5590 1174 5643; x_wconf 90' lang='lat' dir='ltr'><strong>larium</strong></span> <span class='ocrx_word' id='word_1_707' title='bbox 1191 5591 1221 5641; x_wconf 73' lang='lat' dir='ltr'><strong>S.</strong></span> <span class='ocrx_word' id='word_1_708' title='bbox 1238 5586 1407 5656; x_wconf 69' lang='lat' dir='ltr'><strong>illigastini,</strong></span> <span class='ocrx_word' id='word_1_709' title='bbox 1428 5584 1477 5655; x_wconf 90' lang='lat' dir='ltr'><strong>qui</strong></span> <span class='ocrx_word' id='word_1_710' title='bbox 1493 5600 1553 5638; x_wconf 93' lang='lat' dir='ltr'><strong>nou</strong></span> <span class='ocrx_word' id='word_1_711' title='bbox 1570 5584 1744 5653; x_wconf 86' lang='lat' dir='ltr'><strong>itapridem</strong></span> <span class='ocrx_word' id='word_1_712' title='bbox 1760 5582 1890 5636; x_wconf 75' lang='lat' dir='ltr'><strong>inlicitus</strong></span> 
     </span>
     <span class='ocr_line' id='line_1_83' title="bbox 1070 5654 1890 5729; baseline -0.017 -15"><span class='ocrx_word' id='word_1_713' title='bbox 1070 5661 1216 5729; x_wconf 71' lang='lat' dir='ltr'><strong>originem</strong></span> <span class='ocrx_word' id='word_1_714' title='bbox 1232 5657 1383 5710; x_wconf 89' lang='lat' dir='ltr'><strong>habuerat.</strong></span> <span class='ocrx_word' id='word_1_715' title='bbox 1400 5656 1483 5710; x_wconf 70' lang='lat' dir='ltr'><strong>liudo</strong></span> <span class='ocrx_word' id='word_1_716' title='bbox 1500 5660 1528 5709; x_wconf 92' lang='lat' dir='ltr'><strong>et</strong></span> <span class='ocrx_word' id='word_1_717' title='bbox 1540 5656 1629 5725; x_wconf 89' lang='lat' dir='ltr'><strong>paulo</strong></span> <span class='ocrx_word' id='word_1_718' title='bbox 1648 5657 1719 5725; x_wconf 90' lang='lat' dir='ltr'><strong>post</strong></span> <span class='ocrx_word' id='word_1_719' title='bbox 1733 5654 1806 5709; x_wconf 85' lang='lat' dir='ltr'><strong>inira</strong></span> <span class='ocrx_word' id='word_1_720' title='bbox 1819 5654 1890 5706; x_wconf 78' lang='lat' dir='ltr'><strong>irrr-</strong></span> 
     </span>
     <span class='ocr_line' id='line_1_84' title="bbox 1070 5724 1776 5800; baseline -0.007 -14"><span class='ocrx_word' id='word_1_721' title='bbox 1070 5731 1162 5786; x_wconf 85' lang='lat' dir='ltr'><strong>ditam</strong></span> <span class='ocrx_word' id='word_1_722' title='bbox 1178 5728 1296 5785; x_wconf 89' lang='lat' dir='ltr'><strong>ordinis</strong></span> <span class='ocrx_word' id='word_1_723' title='bbox 1310 5727 1445 5783; x_wconf 89' lang='lat' dir='ltr'><strong>canonici</strong></span> <span class='ocrx_word' id='word_1_724' title='bbox 1459 5727 1623 5784; x_wconf 85' lang='lat' dir='ltr'><strong>ueritatem</strong></span> <span class='ocrx_word' id='word_1_725' title='bbox 1633 5724 1776 5800; x_wconf 87' lang='lat' dir='ltr'><strong>appellat.</strong></span> 
     </span>
    </p>
   </div>
   <div class='ocr_carea' id='block_1_8' title="bbox 0 0 1966 6112">
    <p class='ocr_par' dir='ltr' id='par_1_11' title="bbox 0 0 1966 6112">
     <span class='ocr_line' id='line_1_85' title="bbox 0 0 1966 6112; baseline 0 0"><span class='ocrx_word' id='word_1_726' title='bbox 0 0 1966 6112; x_wconf 95' lang='lat' dir='ltr'><strong> </strong></span> 
     </span>
    </p>
   </div>
  </div>
 </body>
</html>
