3900 6112
110 270 189 336 1059

110 470 209 526 Turba
221 468 416 525 cadaveribus
426 466 478 520 vix
492 466 594 521 vivere
609 468 713 536 posset
727 465 840 519 edendo

109 558 262 631 Egressus
277 557 395 628 quidam
412 559 495 625 patre
509 555 585 608 civis
602 556 630 608 in
647 555 722 608 urbe
737 554 840 608 relicto

112 647 143 700 ln
155 647 263 701 castris
278 646 379 700 aderat
392 660 400 713 3
417 644 499 699 canis
516 644 594 697 bunc
606 644 707 696 rimata
720 641 821 713 sagaci

111 736 189 789 Nare
204 736 284 805 petit,
301 734 413 788 laribus
429 732 523 786 laterai
538 748 603 802 quae
618 731 677 786 fota
693 730 836 801 paternis.

111 823 187 876 Huic
202 821 288 876 debat
299 821 346 875 ille
362 822 456 888 eibos,
481 825 509 874 et
524 823 679 890 postquam
696 817 856 873 sullicienti

111 910 200 964 Pasta
218 910 284 964 cibo
299 910 403 978 luerat,
420 900 497 962 circa
517 908 679 977 praecordia
694 908 837 977 quosdam

112 999 254 1072 Apposite
269 1013 356 1052 sacco
368 1012 459 1066 panes
474 997 584 1050 interra
599 996 723 1064 solebat,

110 1083 240 1151 Quorum
255 1085 445 1139 commoditas
461 1085 526 1139 vitoe
544 1084 619 1139 toret
633 1087 698 1154 apta
713 1085 837 1138 diurnae.

112 1174 174 1228 llos
189 1174 277 1228 celeri
294 1189 383 1227 cursu
399 1174 521 1227 rediens
531 1172 676 1241 (mirabile
696 1173 773 1226 dicta
788 1171 807 1242 l)

111 1263 146 1318 Et
161 1278 308 1333 nusquam
331 1277 484 1316 remorans
498 1261 581 1315 canis
608 1261 644 1313 ad
661 1276 715 1313 sua
731 1264 806 1314 tecla
821 1259 943 1328 terebat,

113 1352 162 1406 Sic
178 1351 313 1406 alimenta
330 1366 422 1421 sagax
438 1349 614 1419 dominoque
630 1349 746 1419 sibique
761 1349 891 1419 parabat.

112 1440 247 1495 Esar-iem
264 1443 370 1493 tantam
390 1438 507 1508 quidam
524 1453 581 1491 non
605 1437 682 1491 serre
707 1438 838 1490 valentes
894 1455 896 1458 ·

111 1527 236 1600 Egressi
251 1527 333 1580 eires
349 1527 444 1580 octavi
461 1528 594 1595 tempore
609 1526 722 1580 mensis

109 1617 271 1687 lntcrrupta
287 1615 354 1669 duci
372 1615 500 1668 Dolierto
515 1616 621 1669 moenia
637 1615 777 1684 pandunt,

109 1705 213 1775 Aptior
223 1705 382 1775 ingressus
400 1704 493 1773 poluit
504 1720 560 1774 qua
572 1707 655 1773 parte
670 1704 773 1757 rideri.

786 263 1021 329 GUILLELMI
1042 264 1170 327 APULI

1754 266 1822 333 iffi]

963 443 988 507 Ᾰ
1006 464 1085 519 Urbs
1100 464 1164 519 brec
1181 464 1265 518 dives
1280 465 1553 537 opum,populoque
1563 464 1672 520 retorta
1688 465 1797 521 ridetur

1004 552 1090 606 Nulla
1108 553 1203 624 magis
1219 554 1351 623 locuples
1367 558 1488 626 argento
1508 555 1657 619 vestibus,
1675 570 1756 621 auro,

1002 642 1139 695 Partibus
1153 643 1331 712 innumeris,
1345 659 1379 696 ac
1398 644 1544 713 plurimus
1562 643 1637 698 urbe
1653 648 1780 698 moratur

1001 730 1106 799 Nauia,
1119 731 1209 784 maris
1226 731 1351 801 coelique
1362 731 1425 784 uias
1441 732 1556 802 aperire
1572 733 1688 801 peritus
1699 731 1750 793 (Ἶῖ.

1002 818 1065 873 Huc
1076 822 1104 872 et
1119 818 1276 872 Alexandri
1292 819 1411 873 diversa
1428 820 1559 875 torculur
1572 820 1609 875 ab
1627 820 1703 874 urbe

1002 908 1094 979 Regis
1105 910 1134 961 et
1146 908 1281 961 Antiochi
1293 923 1300 975 3
1312 908 1376 962 haec
1393 909 1465 963 treta
1480 909 1606 979 plurima
1627 911 1742 962 transit.

1002 996 1055 1049 Hic
1067 997 1191 1064 Arabas,
1209 995 1281 1063 Indi,
1299 996 1562 1051 Siculinoscuntur
1577 1001 1605 1051 et
1621 995 1686 1050 Afri
1700 1013 1706 1050 ε

1002 1085 1071 1138 llaec
1089 1101 1164 1155 gens
1180 1089 1225 1138 est
1235 1088 1327 1138 lotam
1338 1101 1428 1155 prope
1443 1086 1594 1140 nobilitata
1610 1101 1665 1155 per
1680 1086 1776 1139 orbem

1000 1172 1034 1226 Et
1047 1173 1202 1227 mercanda
1218 1172 1317 1228 terens
1332 1177 1360 1227 cl
1374 1189 1476 1228 amans
1491 1176 1622 1228 mercata
1637 1172 1757 1228 reterre.

1000 1261 1054 1314 llis
1066 1262 1122 1315 sibi
1138 1260 1294 1331 subjectis
1311 1278 1377 1331 quur
1392 1261 1575 1331 disponenda
1591 1260 1675 1316 tuere

998 1348 1100 1402 Omnia
1112 1350 1251 1419 disponit,
1268 1350 1291 1402 T
1294 1350 1389 1419 rojam
1404 1349 1459 1417 (18)
1472 1350 1531 1404 dux
1546 1351 1611 1418 ipse
1629 1350 1731 1404 revisit

969 1449 972 1455 ·
1000 1436 1132 1507 Dumque
1144 1441 1306 1490 moraretur
1320 1437 1455 1508 Trojauae
1471 1438 1621 1492 moriribus
1638 1439 1732 1506 urbis,

998 1525 1115 1579 Nobilis
1131 1524 1248 1579 advenit
1264 1525 1448 1579 humbaudus
1464 1526 1596 1581 marchio
1613 1526 1742 1596 quidam,

999 1613 1156 1667 Nobilibus
1172 1613 1272 1683 patriae
1290 1615 1389 1668 mullis
1404 1615 1613 1668 comitantibus
1630 1613 1711 1668 illum

997 1702 1062 1755 Axe
1077 1698 1133 1769 (aa)
1150 1705 1273 1756 recatus
1291 1705 1363 1767 crat,
1391 1719 1492 1757 secum
1507 1703 1629 1758 deduxit
1645 1702 1803 1773 Hugoncua

110 1792 227 1847 Terruit
237 1792 309 1846 urbs
324 1791 455 1844 animum
473 1790 601 1844 lieberto
618 1794 700 1860 capta
715 1792 871 1861 Gisulpbi3
959 1781 981 1842 Β
997 1788 1142 1843 lllustroru
1159 1791 1257 1842 natum
1269 1807 1276 1859 ς
1287 1790 1372 1845 ducis
1388 1792 1454 1846 bule
1466 1796 1496 1846 ut
1523 1792 1582 1846 lilia
1597 1792 1693 1847 detur.

112 1880 291 1934 Conscendit
302 1879 416 1945 turrim,
433 1894 500 1948 quae
517 1878 593 1933 lacta
608 1881 760 1934 cacumine
776 1880 883 1934 montis

112 1967 418 2035 Praernineturbanis3
435 1970 536 2021 natura
570 1967 658 2038 cujus
673 1973 701 2022 ct
723 1973 785 2023 arte

111 2055 163 2110 Est
180 2056 280 2127 gravis
292 2071 438 2109 accessus
450 2078 456 2117 3
469 2071 525 2109 non
542 2056 595 2108 bac
612 2058 750 2111 munitior
763 2074 829 2112 arra

110 2144 253 2199 Omnibus
265 2144 354 2198 Italiae
372 2143 548 2213 regionibus
569 2144 624 2198 ulla
642 2145 767 2201 ridetur.

110 2233 266 2304 Expugnat
281 2232 387 2286 validis
403 2232 550 2286 liebertus
567 2232 680 2287 viribus
696 2250 803 2289 arcem.

110 2322 148 2374 At
162 2320 257 2375 valido
273 2336 339 2374 cum
354 2319 432 2374 torte
447 2319 532 2374 ducis
548 2322 672 2390 petraria
688 2323 753 2375 saxi

111 2409 173 2464 Ictu
190 2409 307 2462 dimissi
323 2408 463 2478 perculsa
476 2408 583 2463 luisset
593 2410 629 2463 ab
641 2409 709 2478 alto,

110 2496 255 2552 Avulsum
271 2497 383 2568 lignum
401 2497 521 2551 lloberli
542 2498 639 2553 nobile
653 2505 757 2569 pectus

109 2584 228 2639 Sauciet
243 2585 362 2652 incauti,
380 2584 433 2638 sed
450 2600 508 2639 nen
523 2589 590 2654 post
606 2590 736 2658 tempore
753 2590 842 2645 multe

110 2673 279 2727 Auxillanla
295 2672 354 2727 Deo
370 2672 475 2741 recipit
490 2689 557 2728 cara
568 2676 639 2729 besa
656 2678 790 2732 satutem.

997 1877 1096 1949 Exigit
1106 1879 1135 1931 in
1145 1894 1304 1947 sponsam
1327 1880 1450 1934 comites
1465 1896 1668 1951 proceresque
1683 1883 1792 1947 vocari,

995 1964 1114 2036 Quaque
1131 1966 1198 2019 lacit
1213 1983 1301 2036 super
1317 1967 1363 2021 lais
1379 1968 1439 2021 dux
1449 1968 1642 2024 consulturus
1658 1972 1696 2025 ab
1706 1972 1785 2029 urbe.

999 2055 1110 2109 Horum
1126 2055 1259 2109 consiliis
1277 2056 1399 2110 Roberti
1414 2057 1472 2111 lilla
1484 2061 1550 2112 nato

999 2142 1134 2197 Traditur
1150 2143 1363 2199 Axonislredas
1379 2160 1414 2199 cx
1426 2161 1507 2200 more
1518 2146 1653 2217 jugales.

1000 2231 1035 2284 Et
1049 2232 1233 2285 convivando
1250 2231 1400 2287 celebrant
1416 2237 1444 2288 et
1454 2234 1545 2288 multo
1559 2234 1693 2291 terendo.

1000 2321 1131 2386 Cunctis
1148 2321 1280 2391 conjugii
1295 2338 1360 2392 [111ae
1377 2322 1503 2392 postulat
1523 2324 1609 2391 ordo,
1626 2326 1758 2394 peractis,

1000 2409 1142 2464 Sollicitat
1158 2409 1280 2464 comites
1292 2411 1352 2464 dux
1374 2413 1402 2464 et
1416 2427 1613 2483 quoscunque
1626 2417 1755 2485 potentes

1001 2499 1082 2551 Dona
1096 2501 1210 2567 petens,
1227 2498 1285 2552 laeti
1301 2499 1409 2569 quibus
1431 2503 1460 2554 et
1473 2501 1518 2554 vir
1534 2503 1562 2554 et
1576 2518 1652 2558 uxor
1666 2504 1743 2558 abbe

1003 2587 1105 2641 Donati
1122 2585 1251 2656 valeaat;
1265 2587 1405 2641 necenim
1425 2604 1507 2657 prius
1523 2589 1693 2660 imperiales

1002 2677 1084 2731 Alter
1098 2676 1272 2745 cumproles
1287 2675 1431 2730 thalamos
1447 2676 1601 2732 llichaelis
1618 2680 1728 2735 adisset
1740 2678 1779 2743 (sb

111 2761 882 2838 lleddilusincolumiamagisexpugnareliisulplnim
893 2767 948 2852 tlt)
1002 2764 1158 2831 Quodlibet
1169 2764 1310 2818 auxilium
1329 2764 1487 2835 dederant,
1502 2769 1698 2822 communiter
1712 2768 1748 2822 illi

110 2849 241 2920 Nititur3
257 2850 306 2905 ille
322 2867 406 2907 suam
423 2854 569 2908 tartunam
581 2853 649 2907 dum
665 2854 745 2909 videt
760 2871 829 2910 esse

109 2938 237 2994 Casibus
253 2943 393 2996 extremis
410 2943 548 3013 positam,
562 2942 630 3012 quia
646 2944 736 2997 nuilla
752 2944 840 2998 saluti

108 3026 183 3096 Spes
200 3033 272 3096 erat,
288 3029 414 3087 arbitrio
431 3048 501 3087 sese
517 3032 602 3087 ducis
615 3035 643 3087 et
658 3048 711 3087 sua
729 3033 817 3087 [ledit.

107 3116 249 3172 Oratsela
260 3119 318 3173 sibi
334 3119 456 3177 libertas
473 3122 559 3176 detur
574 3122 672 3190 eundi,

108 3204 223 3276 Jusque
234 3205 302 3261 duci
317 3209 467 3278 proprium
478 3211 627 3265 dimittens
648 3211 724 3265 liber
738 3211 838 3266 abivit.

107 3293 283 3365 Gregorium
299 3311 402 3366 papam
416 3298 689 3369 spoliatushanorc
708 3299 823 3354 Salerni

107 3382 235 3452 Appellit
249 3384 385 3453 primurn,
400 3388 570 3441 venientem
586 3402 659 3456 papa
675 3387 804 3459 benigne

108 3470 247 3540 Suscipit,
265 3474 293 3524 et
309 3473 391 3543 regio
409 3472 585 3544 Campanica
599 3476 723 3530 traditur
738 3476 790 3530 illi.

109 3558 189 3613 Urbe
200 3559 376 3629 triumphata
393 3562 502 3632 gaudet
523 3562 672 3617 liebertus
688 3568 716 3618 et
731 3581 811 3634 arce,

109 3645 144 3700 Et
158 3662 195 3700 ne
209 3648 360 3716 posterius
377 3648 434 3703 sibi
452 3667 527 3721 gens
543 3651 630 3705 inlida
648 3657 802 3724 repugnet,

108 3733 233 3788 Muuivit
247 3750 392 3790 summam
408 3736 475 3791 tidis
503 3740 678 3795 custodibus
693 3758 803 3797 arcem.

108 3820 249 3876 Inferiore
265 3823 322 3877 situ
339 3824 369 3877 nt
394 3825 622 3897 inexpugnabile
637 3833 777 3900 castrum,

108 3907 171 3972 Quo
182 3909 238 3963 sibi
255 3909 382 3981 subjecti
399 3913 514 3968 valeant
530 3916 696 3971 consistere
712 3919 776 3973 tuti.

109 3996 190 4052 Urbs
206 3997 278 4052 Latii
293 4012 352 4054 nen
370 4004 416 4055 est
430 4002 485 4056 bac
496 4003 669 4060 deliciosior
682 4007 765 4077 urbe,

109 4084 270 4159 Frugibus,
282 4087 451 4160 arboribus,
468 4091 595 4165 vinoque
610 4096 763 4166 redundat,
781 4100 808 4151 et
832 4097 910 4152 unde

109 4174 174 4229 Non
203 4176 256 4231 tibi
277 4193 383 4248 poma,
410 4196 518 4251 nuces,
548 4199 607 4238 non
631 4184 755 4254 pulchra
775 4186 881 4255 palatia
895 4187 945 4242 de·

805 4278 888 4330 sunt:

108 4354 174 4410 Non
198 4356 316 4425 species
344 4356 497 4414 muliebris
527 4361 621 4430 abest,
652 4364 842 4434 probitasque
867 4365 943 4421 viro·

1001 2855 1111 2909 Omnes
1127 2852 1288 2919 tristantur,
1305 2853 1390 2923 quasi
1401 2853 1556 2925 vestigalia
1571 2858 1657 2925 posci

1001 2944 1027 2996 A
1042 2941 1116 2996 duce
1126 2940 1277 3010 mirantes,
1295 2941 1348 2994 scd
1363 2956 1422 2996 non
1433 2941 1552 2996 obstare
1567 2942 1709 3013 valentes,

1002 3031 1037 3085 El
1051 3031 1158 3098 mulce,
1175 3034 1203 3084 el
1218 3044 1321 3099 equae,
1332 3029 1510 3100 diversaque
1527 3047 1650 3086 munera
1673 3032 1789 3104 prebent,

964 3120 1043 3180 Clis
1067 3134 1178 3191 genero
1194 3116 1248 3185 t8l)
1265 3117 1379 3172 denaus
1394 3118 1506 3172 addens
1522 3136 1588 3183 sua,
1610 3121 1707 3176 classe
1727 3120 1808 3192 plata

1002 3209 1046 3262 Ad
1062 3223 1116 3261 sua
1132 3223 1198 3261 cum
1213 3221 1321 3277 magno
1337 3210 1507 3278 patremque
1524 3210 1638 3263 remisit
1649 3210 1757 3265 bonore.

1002 3295 1163 3350 Narmanni
1178 3295 1300 3349 comites
1317 3295 1471 3365 conquesti
1487 3311 1568 3365 saepe
1584 3298 1716 3352 vicissim

1001 3387 1027 3439 A
1042 3386 1117 3439 duce
1132 3384 1250 3439 tractari
1267 3400 1299 3438 se
1314 3387 1372 3437 tam
1389 3384 1463 3439 male
1476 3387 1594 3456 lamque
1610 3387 1736 3441 moleste.

1001 3474 1164 3529 Occuluere
1194 3473 1242 3527 diu
1259 3472 1385 3527 malelidi
1401 3474 1530 3543 pectoris
1546 3474 1619 3528 iram
1635 3476 1691 3542 (81)

1001 3562 1131 3616 Tandem
1146 3562 1280 3615 consiliis
1296 3561 1453 3615 tordanom
1468 3566 1549 3632 patre
1566 3563 1712 3618 Richards

1001 3650 1180 3721 Participant
1196 3655 1304 3720 nalum,
1321 3651 1424 3720 patruo
1440 3651 1528 3705 simul
1543 3651 1642 3706 omnia
1652 3652 1763 3723 pandant

1002 3738 1149 3794 llannullo
1165 3738 1273 3807 cornill,
1290 3753 1416 3808 quorum
1431 3739 1487 3793 sibi
1504 3742 1684 3795 consociatis

1001 3827 1056 3881 His
1071 3827 1101 3880 bi
1115 3827 1266 3897 praesidiis
1282 3827 1387 3880 Petrus
1403 3831 1430 3880 cl
1445 3826 1603 3883 Gotlredus
1617 3832 1714 3899 aperta

1000 3915 1107 3969 Mentis
1123 3916 1225 3970 fraude
1237 3915 1341 3969 aloem
1355 3930 1471 3985 coepere
1487 3917 1637 3973 lacessere
1654 3918 1741 3972 bellis.

1000 4005 1187 4075 Amissreque
1203 4020 1295 4075 nepos
1311 4006 1400 4058 lerrae
1416 4018 1529 4058 memor
1550 4006 1745 4077 Abagelardus
1757 3993 1822 4069 (83)

1000 4091 1094 4147 Filius
1112 4093 1309 4147 Unlrediteto
1327 4092 1478 4147 conanime
1494 4096 1586 4148 tentat

1000 4181 1142 4258 latestarc
1159 4182 1274 4251 ducem,
1295 4182 1377 4235 secio
1393 4181 1560 4253 Guidilone,
1577 4199 1708 4239 sororem

999 4269 1052 4324 Cui
1068 4269 1147 4324 dedit
1161 4284 1294 4337 uxorem,
1311 4285 1365 4324 uec
1379 4269 1541 4325 lietduinus
1557 4287 1661 4327 corum

999 4359 1097 4413 Doluit
1111 4358 1239 4427 auxiliis,
1258 4362 1284 4412 et
1299 4359 1400 4431 lingua
1416 4359 1522 4413 doctus
1534 4362 1563 4415 el
1577 4363 1679 4416 armis.

822 4470 907 4510 pum:
959 4445 984 4506 D
1000 4447 1054 4501 His
1071 4463 1171 4502 comes
1187 4447 1334 4502 Hauricus
1350 4463 1462 4516 cemes,
1479 4453 1507 4502 et
1522 4451 1656 4505 sociatus
1677 4448 1776 4504 Amicus

111 4533 211 4586 Altera
221 4532 371 4603 planitiem
384 4549 453 4605 pars
470 4534 591 4605 obtinet,
609 4539 700 4594 altera
716 4546 853 4613 montem,

107 4620 356 4692 aliquodcunque
379 4622 453 4676 velis
470 4627 587 4678 terrave
609 4627 719 4682 marive
736 4630 890 4685 ministrat.

111 4709 175 4762 Hac
188 4708 334 4779 acquisita
350 4710 437 4764 simul
453 4711 612 4782 acquisivit
626 4715 770 4787 Amalbn3

143 4919 200 4987 (76)
214 4920 319 4977 Gisulll
331 4922 479 4977 liebertus
491 4926 625 4981 sororius
640 4934 712 4984 erat.
734 4931 838 4990 Tanau.

143 4991 199 5061 (¹17)
215 4993 365 5048 Debemus
388 4994 602 5064 Amalphitanis
627 5001 744 5069 pyxidis
763 5006 888 5061 nauticae
903 5008 946 5061 in·

108 5063 285 5128 santionem,
300 5066 329 5119 et
343 5064 464 5136 Digesta
481 5066 649 5124 lastiniani.
668 5071 749 5127 Lara.

145 5132 202 5199 (78)
216 5134 304 5203 Troja
321 5135 349 5188 ia
365 5135 470 5205 Apulia
486 5138 558 5192 urbs
575 5140 637 5208 brit,
655 5157 722 5212 quaa
738 5146 816 5199 circa
838 5165 945 5204 annum

110 5202 213 5256 salutis
227 5203 307 5272 1016,
323 5221 339 5258 a
362 5206 509 5277 Catapano
526 5209 626 5264 Basilii
643 5215 670 5266 et
686 5216 874 5273 Constantini
889 5222 946 5274 lra-

108 5275 185 5325 trum
200 5272 351 5329 Constant.
369 5277 474 5347 lmper.
492 5284 625 5336 extructa
640 5286 695 5353 est,
713 5289 740 5339 cl
756 5293 858 5358 postca
871 5292 947 5361 Apu-

109 5340 158 5395 liae
175 5346 261 5411 caput
276 5344 339 5398 luit.
356 5346 460 5404 Tmen.

132 5410 202 5494 ,(79)
231 5414 439 5496 Αεοᾳοπιγυη
467 5422 576 5492 dicere,
607 5440 743 5499 magnam
773 5430 945 5502 Langobar-

109 5481 177 5551 dos,
208 5484 236 5536 et
274 5484 404 5563 laganae
440 5495 552 5560 partem
585 5496 743 5569 tenentem,
769 5517 785 5556 a
808 5518 866 5574 quo
898 5503 947 5558 dc-

109 5553 258 5687 {qendunt
281 5555 430 5626 principes
464 5561 714 5639 Brunsvicenses,
739 5573 766 5627 et
790 5573 945 5632 Estenses

159 5643 196 5683 m.

1000 4537 1117 4591 Doctior
1131 4537 1178 4590 bis
1191 4536 1291 4591 aderat
1307 4536 1453 4591 tlobertus
1469 4538 1505 4591 dc
1521 4538 1665 4594 Scabiosa
1681 4539 1729 4608 181]

999 4625 1096 4680 lllonte
1113 4640 1213 4679 comcs
1229 4625 1336 4694 dictus,
1352 4624 1483 4681 (toffredi
1497 4625 1600 4696 trater,
1618 4632 1646 4683 et
1657 4629 1733 4681 ambo

1001 4714 1128 4768 Deduxit
1143 4714 1261 4768 rediens
1277 4713 1311 4767 ad
1327 4713 1403 4768 bella
1420 4714 1569 4783 pedestria
1586 4719 1747 4787 promptos:

1035 4943 1093 5014 (80)
1116 4943 1271 4999 Michaelis
1293 4944 1407 5000 scilicet
1425 4943 1520 5015 ducas,
1538 4947 1590 5017 qui
1614 4962 1679 5001 cum
1701 4941 1800 5021 Dite?

1000 5031 1092 5088 gnare
1116 5017 1248 5084 emporii,
1271 5019 1299 5069 ct
1327 5031 1403 5070 anno
1433 5015 1502 5070 tote
1521 5017 1678 5087 imperium
1699 5005 1795 5070 careal

1000 5087 1096 5141 medio
1112 5089 1242 5154 tempore
1257 5086 1312 5140 boc
1324 5086 1488 5156 contigisse
1502 5092 1646 5158 opportet.
1664 5089 1733 5142 Leia
1820 5150 1822 5155 Ι

1036 5156 1092 5223 tel)
1106 5157 1254 5212 Generum
1271 5157 1352 5211 luera.
1741 5195 1744 5205 .
1777 5215 1782 5226 ,

1035 5228 1091 5296 (81)
1104 5228 1177 5281 Odia
1184 5228 1344 5297 praesentis
1352 5232 1448 5282 status
1458 5228 1588 5300 Respuit.
1600 5233 1789 5293 mutantursrn·

999 5298 1263 5353 bilTacil.Tmnu.
1751 5363 1755 5372 ⁵
1819 5306 1822 5369 t

1035 5367 1091 5437 (83)
1106 5369 1220 5423 Mortuo
1233 5368 1366 5423 [fulredo
1381 5369 1577 5440 Bagelardum
1589 5371 1630 5426 illi
1641 5371 1788 5426 successsit

1000 5441 1261 5565 pzlugquscribuqt,
1284 5444 1312 5493 et
1334 5456 1436 5564 eurqa
1460 5441 1625 5565 prirqpipatu
1648 5441 1791 5512 dejectum·

1002 5513 1091 5651 ”lab
1109 5526 1257 5637 rann
1272 5514 1600 5655 illitteralis
1630 5587 1657 5640 a
1676 5573 1795 5639 alana

1002 5652 1125 5713 eobani
1139 5668 1175 5711 ex
1189 5668 1294 5714 sorore
1310 5656 1444 5727 nepotes.
1461 5652 1569 5712 Trana.
