3900 6112
154 286 157 291 ·
204 254 282 318 ime
697 252 891 316 DURANDI
918 252 1102 316 ABBATIS
1123 253 1421 319 TROARNENSIS
1838 258 1911 323 1375

200 452 325 508 quorum
345 435 473 491 celebris
496 437 562 490 leus
583 439 724 505 personet
747 436 777 489 in
792 434 913 499 ultimis.
937 437 968 490 ut
991 437 1093 502 eredo,
1117 439 1206 492 terrm
1221 436 1340 492 fluibus.
1359 436 1446 493 Telos
1461 437 1562 493 socios
1574 436 1613 491 ed
1628 436 1813 509 colloquium
1828 439 1910 512 elegi,

200 508 228 562 in
244 508 350 564 horum
365 507 559 562 contubernio
575 508 729 562 veritatem
748 509 776 560 cl
790 507 965 576 sapientiem
989 508 1104 577 inveni3
1125 508 1249 579 ideoque
1271 523 1390 578 semper
1407 509 1540 580 gaudens
1563 511 1703 578 optabam
1720 524 1825 564 eorum
1847 527 1910 567 ceu·

199 579 287 649 siliis,
303 578 425 650 pertrui.
445 600 456 628 ι

881 648 922 702 Et
936 648 989 703 lib.
1005 665 1066 719 vui,
1080 665 1148 720 pop.
1165 649 1227 703 676.

237 770 247 795 ιι
265 747 422 802 lturnndus
438 746 635 801 Troornensis
651 746 744 800 chloes
760 746 950 817 grondcevus
978 747 1014 801 eb
1031 746 1152 800 intentio
1167 748 1340 816 inonachus,
1358 747 1502 820 religione
1526 751 1555 804 et
1570 749 1716 819 sapientie
1738 748 1910 831 proecipuus,

199 818 395 873 ecclesiastici
411 821 514 872 conius
529 823 558 872 et
578 817 668 872 divini
685 817 832 888 dogmatis
854 816 959 871 doctor
973 817 1183 885 peritissimus,
1202 818 1259 872 sibi
1284 819 1378 873 durus
1394 819 1538 888 carnifex,
1556 821 1686 892 aliisque
1705 820 1787 874 mitis
1810 820 1908 889 opiter,

199 893 265 1013 ppei
279 889 388 944 inultos
403 890 432 941 in
449 889 501 942 llci
517 889 596 943 cultu
612 887 741 956 labores,
757 889 787 941 in
802 887 909 942 lectum
923 888 1072 957 decubuit,
1089 892 1118 942 et
1129 890 1213 957 liene,
1231 893 1261 943 ut
1275 891 1408 960 prudeus
1423 894 1452 944 ct
1463 891 1559 945 fidelis
1570 907 1695 960 serene,
1705 891 1750 945 iro
1760 891 1798 944 nd
1809 890 1908 947 cumani

225 962 314 1015 omini
331 960 377 1014 sui
391 963 522 1029 perotus,
539 976 570 1013 ιιι
585 958 655 1013 Idus
671 957 823 1014 Februarii
833 959 869 1014 de
885 959 997 1015 saeculo
1010 959 1157 1030 migravit.
1178 983 1188 1006 u

899 1056 1014 1112 Deinde
1025 1062 1092 1127 post
1103 1073 1195 1127 peuce
1213 1078 1221 1111 :

235 1177 246 1203 ι
265 1154 459 1208 l'cnercbiles
475 1153 614 1223 discipuli
631 1153 747 1225 glebam
764 1154 897 1224 religiosi
913 1153 1044 1208 (lectoris
1058 1154 1086 1207 in
1103 1155 1230 1224 capitulo
1242 1170 1298 1210 suo
1312 1156 1690 1225 reverentersepclierunt,
1709 1159 1740 1211 et
1755 1155 1785 1209 in
1801 1155 1911 1211 candido

198 1225 293 1295 lepide
311 1225 360 1295 qui
376 1226 551 1295 suppositus
567 1228 623 1293 est,
640 1225 819 1295 epitaphium
835 1226 890 1279 hoo
905 1225 1081 1279 addiderunt
1098 1241 1104 1279 :
1124 1250 1135 1273 ι

551 1321 613 1375 Hoc
631 1323 744 1393 tepitm·
760 1321 856 1375 tumbe
873 1322 966 1376 lienus
981 1328 1010 1376 ct
1029 1322 1212 1377 venerabilis
1227 1323 1314 1392 ebbe,

588 1392 756 1459 Durmndus,
775 1394 872 1447 nostri
888 1409 988 1447 norme
1002 1395 1190 1448 monosterii.

551 1464 600 1518 Ac
614 1464 733 1519 Doinini
745 1463 861 1518 leudem
874 1470 1055 1534 presentem
1071 1464 1203 1519 condidit
1218 1464 1322 1535 codem,

590 1535 650 1599 Qun
666 1534 727 1588 sibi
740 1536 898 1605 propitium
915 1535 1066 1589 credimus
1080 1551 1147 1589 csse
1164 1534 1265 1589 ileum.

553 1605 629 1659 Luco
644 1605 700 1659 snb
715 1605 830 1659 urrclone
845 1604 959 1659 Februi
974 1605 1124 1660 resolutus
1141 1605 1257 1661 lichene

589 1676 709 1744 Cernis,
725 1676 763 1729 nd
777 1675 941 1747 nnpcliccm
956 1677 1102 1748 diripitur·
1113 1677 1252 1747 putrium.

598 1997 987 2139 nomm
1017 1997 1529 2138 DURANDI

825 2203 987 2257 itineris
1006 2203 1278 2259 Tuonnnunsls

200 2350 438 2494 LIBER
464 2348 562 2489 ΕΕ
596 2344 964 2490 CORPORE
1007 2347 1105 2488 ET
1145 2347 1552 2495 SANGUINE
1589 2349 1905 2493 CHRISTI

521 2562 700 2628 CONTRA
727 2559 1051 2626 cicuitu-iulum
1077 2561 1131 2625 ΕΤ
1156 2560 1264 2626 EJUS
1289 2557 1577 2626 SEOTATOR-ES

196 2710 357 2778 (Girumu.
384 2705 519 2759 Votorum
535 2703 659 2757 Petrum
674 2701 872 2777 Bibliotheca,
889 2704 909 2754 t.
926 2700 1001 2769 XIV,
1017 2716 1085 2772 pag.
1101 2700 1163 2771 245,
1179 2718 1216 2756 ox
1232 2702 1333 2757 codice
1349 2718 1405 2756 ms.
1423 2702 1612 2757 bibliotheca·
1629 2702 1735 2757 domni
1755 2703 1850 2775 uiget,
1865 2672 1907 2755 llo·

706 2772 911 2844 thomngensis
927 2773 1019 2826 curiae
1034 2779 1217 2827 monetarum
1233 2774 1406 2844 senatoris.)

830 3038 1277 3155 PROOEMIUM

195 3300 353 3355 Doctorum
370 3299 493 3352 cunctos
507 3293 590 3348 labor
604 3295 650 3348 est
668 3291 816 3364 inquirere
832 3291 936 3355 libroS,
1079 3289 1188 3344 Verum
1203 3305 1240 3344 nc
1256 3289 1343 3345 nobis
1359 3292 1597 3346 succensendum
1611 3294 1730 3350 temere
1744 3294 1812 3366 quis

195 3389 233 3444 Ut
249 3388 415 3442 divinorum
430 3400 497 3455 qum
513 3384 551 3437 sil
561 3382 727 3436 substantie
739 3396 839 3434 rerum
1077 3378 1190 3432 ideirco
1202 3381 1291 3447 retur,
1308 3378 1386 3449 queri
1401 3381 1637 3450 prmsumpsissc
1652 3382 1798 3438 videmur

196 3479 260 3532 ltito
277 3475 341 3545 copi
356 3473 460 3541 veloci,
479 3472 535 3525 sub
551 3470 645 3524 formo
656 3469 742 3540 ponis
757 3472 857 3538 operto
1076 3466 1168 3534 Telio,
1185 3467 1279 3521 discet
1294 3482 1349 3522 nos
1365 3468 1454 3521 mullo
1469 3469 1656 3539 improbitate
1674 3474 1813 3541 coactos,

194 3567 237 3619 Ae
254 3564 332 3632 vini3
348 3578 425 3632 qum,
441 3562 509 3630 pest
525 3574 609 3613 secra
623 3558 723 3627 verim,
741 3557 839 3612 crucis
854 3573 971 3628 quoque
986 3557 1025 3612 si·
1076 3555 1142 3609 lem
1157 3571 1210 3625 per
1224 3554 1406 3611 Francorum
1421 3556 1497 3611 fines
1513 3560 1541 3611 et
1556 3562 1657 3613 oestro
1674 3565 1840 3633 vagantum

875 3644 988 3717 [gnum
1076 3643 1338 3699 Schismaticorum
1353 3644 1480 3701 haercsis
1498 3661 1550 3715 per
1565 3661 1644 3716 quos
1661 3650 1758 3720 coepit
1773 3666 1844 3706 nom
1857 3663 1900 3703 no·

196 3743 244 3798 Nil
257 3743 334 3796 eliud
351 3743 419 3795 sunt
434 3754 521 3812 quom
533 3754 601 3792 coro
613 3752 692 3806 vcro,
710 3752 798 3790 cruor
807 3750 924 3806 queque
933 3751 1025 3790 verus
1799 3739 1874 3812 tetris

195 3833 237 3887 De
252 3848 323 3886 vero
339 3830 449 3885 Christi
464 3827 617 3900 regnantis
631 3841 756 3897 corpore
772 3825 916 3894 inustus,
1076 3823 1282 3894 Temporibus,
1300 3825 1469 3879 venerenda
1491 3839 1608 3895 negans
1630 3828 1782 3896 mysterio
1799 3824 1900 3885 Christi,

193 3922 232 3977 Ul
248 3936 350 3993 regern
360 3934 465 3991 rogum
480 3918 609 3972 decetne
625 3916 779 3970 Dominum
791 3915 988 3969 dominorum.
1076 3914 1221 3969 Ecclesiae
1236 3914 1346 3985 quibus
1361 3914 1436 3967 nime
1451 3913 1527 3968 tides
1540 3913 1625 3985 vigel
1637 3915 1700 3970 olto
1715 3916 1859 3973 decenter.

134 4004 141 4015 “
194 4011 257 4065 Sint
273 4011 383 4064 idcirco
400 4009 472 4062 sotis
489 4007 553 4061 haec
568 4008 668 4060 nostro
685 4006 781 4059 miuus
798 4004 952 4073 studiosis,
1075 4005 1233 4073 Propterea
1249 4004 1279 4057 ut
1294 4002 1382 4056 vilem
1399 4004 1564 4073 sapientum
1581 4019 1671 4057 nemo
1695 4005 1829 4062 laborem

194 4101 235 4154 llo
251 4100 351 4155 mullis
366 4099 488 4152 Petrum
504 4096 588 4150 libris
604 4098 742 4162 excerpto
757 4093 898 4159 priorum.
1077 4093 1190 4161 Rident,
1208 4092 1286 4146 huuc
1300 4097 1434 4146 nostrum
1447 4090 1548 4146 mullis
1559 4090 1657 4147 lcteor
1669 4093 1854 4164 placiturum.
1937 4078 1941 4151 1

193 4189 225 4244 In
242 4190 350 4260 quibus
366 4190 394 4241 et
409 4186 478 4240 sulci
493 4183 709 4256 ingerentem,
725 4186 753 4235 ot
764 4181 918 4236 brevitatis
1074 4180 1188 4252 Optime
1203 4196 1329 4253 nomque
1346 4180 1463 4234 Petrum
1479 4180 1618 4250 decerpsi
1634 4182 1718 4237 dicto
1735 4185 1857 4254 priomu

193 4278 353 4334 Concinnee
370 4275 480 4330 utilitas
497 4288 555 4327 non
571 4287 660 4343 parvo
676 4271 762 4324 <latur
778 4270 937 4339 recitando,
1075 4269 1206 4324 Sinccrm
1221 4268 1299 4338 ilelci,
1312 4268 1348 4323 de
1364 4284 1452 4323 corne
1468 4273 1495 4324 ot
1508 4270 1658 4340 sauguine
1677 4270 1802 4341 Christi,

192 4367 316 4420 Tantum
333 4363 521 4434 simplicibus
535 4377 541 4429 3
568 4361 717 4430 sepientes
741 4374 829 4429 porro
849 4362 1021 4429 sequnntur,
1074 4360 1169 4428 Atque
1183 4358 1240 4415 hoe
1255 4358 1387 4428 inpnrvo
1402 4358 1543 4430 congessi
1557 4360 1652 4415 mulin
1670 4359 1788 4416 libello.

192 4457 235 4509 Ac
251 4453 349 4508 studio
365 4452 430 4506 freti
446 4450 559 4521 potiora
575 4448 701 4520 legendo
718 4447 828 4518 cnpnoi.

1592 4573 1885 4610 ’ζ’-’5
1939 4580 1941 4587 ·

855 4729 1040 4811 lNGlPll'
1069 4729 1217 4808 ΕΙΒΕΕ

573 4889 796 4981 nomm!
853 4885 1164 4978 uURANol
1223 4880 1516 4975 ABBATlS

481 5058 562 5175 ΕΕ
602 5056 875 5175 CORPORE
902 5056 977 5170 ΕΤ
1016 5052 1325 5170 SANGUINE
1362 5050 1590 5169 DOMINI

481 5432 583 5488 PARS
596 5430 730 5487 Pltllln.
1074 5430 1168 5494 roret,
1185 5426 1301 5496 oportet
1316 5424 1342 5479 ei
1358 5438 1413 5478 nos
1427 5421 1578 5478 resistcre
1599 5421 1697 5479 lorice
1713 5424 1743 5478 in
1762 5410 1879 5509 lieni&
1928 5438 1942 5489 e

227 5517 399 5586 {Quoniam
410 5521 528 5592 quidem
539 5524 679 5575 veternus
693 5518 801 5588 hostis,
814 5516 951 5571 inimicus
967 5516 1023 5571 liu·
1071 5530 1128 5585 (pue
1142 5528 1267 5583 prorsus
1286 5515 1332 5567 est
1347 5510 1532 5582 impossihile
1548 5510 1613 5567 Deo
1626 5510 1759 5582 pleoerc.
1775 5506 1812 5563 Ee
1822 5508 1879 5559 em!

191 5611 271 5671 moni
286 5609 419 5683 generis,
444 5613 472 5664 el
485 5609 632 5665 homicide
648 5607 788 5676 erudelis,
809 5606 896 5677 juxte
920 5620 1025 5662 vocem
1071 5604 1117 5658 est
1127 5618 1194 5675 qum
1204 5601 1342 5657 virtutem
1353 5599 1420 5672 cius
1436 5599 1528 5670 elidit,
1541 5600 1756 5670 procacitatem
1765 5584 1878 5654 obtimi.
1926 5618 1942 5685 el

190 5698 367 5781 apostolico
374 5696 400 5755 si
408 5697 455 5756 leo
466 5698 590 5773 rupices
596 5697 733 5755 circumit
739 5710 876 5773 querens
882 5709 965 5771 qoem
974 5693 1024 5751 ‹le-
1072 5694 1159 5766 etque
1173 5691 1210 5748 de
1224 5706 1260 5748 co
1274 5689 1436 5748 victoriose
1449 5687 1616 5763 triumphet
1628 5688 1818 5765 braviumque
1827 5677 1877 5734 vil·
1924 5686 1942 5757 l
