3900 6112
124 277 204 343 1523

626 273 817 335 EBRARDI
830 271 1096 336 WATINENSIS
1121 273 1333 337 CANONIGI.

1758 272 1837 339 1521

125 473 344 530 iternmeadern
363 471 738 540 confirmat-Quofacto,
755 471 891 543 sequenti
903 471 961 538 dic,
978 455 1003 507 Α
1018 473 1339 543 pedesaflabebantur;
1355 475 1514 529 tumeliam
1530 493 1545 530 a
1563 479 1639 531 tecto
1655 476 1852 547 perlegales,

130 562 160 618 id
174 566 220 617 est
233 562 319 616 tertia
348 560 465 614 feriain
493 562 679 627 Pentecoste,
706 560 846 614 dilatione
875 559 963 613 unius

127 652 225 706 noctis
241 650 355 717 medioe,
376 650 456 703 venit
478 649 619 717 loannes,
637 653 664 702 et
690 648 781 718 hujus
795 648 962 701 traditionis

126 739 271 810 majorem
286 738 382 792 adhuc
397 737 484 791 fidam
501 737 644 802 facturus,
657 736 800 808 quidquid
816 737 923 807 Bergis
933 737 963 789 in

127 843 278 883 concessu
289 827 435 897 judicum,
451 827 481 879 in
497 825 592 880 oculis
604 825 848 895 jurisperitorum
875 827 902 877 et
918 829 962 878 te-

127 917 218 971 stium
239 915 327 981 dono,
342 915 540 983 stipulatione,
566 918 639 977 rato,
665 915 815 983 promisso
834 928 868 966 ac
891 913 963 966 lide-

125 1002 729 1077 jussionefecerat,totumrepetitoordine
739 1001 798 1056 Deo
809 1005 835 1055 et
850 1000 962 1055 sanctis

128 1092 196 1165 ejus
208 1093 331 1147 Nicolao
343 1096 370 1145 et
384 1091 522 1146 ltiohario
532 1089 588 1160 (11)
599 1091 634 1144 ad
647 1106 734 1144 usum
743 1088 962 1144 eccleeiaeGua-

127 1181 427 1238 tinensisbenovolus
438 1181 468 1234 in
477 1180 561 1233 altari
575 1178 962 1243 renovavil,0btulit,manu·

127 1267 962 1338 misitCuisecundaetraditionijuveniscomesltobertus

128 1360 333 1414 filiusccmitis
347 1357 470 1412 lloberti
480 1357 616 1411 Frisonis
627 1357 663 1410 ad
675 1357 731 1410 boc
743 1358 883 1425 apatreet
897 1355 963 1409 avia

129 1448 260 1503 directus
270 1447 413 1514 interfuit,
424 1451 451 1500 et
461 1446 538 1499 sicut
550 1445 679 1498 scientes
689 1446 729 1498 uti
747 1444 874 1515 legibue,
891 1459 962 1497 cau-

126 1539 187 1592 tius
201 1536 396 1604 dictaverunt,
416 1533 552 1588 videlicet
567 1534 687 1602 tionum,
704 1533 921 1603 stipulationes,
934 1535 962 1585 et

129 1632 236 1681 caetera
261 1642 326 1695 quae
344 1625 373 1678 in
398 1623 571 1694 hujusmodi
593 1623 657 1676 ficri
673 1622 887 1692 competebant,
905 1626 962 1674 tam

124 1713 311 1786 ,iussuquarn
323 1714 386 1767 vice
398 1712 490 1782 patris
502 1710 597 1782 adjus
617 1711 754 1765 ecclesiae
772 1715 884 1765 nostrae
899 1709 961 1762 vin-

47 1816 49 1821 ·
128 1803 232 1858 dicans
249 1803 392 1872 suscepit.

1017 565 1077 615 tum
1088 578 1140 631 per
1150 562 1320 632 impluvium
1337 563 1433 632 ipsius
1440 565 1552 635 tugurii
1562 569 1655 619 semet
1666 565 1790 635 penduli
1807 581 1853 619 ca-

1015 651 1125 720 pitibus
1144 651 1274 705 inversis
1289 652 1523 722 praecipitabant,
1545 653 1712 708 domestica
1726 653 1853 725 quadam

1015 739 1212 794 familiaritate
1238 740 1363 795 lectulos
1391 741 1586 811 quorumdam
1600 743 1810 807 ascenderent,
1827 749 1854 797 et

1015 817 1092 882 facto
1107 828 1250 883 foramina
1266 829 1296 883 in
1311 829 1413 884 orbem
1427 831 1502 884 intra
1517 833 1619 886 vestes
1635 847 1670 885 se
1682 832 1740 885 sibi
1759 831 1853 901 impli-

1015 920 1126 970 carent.
1159 917 1216 970 Ubi
1233 918 1259 970 si
1285 918 1402 989 quando
1425 919 1659 988 reperiebantur,
1690 935 1750 974 non
1767 922 1854 990 quasi

1015 1005 1193 1074 deprehensi
1208 1006 1337 1061 latebras
1353 1008 1535 1077 quaerebant,
1554 1009 1609 1062 sed
1623 1009 1707 1064 velut
1725 1008 1854 1063 officiosi

1016 1095 1159 1148 servitute
1170 1096 1353 1164 parentcsda
1368 1098 1477 1150 mutato
1493 1097 1558 1151 loco
1581 1112 1619 1150 ex
1641 1096 1736 1152 latere
1747 1098 1785 1151 ad
1800 1097 1855 1151 he·

1017 1198 1080 1235 ram
1097 1183 1202 1253 maj0ri
1219 1183 1324 1238 cedere
1340 1185 1525 1239 videbantur.
1542 1184 1753 1240 Observabant
1768 1188 1853 1241 etiam

1016 1270 1169 1325 reficiendi
1184 1274 1309 1340 tempus,
1335 1287 1372 1325 ne
1387 1272 1435 1327 vel
1449 1274 1604 1342 prandium
1619 1275 1669 1329 vel
1685 1291 1773 1328 coena
1789 1278 1851 1330 sine

1015 1358 1132 1413 illorum
1148 1360 1303 1430 participio
1319 1361 1467 1427 transiret,
1477 1363 1527 1433 qui
1543 1363 1639 1433 ipsam
1656 1364 1853 1418 mensamali·

1016 1448 1704 1520 quand0,sicutdocti,soandereparabant,nisi
1715 1452 1852 1507 violentia

1016 1540 1064 1590 aut
1072 1538 1194 1591 incusso
1206 1542 1318 1593 terrore
1329 1540 1555 1594 arcerenturfta
1567 1541 1632 1595 dies
1644 1541 1851 1612 deimprovisa

1015 1641 1117 1679 eorum
1141 1627 1341 1697 ingressione,
1360 1627 1408 1681 ubi
1437 1628 1536 1683 minus
1550 1630 1662 1684 adesse
1678 1631 1854 1700 putabantur

1017 1713 1319 1782 formidolosi,noctes
1328 1731 1399 1770 vero
1409 1719 1527 1772 omnino
1540 1721 1695 1789 suspectae
1707 1720 1853 1774 duceban-

1013 1805 1070 1857 tur.
1083 1803 1156 1867 Quia
1168 1803 1245 1856 enim
1269 1804 1334 1858 haec
1356 1804 1480 1875 reptilia,
1504 1812 1618 1876 prouta
1639 1808 1850 1874 referentibus,

165 1892 307 1947 Xl'lll.—
323 1891 370 1944 Sic
382 1889 541 1944 Guatensis
551 1888 679 1942 ecclesia
689 1887 827 1941 allodium
837 1886 960 1941 loannis
976 1916 1000 1970 Β
1015 1891 1301 1962 quitalianovcrunt,
1313 1894 1850 1965 contigissoinnotuit,apertisoribus

130 1981 346 2047 AtrebatensiS,
359 1976 789 2048 quodinjamdictisparccbiis
805 1975 961 2045 possidere
1014 1979 1220 2034 dormientium
1238 1979 1335 2035 solent
1353 1982 1498 2051 insidiari,
1516 1989 1546 2038 ut
1561 1985 1662 2040 sicubi
1678 1985 1758 2048 laxa,
1780 1987 1851 2041 sicat

127 2067 621 2138 videbatur,persaepenominatam
636 2065 775 2118 feminam
790 2063 960 2134 aequisivit,
1015 2068 1166 2137 sst‚solutis
1184 2084 1292 2139 sopore
1312 2070 1456 2125 membris
1474 2072 1714 2143 observaverint,
1728 2091 1849 2146 corpora

128 2173 248 2231 proquo
260 2157 595 2226 percoutinuosnovem
606 2152 962 2207 annossiucromissione
1016 2156 1142 2210 humana
1166 2158 1380 2228 ingrediantur,
1407 2160 1458 2213 vix
1486 2161 1560 2215 satis
1590 2165 1849 2219 tutumeraldor·

128 2245 439 2320 praescriptasdecam
468 2243 561 2297 libras
578 2243 614 2296 ad
638 2243 752 2295 libitum
781 2240 961 2310 accipientes
1016 2245 1100 2310 mire,
1118 2246 1176 2299 nisi
1192 2246 1357 2301 mundioris
1381 2247 1509 2318 alicujus
1525 2250 1650 2304 brandei
1668 2252 1791 2322 glomus
1806 2269 1851 2308 ora

128 2336 359 2392 numeravimus.
377 2333 496 2386 Decimo
509 2334 603 2385 autern
620 2346 697 2385 anno
714 2346 779 2383 oum
794 2329 963 2399 priusuxor
1015 2334 1170 2404 compilata
1185 2338 1234 2388 aut
1249 2334 1341 2388 facies
1356 2335 1500 2391 velamine
1517 2337 1716 2394 obvolvisset.
1732 2342 1855 2412 Siquan-

127 2424 196 2498 ejus
213 2424 451 2489 defunctaessot,
466 2419 751 2489 etipseinterfectus
763 2422 818 2486 cst,
836 2417 962 2472 sedante
1015 2422 1052 2476 do
1068 2438 1149 2490 vero,
1170 2423 1248 2493 quod
1264 2440 1300 2477 ex
1315 2427 1418 2478 natura
1433 2426 1492 2494 pati
1507 2442 1567 2481 non
1581 2432 1725 2497 possunt,
1744 2430 1851 2502 frigore

128 2511 413 2569 solutisilliusanni
430 2527 445 2564 c
462 2511 567 2577 scutis,
585 2509 675 2562 debiti
697 2507 792 2561 nostri
821 2508 961 2577 quinqua,
1015 2514 1064 2565 aut
1079 2512 1157 2565 aeris
1171 2511 1267 2582 aliqua
1283 2512 1519 2569 incommoditate
1547 2532 1563 2569 a
1594 2517 1731 2573 latebras
1759 2521 1851 2575 redire

128 2604 197 2675 quia
213 2603 248 2656 αθ
264 2600 397 2655 decentis
426 2599 493 2669 plus
514 2598 612 2651 minus
638 2597 725 2650 libris
748 2597 774 2649 ei
789 2612 806 2649 n
821 2596 963 2664 principio
1017 2600 1764 2678 compellebantur,videresalicspalisacsudibus,
1782 2610 1851 2663 alios

129 2690 379 2747 conventionisac
388 2688 529 2757 deinceps
539 2703 593 2756 per
609 2686 745 2757 singulos
756 2700 860 2753 annos,
877 2687 906 2737 ul
917 2699 964 2737 110·
1016 2689 1137 2758 perticis
1154 2706 1187 2742 ac
1203 2690 1350 2759 lapidibus
1365 2695 1494 2745 armatos
1518 2693 1692 2763 exploratas
1716 2700 1852 2752 tavernas

127 2780 268 2846 tavimns,
282 2780 446 2847 computes,
458 2776 631 2829 constitisse
644 2773 858 2828 nobiseasdem
869 2777 964 2826 terras
1018 2778 1166 2846 obsidere,
1184 2782 1212 2832 ct
1227 2794 1292 2832 curn
1307 2779 1436 2849 desuper
1450 2781 1486 2835 ab
1511 2782 1576 2836 aliis
1602 2783 1640 2837 de
1656 2787 1852 2857 sterquiliniis

129 2871 195 2924 ante
208 2871 330 2922 morlain
341 2865 465 2920 loannis
483 2864 628 2932 invenies,
640 2865 667 2917 si
677 2863 713 2916 ad
725 2862 837 2932 primas
849 2864 965 2915 centum
1018 2868 1396 2939 comprimerentur,agredi
1405 2868 1856 2941 ab2aliisexceptidiversismor.

126 2950 965 3023 librasnoviesdecemlibrassupputatisetsomelcentnm
1016 2956 1096 3010 tibus
1112 2956 1388 3010 exterminarentur.
1401 2956 1459 3010 Sed
1476 2974 1542 3012 cum
1557 2974 1613 3014 nos
1627 2960 1712 3015 licus
1729 2964 1767 3016 ad
1783 2965 1852 3018 banc

128 3048 234 3104 solidis
243 3046 273 3099 in
284 3046 339 3098 hac
351 3044 570 3113 conscriptione
582 3041 720 3095 facillime
734 3046 832 3094 taxare
840 3039 962 3109 potaris.
1016 3043 1224 3100 habitationem
1231 3044 1279 3099 lue
1290 3042 1438 3099 mortifera
1450 3045 1551 3101 mrsu„
1561 3051 1790 3121 extergendam,
1800 3053 1853 3107 imo

128 3137 245 3203 Queeita
257 3135 345 3203 scire,
363 3136 393 3186 ut
404 3133 671 3203 supraposuimus,
698 3145 767 3184 reor
782 3144 841 3184 non
856 3127 960 3195 oberit,
1015 3133 1052 3188 ad
1067 3150 1130 3188 suae
1147 3135 1309 3187 mansionis
1333 3136 1517 3204 receptacula
1533 3137 1563 3190 in
1578 3138 1670 3193 nobis
1687 3141 1853 3195 mundanda

127 3226 186 3280 imo
198 3229 225 3279 et
235 3229 302 3294 post
312 3222 405 3277 exillo
417 3222 463 3275 dic
479 3221 609 3275 camdem
626 3219 851 3289 possessionem
867 3216 997 3314 solidaC
1015 3226 1221 3291 convocasset,
1235 3221 1852 3293 hujusmodiportentaetiamclaustrinos·

128 3318 157 3370 et
169 3315 266 3385 quiete
282 3312 479 3367 nostenuisse
495 3310 571 3380 apud
588 3309 756 3363 memoriam
773 3311 960 3377 posterorum
1014 3311 1052 3365 tri
1062 3312 1267 3381 penetraliaita
1276 3312 1378 3381 pervio
1395 3312 1480 3382 lapsu
1492 3314 1651 3384 aliquande
1660 3319 1852 3386 permeabant

129 3403 250 3459 multura
268 3418 358 3456 nosse
374 3401 514 3471 proderit.
1014 3400 1157 3455 utsedilia
1168 3400 1291 3454 fratrum
1309 3402 1420 3471 saepius
1436 3408 1627 3473 occuparent,
1649 3408 1852 3478 promptuaria

164 3493 244 3547 xlx.
255 3488 578 3545 Variiscalanritatibus
588 3487 747 3540 turbantur
760 3485 960 3539 l'lsatinenscs.
1015 3487 1221 3559 irrumperent,
1237 3489 1301 3544 vias
1316 3490 1573 3547 deambulantibus
1589 3491 1770 3564 frequenter
1778 3497 1852 3566 sepi·

129 3574 963 3650 -llujusmodicastranensisprovectusquosnacto·
1015 3581 1090 3632 rent,

129 3663 963 3734 nusnotavimus‚nolrcnefrciisftaiingratiessemussem-
1052 3665 1153 3720 XX.-
1164 3664 1233 3720 Erat
1246 3665 1445 3737 tuncjuvenis
1457 3667 1576 3738 quidam
1588 3669 1737 3727 internos
1753 3673 1850 3741 frater,

129 3758 284 3829 pcraliqrur
297 3755 490 3809 amaritudine
501 3755 747 3824 aspergebantur,
764 3769 800 3807 ne
815 3752 861 3806 vel
878 3752 962 3804 mini-
1015 3753 1341 3823 divino,credo,impetu
1350 3756 1467 3810 caeteris
1475 3757 1627 3828 audacior,
1644 3761 1699 3830 qui
1712 3767 1851 3833 quotquot

129 3862 211 3901 muni
226 3849 401 3899 nasceretur
426 3843 621 3908 commodum,
646 3842 722 3912 quod
739 3858 796 3895 non
812 3842 908 3912 aliqua
925 3857 961 3895 ex
1015 3842 1259 3912 offendebat,aliis
1269 3858 1323 3913 pro
1336 3844 1399 3899 solo
1408 3845 1474 3899 visu
1483 3847 1688 3915 pavitantibus
1699 3851 1852 3906 immiseri-

128 3939 214 4007 partc
223 3934 310 3989 nobis
322 3934 404 3987 frerct
414 3933 671 3987 incommodatum.
685 3932 783 3985 l'rimo
808 3931 885 3984 enim
896 3946 961 3984 orn·
1014 3932 1143 3987 corditer
1152 3932 1301 3987 multabat.
1313 3933 1356 3987 De
1367 3949 1424 4004 quo
1436 3935 1503 4004 quia
1514 3935 1655 3990 resitase
1665 3937 1764 4006 offert,
1771 3940 1851 4009 joco.

129 4026 379 4095 niunr,postquam
390 4023 485 4077 anima
498 4038 553 4076 una
564 4026 591 4076 et
602 4037 653 4075 cor
664 4022 790 4074 ununrin
804 4020 863 4074 fleo
873 4021 960 4074 nobis
1013 4035 1079 4074 sum
1097 4021 1275 4091 triumphum
1301 4021 1390 4075 simul
1405 4037 1439 4076 ac
1454 4025 1646 4079 memorabile
1664 4042 1779 4095 ponere
1797 4045 1850 4083 non

128 4117 345 4183 esseooepernt,
362 4113 499 4166 unitatem
516 4110 639 4180 spiritus
664 4109 858 4164 dissentionis
878 4124 959 4181 aegre
1012 4108 1049 4163 ab
1065 4109 1186 4178 reduxi,
1197 4110 1306 4164 utdum
1317 4113 1389 4164 aetas
1405 4110 1507 4181 junior
1526 4116 1697 4168 constantia
1713 4117 1853 4187 simplici·

126 4203 238 4274 ferens,
264 4203 332 4273 quia
349 4204 460 4255 mutare
488 4199 650 4271 cogebatur
679 4198 849 4268 hospitium,
867 4199 959 4251 amica
1013 4199 1081 4253 tatis
1098 4199 1222 4268 qualiter
1237 4199 1363 4268 impulsa
1377 4199 1481 4254 nescio
1496 4199 1566 4270 quid
1583 4200 1702 4273 iecerit,
1721 4221 1851 4276 maqores

126 4288 959 4359 sumit-audisvasculaserpentesnobisdereliquit3quo·
1012 4287 1167 4355 audierint,
1201 4287 1269 4341 ndei
1297 4287 1383 4343 tutela
1412 4288 1611 4344 indubitanter
1640 4295 1749 4347 armati
1784 4294 1852 4366 qnid

126 4397 193 4436 rum
209 4384 265 4434 lam
293 4381 447 4433 innumera
474 4386 536 4432 crat
563 4381 629 4431 antc
654 4393 709 4431 nos
724 4378 753 4430 ia
774 4375 822 4429 his
835 4376 958 4429 sedibus
1012 4375 1069 4445 ipsi
1086 4376 1115 4429 in
1131 4391 1165 4431 ao
1184 4377 1233 4446 qui
1249 4377 1297 4430 dat
1312 4381 1487 4447 potestatem
1503 4378 1636 4432 calcandi
1654 4397 1750 4451 supra
1766 4399 1849 4438 scor-

125 4470 321 4525 multitudout
337 4484 401 4522 cum
414 4467 615 4522 mansionario
636 4466 763 4537 ejustcm
786 4465 861 4533 atrii,
878 4468 958 4519 ante·
1011 4465 1116 4534 pianes
1134 4468 1163 4519 et
1174 4468 1331 4533 serpentes
1350 4481 1533 4535 praesumare
1552 4466 1685 4535 valeant,
1702 4486 1762 4525 non
1778 4489 1849 4526 cun-

125 4560 213 4615 rioris
226 4557 339 4612 scilicet
358 4556 494 4611 eeclesiae
510 4560 639 4622 cantore,
666 4554 723 4609 sub
740 4553 841 4608 oedem
857 4554 958 4608 casula
973 4535 997 4588 D
1011 4553 1194 4607 ctcntur.Hic
1206 4554 1360 4608 onimdum
1376 4555 1450 4609 forte
1460 4555 1598 4625 quiddam
1614 4559 1721 4627 operis
1737 4559 1849 4615 habens

65 4656 69 4665 ’
124 4644 498 4721 gregatimhabitarentdlt
507 4645 642 4714 quamvis
651 4643 798 4697 neminem
806 4643 958 4696 morsibus
1011 4642 1041 4695 in
1057 4642 1196 4712 claustro,
1214 4642 1260 4697 dia
1276 4644 1412 4714 quadam,
1429 4644 1558 4712 sederet,
1575 4661 1613 4700 ex
1625 4647 1795 4717 improvise
1810 4652 1850 4703 in.

123 4737 266 4793 laederent
275 4736 446 4799 venenosis,
459 4738 555 4787 tamen
571 4732 776 4801 tractibus(lf)
793 4732 957 4785 mansium·
1012 4731 1108 4785 solitae
1119 4731 1488 4803 magnitudinis,quantum
1501 4733 1537 4787 ad
1553 4735 1848 4804 solitosvideri,ante

123 4829 303 4897 calcentque
315 4823 469 4879 ustensilia
481 4838 606 4894 qumque
617 4821 887 4891 palluerantquem
898 4824 958 4875 tan·
1010 4819 1102 4890 pedes
1114 4820 1180 4890 ejus
1193 4834 1318 4890 serpens
1329 4820 1461 4890 allapsus
1473 4825 1528 4877 est.
1544 4820 1639 4887 Quem
1649 4840 1730 4895 cum,
1740 4826 1845 4896 pallen-

122 4910 886 4984 demtamimminentigrassationosuntaggressiut
896 4926 956 4978 prae
1010 4909 1089 4964 tibus
1100 4909 1176 4977 aliis,
1190 4914 1351 4979 reptantem
1361 4909 1550 4979 advertisset,
1568 4913 1670 4967 statim
1686 4914 1757 4970 licet
1772 4916 1847 4970 iner-

122 5006 211 5060 nimia
235 5004 452 5073 importunitate
469 5002 608 5056 deserere
624 5001 720 5054 locum
737 4998 954 5069 compellerent.

122 5095 151 5148 et
162 5092 346 5145 mensionem
363 5095 484 5146 mutare.
496 5091 620 5144 Videres
646 5089 734 5155 enirn,
751 5093 782 5141 ut
797 5088 954 5157 affirmant,

120 5179 161 5234 ita
176 5184 358 5250 mansuetos,
375 5180 469 5251 utqui
486 5179 610 5233 naturali
627 5177 783 5233 formidine
811 5176 955 5231 humanos

121 5266 254 5324 solerent
265 5265 358 5323 vitare
375 5285 532 5338 occursus,
547 5272 656 5338 praeter
670 5267 699 5320 id
715 5265 792 5337 qnod
804 5266 954 5319 multoties

121 5354 256 5410 immissa
273 5354 375 5408 nescio
391 5372 447 5426 qua
470 5356 601 5425 audacia,
632 5355 708 5408 inter
732 5352 954 5407 consedentium

157 5495 215 5565 (fl)
226 5492 397 5547 blonasterii
412 5497 554 5564 patronis.
573 5496 646 5550 Nam
657 5495 751 5566 prima
768 5494 955 5549 Watinensis

119 5566 256 5625 Ecclesia
266 5564 297 5620 S.
316 5563 457 5620 llichario
468 5572 640 5622 consecrata
651 5567 718 5636 fuit,
731 5568 778 5622 cui
786 5570 955 5622 constructo

107 5637 267 5744 ffnobio,
280 5637 309 5693 ct
319 5634 438 5709 antiqua
449 5639 614 5695 restaurata
625 5638 762 5712 eeclesia,
773 5639 803 5696 S.
813 5638 955 5695 Nicotaus

1010 4999 1067 5052 mis
1082 5014 1117 5052 eo
1135 4999 1260 5068 spiritns
1277 4998 1385 5067 impetu
1400 5014 1458 5069 quc
1469 4998 1586 5054 solebat
1595 5000 1697 5057 fidens
1709 5005 1844 5076 aggredi·

1009 5092 1066 5156 tur,
1084 5091 1112 5142 et
1128 5087 1255 5141 medium
1284 5088 1360 5141 nuda
1386 5103 1474 5141 manu
1500 5091 1665 5160 arreptum,
1692 5093 1844 5164 rigentem,

1009 5176 1097 5246 quasi
1109 5175 1209 5243 telum,
1226 5177 1359 5245 vibrans,
1376 5176 1504 5239 solidum
1523 5179 1683 5250 parietem,
1701 5183 1798 5252 quiex
1812 5182 1847 5235 la·

1008 5264 1239 5320 terestabatiotu
1250 5269 1307 5318 tam
1318 5264 1396 5319 facili
1406 5267 1664 5322 transverberavit
1679 5285 1714 5325 ac
1731 5271 1759 5324 si
1778 5271 1846 5324 mis·

1009 5354 1065 5408 sila
1073 5353 1192 5424 aliquod
1202 5369 1255 5423 pro
1267 5356 1405 5424 serpente
1413 5352 1548 5424 jecisset.
1558 5356 1604 5410 Ad
1614 5357 1712 5430 hujus
1721 5359 1791 5415 facti
1799 5374 1842 5414 re·

1008 5499 1150 5568 patronus
1167 5494 1240 5549 alter
1258 5496 1396 5567 accessit,

1044 5567 1101 5639 (lt)
1115 5568 1160 5640 L.,
1178 5566 1316 5623 tactibus.
