3908 6112
107 341 148 402 73
825 330 955 396 LIBER
974 326 1140 396 PRIMUS
1792 327 1833 394 ⁷4
1889 390 1897 399 .

109 536 224 592 ussioni
240 535 513 604 obtemperaturum
528 549 561 589 se
571 548 605 588 es
617 548 651 588 se
668 532 841 603 spopondit;
851 531 905 587 sod
915 533 946 585 ut
961 514 991 575 Α
1006 532 1073 585 vato
1090 529 1205 599 comite,
1217 529 1363 584 abbatiam
1379 531 1474 587 sancti
1488 529 1644 604 Gangerici
1658 548 1695 588 ex
1713 534 1836 608 integri-

112 624 438 693 tamenprobrosussui
445 621 823 694 perfugiipudorpopulum
832 623 945 688 lateret,
1006 621 1064 672 tate
1081 618 1317 689 supradictarum
1333 634 1442 689 rerum,
1458 620 1835 680 undevidelicetoontentio

114 711 424 782 relusqucinnootem
439 711 568 764 indutias
579 711 725 781 poposcit.
741 709 861 775 Quinec
872 708 948 762 dilii-
1008 710 1147 777 coeperat,
1164 707 1218 761 sed
1240 711 1269 761 et
1296 707 1416 761 alteram
1443 707 1600 779 abbatiam,
1630 727 1718 782 quam
1746 727 1838 783 supra

115 802 169 857 cile
199 802 238 854 ita
269 800 393 867 accedit,
418 814 453 853 eo
469 815 540 852 sane
555 801 655 867 tutior,
680 799 748 870 quia
764 812 948 868 nequaquam
1008 794 1136 849 diximus
1165 794 1254 864 (161),
1282 799 1394 850 sanctae
1423 796 1476 851 Dei
1509 796 1655 852 aecolesioe
1682 799 1837 870 genitricis

115 906 180 944 eum
197 890 271 943 tanti
286 888 452 954 estimabat,
474 890 505 940 ut
524 885 948 956 suajussaanderetcludere.
1009 881 1109 935 Mei-ies
1125 882 1154 934 in
1169 886 1342 952 perpetuum
1364 883 1515 939 habendas
1530 886 1714 941 contradidit.
1744 885 1840 956 Super
1937 925 1941 932 .

117 979 178 1031 lloc
193 979 287 1047 igitur
304 976 470 1045 impetrato,
487 977 517 1029 in
534 975 669 1029 diversas
680 980 780 1044 partes
791 975 950 1044 episcopus
1010 968 1090 1041 quod
1105 969 1216 1038 scripta
1232 971 1415 1026 confirmavit
1429 972 1620 1044 hujusmodi:
1640 995 1651 1026 e
1670 974 1703 1028 ln
1723 975 1841 1030 nomine

116 1067 274 1136 ancipitem
295 1065 425 1117 animum
448 1065 524 1132 rapit
534 1081 541 1127 ;
567 1063 705 1133 quidnam
719 1063 803 1131 prius
819 1061 848 1115 in
862 1062 951 1116 tantis
1010 1059 1121 1110 sancta
1136 1059 1165 1110 ot
1175 1056 1334 1111 individuae
1349 1057 1510 1129 Trinitatis,
1527 1060 1603 1130 Otto,
1625 1061 1724 1118 divina
1742 1063 1840 1134 propi-

118 1160 143 1210 et
156 1157 217 1208 tam
232 1153 343 1207 subitis
358 1151 632 1221 perturbationibus
654 1152 807 1207 intendere
836 1149 950 1221 possit,
1011 1145 1106 1200 ciante
1118 1145 1273 1200 clementia
1284 1160 1346 1200 rex.
1360 1146 1504 1203 Noverint
1515 1163 1619 1204 omnes
1630 1149 1733 1206 fideles
1744 1149 1841 1206 nostri

118 1238 953 1314 quaerit.Neomora,divinoconsilioususomnesamicos
1010 1237 1176 1303 praesentes
1191 1232 1316 1287 scillicet
1333 1236 1362 1287 et
1374 1231 1415 1277 120
1428 1234 1529 1307 futuri,
1554 1238 1681 1309 qualiter
1708 1254 1761 1311 pro
1789 1237 1844 1295 Dei

119 1334 201 1402 atque
211 1329 319 1385 tidcles
335 1328 411 1383 inira
421 1328 595 1383 indutiolam
603 1328 679 1383 hanc
688 1343 755 1382 cum
766 1326 845 1382 omni
856 1325 954 1380 studio
1012 1335 1113 1375 amore
1127 1323 1156 1375 et
1172 1325 1283 1376 sanctae
1302 1325 1331 1375 et
1349 1321 1529 1378 intemeratae
1563 1340 1681 1396 semper
1708 1327 1844 1401 Virginis

117 1420 206 1491 jussit
224 1419 336 1473 tacitus
351 1417 519 1482 convocari,
537 1432 698 1488 eorumque
725 1414 867 1487 suffragio
892 1428 955 1468 suae
1014 1408 1126 1478 Mariis,
1138 1409 1293 1479 genitricis
1305 1407 1441 1480 ejusdem
1451 1410 1846 1472 DeietDomininostrilesu

122 1505 371 1561 curaeconsuluit.
384 1505 458 1558 Nam
469 1521 528 1559 nox
539 1505 588 1558 illa
602 1505 674 1558 tanti
684 1501 956 1574 copiamexercitus
1015 1494 1137 1565 Christi,
1157 1512 1272 1553 necnon
1291 1500 1324 1569 et¹
1336 1498 1669 1584 animaenostraesalnte,
1680 1503 1848 1560 interventu

126 1596 150 1650 ei
164 1595 294 1666 peperit,
302 1596 343 1663 ut,
356 1595 416 1648 Deo
432 1593 559 1660 volente,
576 1608 666 1646 versa
681 1591 826 1647 sententia
841 1590 958 1644 hostem
1016 1599 1135 1655 quoque
1149 1584 1279 1647 fidelium
1293 1590 1474 1658 nostrorum,
1491 1589 1606 1645 scilieet
1629 1591 1776 1647 Fss‘durici
1799 1606 1846 1647 111·-

123 1681 503 1738 incautumdilucaloextra
513 1681 660 1735 civitatem
671 1679 870 1750 compelleret,
883 1679 960 1747 ipse·
1017 1672 1201 1744 chiepiscopi
1211 1676 1239 1728 et
1255 1674 1357 1728 dilecti
1371 1677 1505 1748 germani
1520 1679 1614 1732 nostri
1638 1679 1789 1736 Brunonis
1817 1682 1846 1736 et

120 1770 363 1841 quecumsuisin
375 1770 497 1839 propria
506 1768 792 1839 sedeconposanimi
802 1765 957 1821 resideret.
1018 1759 1164 1816 Cuonrcdi
1173 1762 1258 1816 ducis
1266 1765 1353 1834 atque
1364 1763 1536 1819 llerimanni
1544 1766 1629 1821 ducis
1641 1770 1669 1822 et
1679 1772 1847 1824 ceterorum

123 1859 192 1913 Post
212 1858 281 1912 haec
295 1871 367 1912 vero
389 1856 500 1927 aliquot
522 1857 628 1912 diebus
653 1855 837 1926 interpositis
857 1869 959 1909 comes
1018 1849 1160 1919 fidelium,
1176 1851 1599 1922 concedimusadiepresente
1610 1860 1638 1910 et
1649 1855 1721 1910 hora
1738 1857 1849 1912 sancta

122 1962 276 2014 reversus,
293 1945 418 2001 collecta
432 1945 529 1999 valide
543 1961 641 2014 manu,
659 1944 821 2016 resumptis
843 1942 958 1997 viribus
1018 1936 1119 1991 Mariae
1134 1938 1170 1992 ad
1186 1938 1518 1997 sedemCflmerfleensiS
1529 1943 1685 2014 aessclesiae,
1698 1944 1748 1998 eui
1761 1959 1850 2000 vene·

122 2035 226 2089 urbem
245 2034 373 2103 repetiit,
390 2032 557 2103 multasque
572 2032 791 2103 inquietudines
806 2032 956 2103 ingerens,
1017 2026 1122 2081 rabilis
1131 2026 1289 2082 Fulhertus
1299 2029 1850 2104 episcopus3Deoannuente,presidere

125 2123 301 2193 episcopum
320 2120 491 2192 aliquandiu
516 2121 680 2176 lacessivit.
709 2121 841 2191 Denique
872 2119 959 2174 etiam
1018 2115 1147 2184 videtur,
1159 2115 1277 2170 abbatia
1298 2117 1394 2172 sancti
1418 2117 1576 2190 Gaugerioi
1600 2135 1717 2175 omnem
1742 2138 1780 2177 ex
1802 2123 1849 2177 in-

122 2211 245 2266 alternis
261 2209 450 2265 conflictibus
465 2211 568 2281 gravis
584 2210 661 2264 inter
679 2222 713 2263 se
738 2208 885 2263 contentio
906 2206 959 2261 ud·
1020 2205 1115 2275 tegre,
1133 2219 1200 2258 cum
1215 2204 1351 2260 omnibus
1366 2206 1457 2260 rebus
1472 2209 1501 2260 et
1514 2209 1761 2278 possessionibus
1773 2210 1852 2265 domi

126 2299 225 2355 olevit.
1022 2295 1163 2362 extraque
1178 2294 1403 2362 pertinentibus,
1420 2294 1697 2364 sicutiJ‘urisnostri
1708 2297 1852 2353 hactenus

156 2388 202 2442 ῃ,
213 2386 283 2457 (71.)
297 2386 387 2453 Quod,
401 2385 624 2456 nbiimperator
638 2385 705 2440 Otto
711 2384 855 2457 precihus
876 2384 961 2455 rapis
1018 2379 1101 2451 juste
1116 2395 1150 2434 ac
1164 2381 1300 2451 legaliter
1314 2382 1381 2435 visa
1395 2385 1442 2435 est
1456 2382 1561 2448 inisse;
1578 2399 1724 2439 concessa
1741 2387 1852 2455 pariter

126 2473 661 2546 Laeuo-lcisaperbostessatisfecit,
672 2472 819 2528 Coemraoi
836 2471 961 2526 Fnlber-
1022 2468 1100 2522 omni
1111 2468 1229 2536 publica
1246 2468 1395 2524 iunctione
1413 2471 1459 2525 vel
1471 2472 1624 2527 exactione
1638 2473 1675 2527 ad
1685 2472 1750 2544 jam
1760 2473 1851 2529 satum

126 2559 963 2633 tomvisitaritlnterea(an938)Gallorumprinceps,Hu·
1023 2557 1119 2611 sancti
1154 2557 1326 2611 monasterii
1355 2559 1453 2613 locum
1481 2561 1655 2630 pertinente.
1686 2562 1725 2616 Ut
1752 2561 1853 2617 nullus

126 2669 164 2724 go
176 2652 319 2707 videlicet
329 2651 381 2722 qui
391 2651 545 2705 dicebatur
554 2651 691 2722 Magnus,
709 2649 877 2722 Willelmus
892 2664 964 2720 quo·
1024 2659 1124 2699 comes
1138 2646 1186 2699 vel
1202 2646 1325 2716 quilibet
1335 2647 1378 2701 rei
1391 2647 1518 2717 publicae
1532 2649 1667 2704 minister
1685 2649 1746 2704 illic
1768 2653 1853 2721 pote·

126 2757 183 2812 que
195 2739 462 2811 Rotomagensium
474 2738 755 2805 duxserocissimus,
765 2753 866 2809 regem
878 2752 965 2791 suum
1024 2737 1129 2788 statem
1144 2733 1307 2789 habeataut
1322 2737 1441 2791 mallum
1455 2738 1575 2793 tenendi
1590 2737 1637 2793 vel
1655 2738 1785 2794 bannum
1806 2738 1855 2794 vel

127 2828 327 2882 Ludus-icum
342 2827 464 2882 assidua
480 2825 666 2881 infestatione
682 2827 892 2897 inpugnabant,
905 2826 966 2879 diu·
1025 2821 1108 2877 freda
1127 2824 1265 2895 exigendi
1279 2828 1328 2879 aut
1342 2825 1470 2896 aliquam
1485 2827 1699 2883 districtionem
1714 2827 1852 2901 faciendi,

128 2931 184 2987 qne
195 2917 460 2985 interseutrinque
470 2914 534 2969 sine
545 2914 766 2969 intermissione
777 2914 963 2969 dimicabant.
1025 2912 1079 2965 sed
1093 2913 1256 2981 peremnia
1271 2913 1310 2966 ita
1325 2913 1382 2968 sub
1397 2917 1541 2984 potestate
1557 2917 1616 2971 sint
1630 2918 1774 2987 episcopi,
1791 2918 1852 2988 qui,

130 3004 241 3059 l'idens
258 3006 357 3058 autem
372 3018 425 3057 rex
439 3018 497 3057 non
511 3018 647 3072 possess
667 3002 780 3075 ubsque
799 3003 892 3058 aliona
911 3018 965 3072 ope
1025 3001 1086 3053 Deo
1102 3004 1261 3070 prestante,
1278 3018 1331 3072 per
1345 3004 1570 3058 successionem
1595 3004 1690 3058 eidem
1711 3004 1855 3075 prefuerit

132 3091 472 3161 inimicorumsuperare
483 3092 638 3160 saevitiam,
655 3092 872 3161 imperatorem,
884 3091 966 3146 Otto·
983 3061 1008 3123 Ο
1027 3088 1185 3155 ecclesiae,
1203 3089 1343 3158 deinceps
1359 3093 1387 3143 et
1410 3091 1439 3142 in
1455 3093 1577 3159 perenni
1593 3095 1735 3162 tempere,
1765 3093 1854 3148 sicuti

130 3195 198 3234 aem
211 3180 352 3234 videlicet
368 3179 500 3233 Heinrici
513 3181 595 3250 regis
610 3179 711 3249 filium,
729 3181 817 3250 cujus
833 3194 966 3234 sororem
1027 3192 1122 3247 usque
1138 3178 1224 3232 modo
1237 3177 1316 3247 juris
1331 3178 1450 3233 inerunt
1463 3180 1617 3249 potestatis
1633 3183 1754 3236 nostrae.
1779 3181 1814 3235 Et
1824 3185 1857 3237 ut

133 3267 967 3339 (terbergammanimonioduxitsibiadiutoremadstrin-
1026 3266 1091 3320 haec
1105 3267 1215 3319 nostrae
1231 3265 1437 3320 concessionis
1451 3269 1611 3323 auctoritas
1626 3284 1679 3338 per
1694 3270 1855 3325 succeden-

129 3371 204 3427 gere
214 3356 372 3420 estimavit,
389 3356 552 3426 missisque
571 3355 742 3411 oratoribus
758 3356 793 3409 ad
809 3356 838 3410 id
854 3356 966 3428 negotii
1026 3356 1098 3409 tium
1105 3355 1251 3409 curricula
1263 3357 1426 3425 temporum
1437 3356 1687 3428 inrefragabiliter
1695 3358 1857 3414 firmiorem

129 3460 198 3498 cum
208 3444 352 3513 precibus
362 3443 504 3497 invitavit.
512 3443 567 3508 Qui
575 3444 714 3498 continuo
726 3444 967 3499 fraternismeni-
1027 3444 1055 3496 in
1071 3444 1123 3498 Dei
1139 3444 1257 3498 nomine
1267 3444 1394 3514 optineat
1408 3447 1553 3517 vigerem,
1563 3462 1651 3501 manu
1665 3447 1785 3519 propria
1801 3464 1856 3504 no·

131 3533 213 3587 tibus
222 3531 576 3598 familiariteraccinctus,
588 3532 681 3586 duces
692 3547 765 3587 suos
776 3549 809 3587 ac
815 3533 966 3603 principes
1026 3535 1088 3586 stra
1103 3532 1209 3586 subtus
1221 3547 1286 3586 eam
1300 3533 1493 3605 firmavimus,
1502 3538 1530 3589 ct
1539 3536 1619 3589 anuli
1629 3538 1724 3591 nostri
1733 3537 1858 3608 impres·

131 3619 212 3675 bello
228 3621 326 3689 parari
343 3620 491 3690 precepit3
511 3621 681 3691 paratisque
703 3620 830 3691 viaticis,
853 3622 967 3692 absque
1027 3621 1112 3675 sione
1124 3621 1312 3675 corroborari
1327 3623 1518 3693 precipimus.
1536 3623 1660 3696 Signum
1674 3626 1774 3681 domni
1781 3626 1858 3682 Otto·

132 3709 275 3762 dilatione
296 3708 380 3778 juxta
398 3710 550 3779 precatum
569 3712 667 3763 castra
690 3709 780 3763 movit
809 3710 867 3778 (cn.
883 3710 967 3780 916);
1027 3710 1075 3764 nis
1085 3710 1273 3764 invictissimi
1288 3711 1380 3783 regis.
1397 3712 1478 3766 Brun
1494 3715 1689 3770 cancellarius
1704 3716 1741 3769 ad
1761 3717 1858 3772 vicem

134 3798 240 3867 sicque
257 3796 351 3866 primo
365 3796 522 3867 Parisium,
540 3797 645 3851 deinde
661 3799 856 3869 Rotomagum
872 3815 967 3871 usquc
1030 3800 1163 3856 lietberti
1178 3800 1408 3872 archicapellani
1422 3804 1593 3874 recognovi.
1610 3804 1707 3859 Datab
1722 3804 1859 3861 Kal.Maii

132 3884 326 3954 perveniens,
342 3886 763 3957 omnesviciniasdevastavit,
780 3887 879 3958 ibique
895 3890 969 3943 satis
1028 3909 1104 3948 anno
1120 3894 1280 3949 Dominiooe
1306 3894 1520 3951 incarnationis
1550 3896 1612 3970 917,
1642 3899 1801 3959 indictione
1829 3904 1858 3975 6,

135 3973 337 4027 miserandam
352 3978 467 4044 pestem
476 3975 576 4029 edidit.
589 3974 665 4028 Exin
674 3990 747 4030 vero
761 3976 915 4032 exhaustis
926 3978 969 4032 ul·
1028 3988 1171 4056 reggante
1185 3984 1232 4053 pio
1247 4000 1321 4056 rege
1342 3986 1446 4040 Ottone
1473 4002 1549 4042 anno
1574 3987 1618 4044 11.
1633 3990 1739 4047 Actum
1753 3993 1860 4064 Aquis·

135 4062 216 4116 tione
227 4061 377 4132 hostibus,
389 4079 457 4117 oum
471 4064 633 4133 repatriare
643 4064 775 4134 deberet,
786 4066 816 4121 in
826 4067 891 4135 ipso
902 4068 969 4138 qui·
1028 4074 1113 4144 grani
1127 4073 1233 4144 palacii
1249 4073 1279 4127 in
1295 4073 1419 4130 Domino
1436 4075 1571 4132 lelieitar.
1584 4079 1703 4134 Amen„

137 4151 208 4205 dem
218 4150 317 4205 reditu
328 4151 358 4204 in
368 4152 473 4206 urbem
481 4149 740 4206 cameracensium
754 4158 851 4208 castra
865 4156 970 4209 metari
1063 4160 1373 4232 lt.(73.)Amulricum
1385 4165 1518 4219 comitem
1535 4164 1571 4219 et
1579 4165 1669 4221 dliam
1685 4168 1859 4242 Isaacqnam

138 4238 475 4308 disposuit,visitaturus
484 4240 602 4311 quippe,
611 4241 759 4313 quomodo
770 4243 895 4298 domnus
908 4244 970 4298 Ful·
1028 4249 1282 4304 matrimoniosihi
1290 4250 1860 4329 durit,episcopuspioconsanguinitate

137 4327 243 4381 bertus
255 4328 415 4397 episcopus
425 4328 453 4380 in
460 4329 552 4383 rebus
563 4329 786 4386 aecclesiasticis
796 4348 829 4387 se
837 4332 969 4388 haberet.
985 4310 1012 4371 D
1029 4339 1171 4411 sejirnxit.
1184 4338 1266 4393 Alter
1275 4338 1374 4394 itidem
1385 4356 1485 4395 comes
1494 4356 1530 4396 ex
1538 4359 1614 4416 pago
1626 4344 1753 4418 Hainou,
1762 4348 1860 4406 Amul-

172 4412 298 4483 libffl.)
308 4414 972 4492 OttoimpcratorabhatiamsanctiGauqerioi
1029 4428 1111 4483 ricus
1125 4429 1253 4498 nominc,
1265 4429 1311 4482 vir
1325 4443 1434 4500 genere
1451 4431 1657 4490 nobilissimus
1674 4437 1797 4508 atjuxta
1812 4455 1861 4494 se·

137 4502 437 4574 cpiscopoconfertet
446 4504 516 4559 inde
523 4513 695 4578 preceptum
704 4508 973 4580 stheotumcorro·
1029 4517 1861 4596 cularisgloriaepompamfortunatissimus,tiliemIsaac

136 4591 237 4646 horat.
250 4591 308 4645 Ubi
324 4607 390 4646 cum
405 4597 582 4663 perventum
597 4599 653 4665 cst,
671 4596 798 4653 domnus
814 4600 974 4670 episeopus
1028 4622 1113 4677 mque
1129 4605 1244 4661 comitis
1266 4607 1372 4675 prelati
1388 4609 1470 4664 duxit
1485 4627 1623 4668 uxorem.
1640 4615 1740 4670 Multis
1763 4622 1861 4672 autem

138 4695 229 4751 quam
243 4678 429 4735 familiariter
439 4684 636 4754 oumexcepit,
649 4686 812 4758 amicisque
821 4688 975 4761 ohsequiis
1028 4695 1299 4750 internoscentibus
1336 4701 1423 4769 atque
1452 4698 1655 4757 deterentibus
1684 4705 1861 4774 conperiens

140 4783 259 4822 summa
270 4782 337 4822 cum
348 4771 539 4826 veneratione
553 4771 728 4828 deserviens
744 4774 780 4829 de
795 4776 976 4831 incussioni-
1029 4782 1374 4856 Fulhertusepisoopus,
1406 4802 1468 4858 eos,
1493 4804 1636 4858 sponsum
1666 4792 1805 4849 videlicet
1833 4798 1864 4851 et

137 4856 196 4911 bus
212 4872 230 4910 a
245 4857 352 4911 comite
366 4858 513 4928 prelibato
529 4859 587 4914 sihi
602 4860 747 4933 inrogatis
763 4879 830 4918 cum
845 4866 973 4937 supplici
1030 4887 1181 4943 sponsam,
1191 4873 1524 4946 proximoecognitionis
1535 4881 1791 4951 consanguinitate
1798 4900 1864 4955 pro·

139 4944 329 5017 querimonia
343 4947 545 5014 proclamavit.
568 4948 623 5014 Qui
647 4953 748 5005 causis
772 4953 889 5022 auditis,
915 4970 976 5010 mo·
1029 4960 1157 5031 pinques
1173 4964 1201 5014 et
1215 4961 1281 5016 ideo
1297 4963 1506 5034 eontrulegem
1522 4967 1684 5037 copulatoS,
1698 4969 1775 5027 iacto
1793 4988 1862 5029 con-

141 5032 247 5088 lestias
263 5034 406 5105 episcopo
422 5035 529 5106 illatas,
546 5037 634 5092 sicuti
650 5039 728 5110 pius,
744 5042 865 5110 perinde
890 5047 977 5115 atque
1031 5048 1097 5103 silio
1114 5050 1255 5105 canonice
1269 5052 1306 5105 ab
1322 5051 1449 5106 invicem
1464 5053 1605 5125 seiunxit,
1631 5056 1759 5130 datoque
1782 5062 1863 5131 poeni

141 5122 304 5191 episcopus
332 5123 397 5192 ipse
424 5123 559 5194 indoluit3
583 5140 770 5200 suorumque
802 5133 978 5201 competenti
1030 5137 1130 5191 tentiae
1141 5138 1238 5208 modo,
1251 5139 1307 5194 hoo
1323 5143 1435 5196 tantum
1455 5143 1556 5197 scelus
1571 5144 1736 5201 admissum
1751 5149 1866 5219 expiari

141 5210 976 5291 oonsiliousus,secundumlegispnhlicaejudiciumpri-
1031 5227 1171 5297 precepit.
1189 5226 1272 5291 Quod
1280 5231 1420 5299 parentes
1436 5234 1524 5303 atque
1540 5234 1626 5289 amici
1641 5236 1866 5297 molestesedet

803 5407 951 5478 vaslAE
973 5412 1206 5482 LECTIONES

935 5566 1077 5635 NOTAE.

178 5479 222 5536 ¹4⁰
235 5490 320 5549 deest
336 5482 361 5549 1.

179 5642 258 5723 (let)
272 5636 454 5716 btarseilles,
470 5652 497 5700 t.
514 5631 559 5702 68.

431 5716 561 5800 Pernen.
577 5712 706 5779 oxolx.
