3908 6112
647 265 831 330 OSBERNI
856 264 1056 328 MONACHI
1080 264 1424 349 CANTUARIENSIS

174 269 232 336 391
1838 264 1902 350 aaa

174 468 286 539 pariter
304 466 467 522 involvunt.
494 466 550 522 Sed
576 482 642 522 cum
664 465 761 537 aliqua
785 480 854 536 pars
875 465 1008 535 corporis
1032 446 1051 500 Α
1067 463 1159 518 etesia
1174 464 1206 518 S.
1219 463 1399 519 Salvatoris.
1411 493 1444 502 -
1456 463 1504 519 Sic
1516 480 1587 537 ergo
1603 464 1808 539 gradientibus
1824 467 1898 538 illis,

176 556 272 611 adhuc
296 556 485 626 discooperta
506 557 684 624 remaneret,
710 555 843 608 cucurrit
866 552 1010 622 praetatus
1065 556 1093 606 et
1109 552 1210 606 eadem
1226 555 1311 607 nootc
1327 554 1357 606 in
1373 552 1441 607 villa
1457 568 1522 625 quae
1538 553 1644 608 dicitur
1662 553 1817 610 Earhetha
1832 571 1899 610 ma-

175 645 340 700 monaohus
355 644 391 697 ad
405 643 496 698 altare
511 645 611 699 Sancti
626 643 711 697 Pauli
726 642 862 713 apostoli,
875 642 1009 711 rapiens·

175 748 233 806 que
258 732 414 788 sindonem
437 733 566 803 desuper
589 731 756 803 jacentem,
781 730 931 785 dimidiam
954 745 1007 800 pro

175 821 300 876 sindone
318 821 381 876 auri
402 821 506 876 libram
521 821 669 892 reposuit,
685 820 844 890 rapidoque
861 834 951 873 cursu
971 819 1008 873 ad

176 910 392 964 obvolvendum
402 910 479 982 quod
493 910 714 965 residuumeret
725 908 821 964 rediit.
830 907 903 961 Tum
912 907 1007 962 lavato

176 998 205 1051 in
221 997 354 1053 humeris
369 998 580 1053 monachorum
591 997 721 1068 pretioso
732 996 858 1067 pretiosi
873 997 1008 1066 corporis

178 1086 337 1156 thesauro,
364 1086 549 1141 descendunt
575 1087 704 1158 angusto
727 1085 833 1140 itinere
857 1099 909 1155 per
932 1084 1009 1138 viam

66 1213 68 1217 .
176 1190 243 1245 quea
267 1175 347 1229 ducit
371 1174 406 1229 ad
428 1174 537 1229 tlumen
553 1173 729 1236 Tamisium,
756 1172 1008 1244 prosequentibus

176 1262 244 1318 illos
258 1277 331 1335 rege
353 1266 382 1318 et
405 1262 647 1334 archiepiscopo,
672 1265 796 1333 utroque
820 1261 936 1317 illorum
950 1264 1008 1316 tota

175 1349 263 1405 animi
281 1350 432 1422 viligantia
454 1349 490 1405 ad
514 1351 608 1406 Deum
623 1351 744 1407 intento.
761 1350 885 1421 lamque
901 1350 937 1405 sd
953 1351 1009 1404 tlu-

175 1453 243 1494 men
258 1440 493 1511 appropinquare
509 1442 675 1509 caeperunt,
693 1455 759 1495 cum
776 1454 846 1494 cccc
860 1440 942 1513 regia
959 1455 1009 1494 na-

176 1528 238 1594 vis,
255 1528 354 1582 aureis
370 1529 498 1583 rostrata
517 1527 706 1596 diaconibus,
723 1527 881 1599 armigeris
897 1528 1008 1597 repleta

177 1616 334 1686 militibus,
355 1616 485 1671 venienti
508 1616 631 1686 martyri
653 1616 739 1671 obvia
764 1614 893 1671 offertur.
916 1615 1009 1681 Quam

178 1704 266 1758 citius
291 1705 370 1759 dictu
385 1719 438 1759 rex
453 1703 600 1773 insiliens,
616 1704 756 1775 expansis
778 1704 910 1759 brachiis
929 1720 1009 1758 mar-

1065 641 1214 710 ncntibus,
1225 641 1354 695 occurrit
1365 641 1476 697 intinitn
1490 640 1600 696 Cantiae
1611 641 1774 713 multitudo,
1793 645 1900 715 equiti·

1064 729 1122 783 bus
1137 730 1272 798 permixti
1288 730 1413 799 pedites,
1426 731 1567 784 mulieres
1583 730 1668 799 viris,
1685 732 1809 786 senibus
1825 733 1899 789 ado-

1065 817 1223 887 lescentes,
1232 819 1342 890 singuli
1354 834 1406 889 per
1414 822 1527 873 turmas
1538 834 1610 874 suas
1622 818 1731 874 choros
1742 821 1897 886 ducentes,

1067 906 1196 960 citharas
1223 907 1443 977 percutientes,
1477 911 1504 962 et
1532 907 1618 978 quasi
1648 923 1746 962 arcam
1774 908 1898 964 foederis

1068 994 1182 1049 Domini
1204 996 1234 1048 in
1252 994 1348 1066 jubilo
1371 996 1560 1051 deducentes.
1597 992 1709 1050 Credas
1731 1012 1789 1051 non
1814 998 1900 1052 aliter

1067 1083 1144 1138 lilios
1160 1083 1251 1138 lsrael
1271 1085 1439 1155 concinere,
1455 1087 1502 1139 vel
1526 1101 1592 1140 cum
1612 1101 1665 1141 eos
1686 1085 1831 1156 propheta
1846 1087 1900 1142 Dei

1067 1171 1188 1242 Moyses
1204 1172 1239 1227 de
1254 1173 1352 1228 medio
1364 1174 1458 1228 Rubri
1468 1173 1559 1228 maris
1575 1174 1666 1229 siccis
1680 1175 1808 1245 pedibus
1825 1175 1899 1230 edu-

1068 1260 1172 1330 xisset,
1188 1261 1235 1316 vel
1250 1277 1317 1316 oum
1331 1278 1429 1317 arcam
1445 1262 1560 1316 Domini
1575 1264 1610 1316 i'e
1626 1263 1718 1318 Domo
1734 1263 1899 1319 Aminadab

1067 1349 1096 1402 in
1112 1349 1259 1403 civitatem
1275 1366 1359 1405 suam
1379 1367 1431 1405 rex
1452 1351 1544 1405 David
1559 1350 1745 1407 transterrat.
1762 1353 1802 1406 nt
1817 1353 1899 1412 cives

1066 1436 1247 1508 Cantuarini,
1255 1454 1322 1493 cum
1331 1440 1484 1494 audissent
1496 1439 1574 1511 quod
1586 1443 1669 1510 pater
1677 1442 1746 1496 vitea
1757 1445 1787 1495 et
1795 1441 1898 1496 socius

1066 1527 1170 1581 mortis
1186 1542 1289 1582 eorum
1306 1528 1486 1597 advenisset,
1503 1529 1581 1583 sicut
1600 1529 1692 1583 laoob
1709 1533 1832 1601 propter
1845 1530 1897 1584 lo·

1068 1615 1142 1685 seph
1157 1615 1193 1670 de
1209 1617 1294 1687 gravi
1309 1632 1413 1671 somno
1429 1617 1515 1687 quasi
1529 1617 1656 1687 excitati,
1669 1620 1697 1672 et
1712 1633 1774 1688 pree
1790 1617 1898 1689 gaudio

1067 1705 1213 1775 lserymas
1222 1705 1355 1773 resoluti,
1367 1705 1482 1760 obviam
1498 1705 1654 1776 prosiliunt
1664 1705 1809 1775 laetanteS,
1820 1706 1900 1779 quod

176 1794 271 1862 turem
282 1793 425 1863 suscepit,
437 1792 543 1847 deinde
558 1798 699 1863 protensa
710 1793 830 1848 dextera
841 1792 1010 1863 pontiticem
1032 1792 1149 1874 pillum
1160 1795 1285 1863 possent
1307 1793 1412 1847 iterum
1421 1793 1532 1861 videre,
1544 1793 1631 1865 cujus
1641 1793 1787 1849 beneficia
1801 1798 1861 1849 tam
1872 1795 1901 1850 in

177 1880 303 1934 induxit.
329 1880 398 1934 Mox
424 1882 535 1934 remota
563 1880 668 1936 altiore
696 1881 781 1951 navi,
808 1881 931 1936 sedebat
957 1897 1011 1935 rex
1066 1882 1143 1951 vita,
1163 1882 1554 1952 quaminmorteparentes
1572 1882 1807 1953 suimultiplioia
1829 1899 1901 1939 sen-

178 1966 411 2039 gubernaculum
434 1971 555 2038 tenens,
581 1970 680 2023 navim
704 1971 740 2024 nd
763 1971 855 2040 ripam
880 1969 1010 2024 fluminis
1067 1985 1144 2025 sere.
1178 1970 1274 2041 Super
1298 1984 1401 2025 omnes
1429 1970 1564 2025 homines
1590 1971 1732 2045 majorem
1762 1971 1901 2026 monachi

177 2057 354 2111 contrariam
379 2056 522 2129 dirigens.
550 2057 676 2113 Videres
698 2073 772 2130 ergo
796 2074 932 2131 magnam
957 2059 1008 2114 Dei
1067 2058 1178 2113 Christi
1196 2058 1338 2113 Ecclesiae
1358 2056 1488 2113 laetitiam
1512 2058 1663 2131 gerebant,
1685 2061 1754 2114 dum
1773 2060 1901 2116 solemni

176 2146 336 2216 potentiam
363 2146 508 2217 obsequio
536 2147 677 2217 martyris
702 2147 818 2217 favere,
844 2147 913 2202 dum
942 2147 1010 2201 hinc
1067 2147 1125 2201 ritu
1141 2148 1280 2218 templum
1296 2151 1445 2217 ornarent,
1457 2148 1572 2203 levitico
1585 2164 1619 2203 ac
1634 2149 1831 2204 sacerdotalia
1847 2165 1901 2204 ve·

177 2237 295 2304 pontem
324 2237 352 2289 et
378 2238 455 2289 totas
480 2235 609 2290 tluminis
639 2236 719 2306 ripas
742 2236 873 2291 loricatis
902 2238 1011 2291 stratas
1068 2236 1204 2291 stimenta
1220 2236 1433 2290 induerent:hi
1449 2237 1566 2292 crebris
1581 2239 1711 2293 motibus
1726 2238 1901 2308 crepitantia

177 2321 320 2378 militibus
344 2322 555 2393 conspiceres;
576 2322 657 2378 illinc
682 2340 735 2396 per
758 2328 907 2379 extremas
927 2324 1011 2379 urbis
1067 2324 1260 2379 tintinnabula
1281 2325 1475 2395 deducerent,
1496 2325 1537 2380 illi
1557 2325 1705 2397 lucernas,
1725 2326 1900 2399 Evangelia,

177 2414 278 2482 portas
303 2411 504 2466 simulatorias
526 2412 689 2467 seditiones
709 2414 852 2468 excitatas
871 2414 1009 2479 audiras;
1068 2415 1231 2484 gemmatas
1244 2414 1423 2468 inmanibus
1438 2429 1545 2468 cruces
1561 2417 1724 2486 gestarent,
1736 2420 1764 2471 et
1779 2416 1902 2471 canoris

177 2497 346 2553 attenderes
357 2514 460 2572 regem
474 2515 579 2553 navem
595 2504 758 2572 regentem,
768 2502 912 2574 remigem
927 2501 1011 2556 nobi·
1067 2503 1195 2556 vocibus
1210 2502 1284 2557 ultra
1298 2502 1387 2573 longa
1404 2503 1531 2557 civitatis
1544 2504 1685 2573 pomtaria
1701 2503 1782 2558 obvii
1798 2517 1904 2574 proce·

177 2585 235 2640 lem
250 2601 348 2641 remos
364 2588 540 2657 trahentem,
554 2592 688 2643 orantem
702 2590 970 2660 archiepiscopum,
983 2592 1013 2644 et
1069 2590 1180 2646 derent.
1191 2590 1261 2645 lnde
1277 2607 1343 2645 cum
1358 2589 1500 2646 ineffabili
1514 2592 1603 2647 totius
1614 2591 1801 2649 Qntuarinae
1815 2592 1901 2649 urbia

179 2677 299 2730 sanctos
314 2676 475 2731 monachos
486 2676 664 2746 obsequium
679 2681 867 2750 prestantes.
1068 2678 1197 2749 tripudio
1207 2682 1377 2750 susceptus,
1385 2679 1421 2735 ad
1433 2680 1591 2734 ecclesiam
1604 2696 1662 2736 non
1678 2681 1901 2752 Ductorisgen·

213 2803 240 2858 8.
260 2803 330 2859 Inde
345 2805 502 2861 confestim
516 2809 701 2879 apprehensa
720 2810 825 2866 tellure
844 2811 958 2882 primus
974 2812 1011 2867 de
1067 2767 1139 2866 tium
1155 2767 1232 2823 ΒΜ
1247 2768 1326 2837 ‘'lin'’
1343 2768 1398 2823 sed
1412 2767 1575 2825 S⁸lv⁰t⁰¹²i⁸
1590 2771 1720 2830 mmmm
1730 2770 1801 2841 (14),
1813 2783 1902 2841 ΨΜ

178 2892 246 2946 mv,
261 2909 314 2947 rex
328 2893 490 2965 evodum,
508 2902 660 2968 acceptum
676 2914 785 2969 corpus
801 2899 938 2956 ,emo
954 2901 1011 2954 ,m-
1068 2871 1173 2911 vivens
1189 2871 1307 2926 semper
1321 2872 1421 2911 amore
1438 2857 1581 2928 coluerat,
1597 2862 1705 2915 virtute
1720 2860 1903 2917 corrobora„

179 2982 272 3052 ponit,
287 2981 435 3052 posthaec
450 2984 545 3040 valida
561 3001 627 3041 cum
642 3002 729 3041 manu
744 2986 868 3042 militum
882 2988 1010 3058 praemit·
1051 2948 1160 3014 ‘wat’
1176 2960 1231 3015 pm
1246 2961 1304 3015 ΨΜ
1318 2946 1415 3043 eiiam*
1427 2947 1456 3000 ⁰²
1469 2962 1595 3017 quaeum
1611 2951 1734 3048 ΨΜ
1748 2950 1903 3005 Qum·

178 3069 221 3123 tit.
239 3070 307 3141 lpse
323 3085 394 3125 vero
417 3086 485 3127 oum
503 3073 730 3146 archiepiscopo
749 3076 778 3130 in
799 3077 899 3132 ultimo
914 3077 1012 3147 pontis
1068 3036 1121 3102 'm'
1138 3033 1312 3101 transm&
1324 3049 1354 3087 ¹¹¹
1365 3033 1468 3088 eadm
1481 3049 1637 3105 ¹¹⁰¹¹q¹¹⁸⁸¹
1652 3038 1769 3093 ΜΨ
1784 3039 1904 3094 Μὴ·

179 3159 313 3230 margine
330 3159 467 3232 sedebat,
482 3177 539 3233 quo
555 3179 652 3234 usque
667 3164 698 3218 hi
713 3165 764 3235 qui
777 3169 996 3235 precesserant
1033 3125 1175 3226 Cmams'
1194 3122 1249 3177 ⁸⁰d
1267 3122 1353 3192 qum
1373 3139 1441 3177 cum
1462 3123 1522 3179 ”⁰⁰
1546 3124 1576 3178 in
1601 3129 1776 3195 perpetuum
1796 3127 1904 3183 Vim

179 3246 215 3300 ab
232 3249 305 3302 urbe
321 3248 441 3322 longius
463 3251 568 3306 remoti
592 3253 773 3323 existerent,
793 3255 914 3309 timebat
928 3206 1012 3309 nam}
1069 3211 1242 3281 h⁰¹¹⁰r⁸tust
1257 3211 1419 3266 ⁰⁰¹¹⁰⁰³²⁰⁸
1434 3214 1490 3267 ⁰⁸²·

179 3350 237 3405 que
252 3336 361 3391 civium
375 3339 564 3411 irruptiones.
584 3341 693 3397 Deinde
709 3356 849 3413 surgens,
862 3345 890 3397 ct
906 3343 1013 3397 libera·
1104 3351 1147 3406 10,
1176 3349 1277 3406 Claros
1298 3352 1461 3409 miiuoulis.
1488 3353 1704 3411 Translationis
1725 3355 1847 3421 testum.
1869 3387 1904 3398 -

179 3423 258 3479 libus
269 3423 351 3494 iocis
366 3427 752 3498 crciiiepiscopoaliudcns:
768 3430 950 3485 «Liberatus
966 3445 1011 3500 as,
1067 3439 1199 3511 Cumque
1210 3441 1314 3497 tei-iius
1324 3441 1510 3498 illucesceret
1522 3443 1596 3513 dies,
1606 3444 1709 3516 ragina
1721 3454 1825 3503 emma
1836 3463 1903 3503 oum

179 3510 289 3583 inquit:
306 3514 334 3567 et
355 3529 420 3571 meo
435 3530 558 3570 munere
573 3516 608 3570 de
622 3516 754 3587 periculo
774 3519 888 3588 mortis,
905 3518 941 3574 de
956 3535 1014 3591 qut
1068 3530 1146 3584 omni
1157 3545 1223 3599 quac
1234 3544 1336 3583 secum
1353 3534 1415 3585 orat
1430 3531 1580 3587 nobilitate
1594 3533 1723 3607 advenit,
1732 3534 1903 3609 oblatisque

178 3601 207 3652 te
222 3599 342 3655 liberari
357 3615 416 3657 non
430 3617 522 3671 posse
540 3604 818 3676 n1·bitrabaris,jam
834 3622 960 3662 securus
976 3608 1014 3662 ad
1067 3617 1241 3672 muneribus
1256 3618 1285 3672 in
1302 3618 1431 3673 divensis
1452 3635 1585 3674 cararum
1606 3636 1706 3676 rorum
1728 3622 1901 3697 speciebus,

179 3690 314 3743 sanctum
330 3689 533 3760 proficiscere,
550 3695 636 3763 atque
652 3694 683 3747 ut
697 3695 811 3750 nostris
826 3695 924 3749 iavcat
938 3699 1014 3750 tem·
1067 3705 1218 3760 benedixit
1232 3706 1292 3761 Deo
1308 3707 1428 3775 viventi,
1445 3709 1496 3779 qui
1516 3708 1552 3761 ad
1569 3708 1715 3765 bonorem
1730 3714 1759 3765 et
1775 3710 1900 3784 gloriam

179 3776 303 3846 poribus
319 3776 469 3832 humiliter
484 3779 653 3851 deprecare.
679 3781 741 3853 Ego
762 3783 918 3838 vobiscum
933 3785 1014 3854 pari·
1067 3795 1195 3848 nominis
1217 3795 1262 3849 sui
1285 3795 1313 3848 in
1337 3797 1414 3849 tanta
1434 3793 1652 3868 magnificentia
1668 3798 1749 3852 illum
1765 3798 1899 3871 reduxit,

179 3866 225 3918 tor
238 3865 322 3936 irem,
341 3866 367 3919 si
382 3867 509 3938 magnis,
522 3870 553 3922 ut
568 3870 656 3938 noeti,
674 3870 759 3942 regni
780 3873 908 3943 nogotiis
923 3889 1013 3927 occu·
1068 3898 1155 3954 quem
1165 3882 1200 3936 ad
1210 3881 1277 3953 ejus
1288 3883 1579 3954 blaspheminmcum
1590 3888 1670 3940 tanto
1677 3886 1840 3957 opprobrio
1851 3887 1902 3942 ini·

180 3956 265 4022 patus
282 3969 340 4009 uon
356 3969 466 4010 essem.
481 3957 595 4028 Regina
607 3974 673 4012 cum
688 3959 748 4013 tilio
763 3974 828 4015 meo
844 3961 1015 4017 Hardacnut
1069 3971 1163 4025 micus
1174 3971 1408 4042 abduxithtque
1424 3976 1454 4026 ut
1469 3972 1596 4044 aliquam
1608 3973 1677 4028 tiliis
1687 3974 1767 4029 idem
1777 3976 1901 4031 sanctis

179 4039 311 4096 Cantiam
332 4043 456 4099 incolit:
481 4044 523 4099 illi
548 4048 579 4101 ut
600 4046 688 4103 vobis
709 4064 776 4105 cum
791 4051 849 4102 tota
864 4049 1014 4106 nobilitate
1068 4061 1162 4115 simus
1186 4064 1268 4131 pater
1289 4062 1392 4132 gratiae
1418 4078 1482 4116 suae
1504 4061 1611 4116 micam
1635 4063 1817 4134 ostenderat,
1835 4067 1903 4144 post

180 4135 316 4186 occurrat
336 4133 491 4188 mundabo·
510 4155 521 4183 ⁸
539 4135 664 4190 Divinus
684 4151 758 4208 tirso
781 4153 797 4191 a
820 4153 891 4209 1'030
914 4139 1013 4193 llichi-
1068 4155 1181 4220 sepiem
1190 4149 1254 4204 dies
1267 4153 1346 4204 muto
1357 4149 1472 4203 cuidam
1481 4151 1607 4206 reddidit
1620 4150 1780 4223 loquelam,
1796 4153 1902 4209 alium·

179 4219 350 4291 episcopus,
368 4237 435 4276 cuin
459 4223 571 4296 ingenti
592 4224 776 4283 huscarlium
798 4227 884 4281 turba
898 4244 1014 4297 praece-
1066 4255 1123 4309 quc
1148 4240 1217 4309 post
1242 4238 1367 4291 Paulum
1385 4237 1464 4292 terro
1479 4238 1621 4310 vinctum,
1643 4240 1796 4297 contracto
1821 4241 1901 4296 terto

180 4308 283 4363 dentes
299 4310 503 4382 subsequitur.
520 4311 652 4384 Cumque
664 4313 727 4385 jam
741 4315 780 4369 ita
795 4331 887 4386 prope
906 4316 1013 4371 fuisset
1067 4328 1162 4381 reddit
1177 4327 1315 4381 solutum.
1342 4327 1414 4381 Ilaec
1439 4331 1509 4381 sunt
1528 4329 1635 4399 gaudia
1658 4329 1832 4384 testivitntis
1846 4329 1901 4384 ho-

180 4400 211 4450 ut
225 4413 242 4450 fl
255 4398 505 4468 l‘t'aessfldessiibflsi
516 4402 679 4473 0⁰u10⁸q¹10
691 4418 811 4473 Sflfflllffl‘
820 4407 887 4474 P0⁸i
898 4406 1015 4476 tergum
1067 4417 1187 4484 diornae,
1196 4416 1252 4469 ista
1267 4417 1438 4470 solemnitas
1454 4415 1521 4486 diei,
1534 4432 1600 4488 quae
1612 4417 1723 4473 idcirco
1735 4420 1844 4473 statuta
1856 4421 1901 4473 eet

179 4485 405 4543 deflectentibus
418 4487 517 4557 pulvis
528 4490 556 4542 in
569 4489 675 4544 coelum
687 4491 781 4546 clatus
794 4492 887 4546 videri
903 4493 1015 4561 potuis·
1027 4511 1058 4574 ῃ
1068 4505 1196 4575 singulis
1207 4505 1292 4559 annis
1308 4505 1337 4557 in
1351 4503 1486 4558 Ecclesia
1496 4504 1616 4575 Contiae,
1634 4509 1718 4561 sexto
1734 4505 1806 4561 idus
1821 4505 1900 4563 iunii

180 4577 236 4642 fieb
255 4575 398 4644 ⁸¹1⁸Pi⁰⁰²i
417 4576 494 4630 idem
514 4577 572 4647 iPSi
588 4578 639 4648 qui
653 4579 861 4648 P¹²³³0<³dt³bi¹¹¹t
880 4581 963 4634 0¹'V08
978 4581 1014 4635 de
1067 4593 1900 4667 celebrari,utnullavaleatoblivionedeleri,quomadmo-

181 4664 298 4718 civitate
318 4678 474 4734 egressos,
500 4669 613 4720 mature
637 4682 703 4720 cum
726 4668 829 4737 paucis
852 4668 1015 4724 monachos
1068 4681 1901 4757 dumbeatusmartyrElphegusdealieuoodsuadigna-

180 4752 346 4822 missisifflsi
366 4755 394 4806 ⁰i
408 4757 567 4823 martirem
581 4755 770 4824 Pl'fflmstitml·
793 4756 850 4827 ῙΡΒῙ
866 4761 964 4812 θῦῑθῐῐῑ
978 4758 1015 4812 ad
1068 4769 1648 4840 tusluerittransferri.thuamvisdiem
1658 4771 1901 4843 passionisillius

182 4841 279 4896 vicum
291 4840 455 4896 Plunstede
468 4841 631 4913 vementes,
645 4844 783 4899 obsident
797 4850 922 4917 angusta
938 4847 1014 4916 loca,
1069 4877 1134 4914 cum
1145 4859 1282 4913 omnibus
1297 4858 1328 4912 in
1343 4873 1497 4913 commuue
1509 4858 1706 4932 celebramus,
1715 4860 1794 4915 diem
1805 4863 1901 4915 umen

181 4929 277 4985 tribus
306 4930 411 4984 turmis
439 4931 493 4984 tria
521 4931 622 5002 pl'aelifl
652 4932 855 5005 instituentes,
884 4934 1014 4989 animum
1068 4948 1269 5003 translationis
1280 4946 1376 5017 ipsius
1393 4946 1448 5001 soli
1463 4962 1526 5018 Ρη)
1537 4947 1674 5003 omnihus
1685 4947 1841 5005 celebrum
1852 4949 1900 5004 dg.

181 5031 235 5085 pro
250 5032 351 5075 amore
366 5019 444 5073 beati
459 5020 599 5090 martyris
618 5021 691 5075 mori
710 5026 843 5090 paratum
859 5022 1013 5078 habentes·
1068 5039 1183 5092 bemus,
1196 5037 1228 5089 ln
1242 5037 1292 5090 illo
1307 5049 1434 5107 namque
1449 5051 1537 5090 unum
1552 5051 1586 5090 ae
1602 5036 1768 5106 simplicem
1782 5036 1900 5107 laetandi

183 5102 252 5174 Sed,
265 5106 330 5161 viso
342 5108 476 5163 eominus
493 5110 592 5163 crucis
604 5109 721 5181 vexillo,
731 5115 900 5183 agnoscunt
914 5112 1015 5167 socios
1070 5142 1189 5181 causam
1206 5124 1382 5188 hammum
1408 5124 1437 5177 in
1456 5125 1514 5179 isio
1536 5128 1632 5180 autem
1647 5125 1776 5196 duplicis
1791 5126 1900 5182 laetitiio

183 5205 260 5262 <11¹0⁸
275 5193 415 5250 timebant
429 5195 779 5270 ⁸dt01²⁸fl¹¹i⁰⁸ieimfll⁸¹¹⁸
794 5215 880 5272 (luam
896 5202 1015 5272 llum·
1068 5216 1145 5270 dona
1156 5212 1405 5283 suscepimuslbi
1416 5212 1498 5268 illum
1508 5214 1539 5268 iu
1549 5213 1816 5271 coelumsublatum
1825 5230 1901 5285 pr»

184 5284 254 5337 runt
269 5283 410 5355 gaudium
424 5284 610 5342 invenerunt·
1069 5303 1220 5373 dieamus3
1237 5302 1285 5356 hic
1299 5301 1381 5356 illum
1396 5302 1425 5355 in
1442 5302 1518 5357 coelo
1533 5308 1714 5370 coronatum,
1734 5305 1764 5359 et
1776 5303 1808 5359 in
1821 5306 1901 5359 terra

219 5395 246 5452 9.
258 5395 413 5469 Elpbepus
423 5397 593 5456 Cantuariaa
603 5403 776 5476 suscipitur.
790 5402 954 5459 Locaturin
969 5418 1015 5458 eo·
1067 5394 1184 5450 nobist
1200 5391 1424 5447 ⁰00d0fl810m·
1447 5390 1626 5449 ssffidittiffl
1646 5392 1702 5448 Μ
1723 5392 1834 5466 Fffitffii
1849 5391 1900 5467 ‘Fi

220 5599 477 5674 (timotheanis
493 5601 801 5661 ecclesiaCantuariaa
820 5600 1016 5662 Christoerat
1069 5602 1160 5658 Panlo
1181 5601 1329 5675 gaudebat
1352 5605 1492 5677 patrono,
1517 5601 1679 5665 translatae
1700 5599 1757 5661 iun
1777 5599 1909 5659 unum·

184 5668 295 5748 nau,
315 5673 456 5749 inquam
480 5688 497 5730 a
520 5673 682 5732 cathedrali
709 5674 926 5751 londoniensi,
947 5692 1014 5753 quoe
1068 5672 1231 5750 Elphegne.
