3900 6112
63 306 118 371 1³3
730 307 858 372 LIBER
884 309 1118 375 SECUNDUS.

1725 292 1796 386 134²

60 508 169 563 dionnt.
183 509 353 566 Notandum
362 525 434 565 vero
449 512 528 581 quod
542 512 627 565 locus
657 509 714 566 iste
730 509 891 581 antiquitus
906 491 936 552 Α
949 509 1028 566 libus
1044 513 1222 584 regulariter
1236 514 1388 588 institutis,
1406 518 1587 574 abbatissam
1603 520 1720 577 nomine
1731 521 1783 578 Er·

61 597 132 653 adeo
141 599 338 669 preminebat,
356 605 387 654 ut
402 600 438 654 ab
448 601 588 656 coomnis
604 601 706 655 nostra
714 601 798 671 regio
808 601 895 655 etiarn
951 603 1288 673 mentrudempraelccit.

60 702 153 757 usque
169 688 201 742 in
216 703 344 758 presens
356 689 477 762 Belgica
492 690 652 745 diceretur.
983 689 1027 744 29.
1057 690 1102 745 De
1125 692 1335 765 villaHaspro.
1364 696 1428 762 Quo
1456 699 1587 766 tempore
1619 698 1781 754 Normanni

91 775 200 830 ‘dofle
219 777 282 830 rico
306 776 447 831 Hasnnm.
465 777 894 849 Invicoetiamqnemdicunt
950 779 1075 834 maxime
1097 781 1216 851 quidem
1245 783 1300 837 llol
1330 788 1451 855 tyranno
1476 786 1627 839 incentore
1658 788 1782 856 perhoo

63 865 195 919 llasnum
205 864 322 920 abbatia
333 865 427 920 luerat
439 867 549 938 regalis
561 867 629 921 olim
639 869 725 939 atque
735 867 894 937 ditissima,
954 882 1088 938 regnum,
1107 875 1137 923 ut
1151 886 1204 940 per
1218 871 1284 941 alia,
1298 872 1587 943 desevierint,etceu
1605 890 1694 944 supra
1704 875 1782 930 dixi-

62 954 108 1008 ubi
124 970 159 1008 ex
177 955 304 1009 maxima
326 958 408 1025 parte
423 956 616 1026 requiescunt
632 971 756 1028 corpora
776 962 894 1011 sancto·
949 958 1054 1026 musti,
1066 957 1224 1028 61),culpis
1235 961 1463 1017 christianorum
1474 963 1781 1036 exigentibusaeccle-

62 1059 124 1096 rum
135 1043 301 1097 Marcellini
313 1049 341 1098 et
351 1045 441 1099 Petri.
456 1045 542 1100 Nunc
552 1049 649 1100 autem
661 1046 822 1117 degeneris
834 1061 894 1099 sre—
950 1045 1011 1099 sias
1024 1049 1193 1101 sanctorum
1203 1051 1314 1118 passim
1325 1053 1544 1107 combusserint
1557 1069 1562 1107 ς
1576 1056 1662 1107 tantae
1678 1054 1782 1108 tormi-

60 1131 112 1185 cnli
127 1133 265 1187 moribus
275 1132 402 1202 viciatiS,
421 1133 469 1187 ubi
485 1135 553 1187 tunc
566 1133 665 1189 clerici
690 1134 775 1205 pauci
788 1134 895 1189 deser·
950 1134 1028 1188 dinis
1043 1139 1215 1207 tempestate
1223 1154 1346 1208 corpora
1356 1145 1534 1202 sanctorum,
1554 1142 1783 1213 hycadri,vide-

60 1220 147 1288 aiunt,
164 1221 331 1278 desolatam
341 1224 370 1276 et
385 1222 504 1293 inopom
518 1222 722 1277 condolemus.
949 1223 1016 1277 licet
1031 1229 1117 1295 atquc
1133 1226 1281 1298 llugoais,
1306 1229 1342 1281 dc
1369 1229 1510 1301 Gcmcgio
1541 1228 1615 1300 (itt)
1647 1231 1781 1299 cenobio,

95 1311 138 1366 25.
157 1313 205 1368 De
228 1311 406 1366 Marceniis.
424 1310 508 1381 Apud
523 1311 622 1365 villam
643 1327 761 1383 quoque
777 1312 894 1366 Marce·
949 1313 1027 1382 quod
1042 1315 1261 1383 superduvium
1271 1317 1437 1388 Sequanam
1448 1335 1506 1373 non
1528 1320 1631 1389 procul
1658 1319 1694 1373 ab
1708 1319 1782 1374 urbe

59 1407 119 1459 nias
149 1400 239 1471 (tit),
266 1399 351 1472 uirgo
378 1396 420 1440 2³3
448 1400 500 1454 Dei
529 1401 664 1472 gloriosa
685 1401 837 1456 llictrudis
859 1418 895 1455 ex
950 1401 1113 1474 Rotomago
1130 1404 1284 1472 situmest,
1303 1406 1454 1460 adviltam
1483 1407 1644 1477 Hasprum,
1663 1423 1729 1478 quae
1746 1407 1782 1460 ab

60 1493 186 1564 propriis
205 1490 314 1560 opibus
324 1492 353 1543 et
369 1489 490 1558 praediis
506 1489 631 1544 consilio
647 1489 742 1544 sancti
756 1490 893 1561 durandi,
949 1489 1022 1543 urbe
1037 1495 1138 1545 nostra
1154 1508 1211 1546 non
1224 1495 1290 1563 plus
1301 1510 1388 1565 quam
1399 1494 1501 1550 decem
1514 1496 1633 1550 milibus
1645 1496 1782 1566 dispara-

59 1584 104 1654 qui
115 1585 189 1636 tunc
200 1579 344 1649 temporis
356 1577 485 1649 insignis
496 1577 670 1648 habebatur,
681 1579 895 1634 monasterium
913 1648 915 1652 Ι
948 1580 1006 1645 tur,
1018 1579 1103 1633 allata
1111 1584 1188 1635 sunt.
1201 1581 1292 1645 Quam
1304 1584 1403 1637 villain
1414 1587 1510 1638 utrum
1522 1585 1557 1638 ab
1569 1588 1652 1638 antea
1660 1599 1783 1654 posses·

58 1670 174 1737 struxit,
187 1669 239 1724 ubi
249 1667 525 1722 sanctimonialibus
534 1667 569 1721 ed
578 1668 768 1722 serviendum
779 1668 895 1740 delega·
951 1667 1213 1739 samsubjacuisse
1225 1671 1378 1740 praelibato
1391 1673 1579 1739 monasterio,
1590 1676 1703 1726 antunc
1714 1675 1783 1726 tem·

57 1763 102 1828 tis,
120 1761 188 1830 ipsa
209 1758 297 1812 ctiam
308 1755 461 1810 abbatissa
475 1756 607 1811 habenas
623 1757 778 1828 regiminis
794 1756 893 1812 mode·
950 1756 1032 1825 poris
1043 1759 1196 1830 autarcge
1207 1761 1282 1814 nuta
1296 1760 1427 1831 quolibet
1437 1762 1568 1830 principe
1579 1777 1634 1831 pro
1652 1761 1782 1816 remedio

56 1852 114 1904 rata
131 1851 191 1903 est.
208 1848 241 1902 ln
259 1846 346 1916 eujus
362 1845 421 1898 vita
436 1844 603 1915 plurimum,
617 1848 721 1915 etpost
735 1845 824 1900 vitam
838 1846 893 1900 ali·
950 1845 1054 1900 animae
1067 1848 1259 1918 receptationi
1271 1852 1441 1902 sanctorum
1451 1850 1585 1903 traditam
1596 1849 1692 1904 luisse
1703 1849 1782 1902 dica-

55 1938 231 2010 quantulum
245 1935 351 2007 religio
367 1934 470 2002 erevit,
495 1950 629 2004 ususque
659 1935 894 1992 aecclesiasticus
949 1949 1026 2004 mus,
1039 1936 1247 1991 incortnmest.
1261 1937 1304 1991 Ex
1316 1937 1363 1992 his
1388 1942 1467 1992 certe
1482 1939 1587 1992 beatus
1603 1938 1781 2008 aycadrius,

56 2026 237 2099 regulariter
245 2023 382 2078 adolevit.
393 2022 499 2078 Secuto
522 2026 618 2078 autern
628 2039 756 2094 semper,
774 2027 805 2078 ut
820 2024 892 2078 dixi-

56 2132 132 2184 mus,
149 2115 181 2168 in
197 2112 329 2168 deterius
341 2111 458 2181 viciato,
471 2111 603 2182 ipsarum
628 2114 715 2167 etiam
727 2113 892 2183 puellarum

55 2204 127 2260 ordo
142 2203 250 2257 viciari
267 2206 295 2256 et
310 2202 465 2272 depravari
490 2205 637 2272 caeperat,
661 2201 781 2273 jamque
797 2203 892 2275 magis

55 2311 87 2347 ac
103 2293 205 2366 magis
220 2291 400 2361 depravatus
416 2306 480 2345 mos
496 2291 523 2343 in
553 2290 694 2363 degeneri
723 2292 893 2362 posteritate

56 2396 151 2454 usque
167 2383 199 2436 in
213 2394 342 2451 presens
358 2379 523 2434 duraverat.
534 2379 636 2450 Nuper
646 2396 718 2434 vero
732 2380 893 2452 jamdictus

53 2471 146 2525 abbas
164 2469 361 2538 Leduwinus,
378 2467 508 2523 Gerardo
520 2469 663 2538 episcopo
679 2470 707 2523 et
722 2468 893 2523 marchione

54 2560 199 2614 Balduino
215 2557 434 2629 satagentibus,
461 2556 586 2610 laminas
615 2558 742 2626 turpiter
756 2557 893 2612 viventes

54 2649 195 2703 mundato
212 2648 279 2701 loco
296 2645 472 2713 exturbavit,
490 2661 524 2698 ac
542 2646 701 2699 monachos
716 2647 766 2716 qui
787 2646 893 2700 melius

56 2741 83 2792 et
97 2732 327 2808 religiosius22²
337 2735 398 2789 Deo
407 2738 435 2788 et
450 2734 601 2804 prelibatae
612 2733 734 2805 virgini,
747 2751 812 2804 quae
835 2727 909 2789 ibi-'

54 2828 121 2881 dem
136 2825 278 2897 quiescit,
297 2825 478 2892 deserviant,
496 2824 656 2879 constituit.

87 2913 134 2969 Ἦ.
163 2913 207 2968 Dc
232 2913 401 2984 Hamatgia.
429 2912 492 2966 Nec
522 2913 623 2982 procul
653 2911 732 2981 hinc,
765 2914 793 2967 in
823 2913 893 2967 villa

950 2028 1083 2078 asaactc
1100 2025 1240 2080 Filiberto
1257 2025 1393 2098 ejusdem
1408 2028 1523 2081 cenobii
1551 2028 1656 2082 abbate
1672 2027 1782 2096 proba-

948 2112 1064 2168 tissimo
1081 2115 1174 2168 abbas
1190 2116 1276 2168 ctiam
1292 2117 1482 2185 constitutae,
1506 2116 1640 2187 regimen
1662 2131 1783 2170 sacrum

947 2203 1063 2273 agebat,
1082 2204 1211 2274 vitaeque
1230 2205 1364 2258 moribus
1381 2208 1407 2257 et
1419 2206 1560 2259 virtutum
1577 2206 1783 2259 coruscatione

948 2291 1089 2363 fulgebat.
1102 2293 1146 2345 nd
1155 2292 1244 2363 cujus
1253 2294 1328 2363 piam
1338 2295 1593 2348 conversationem
1605 2296 1726 2347 sanctus
1735 2293 1782 2346 vir

948 2380 1061 2434 Domini
1072 2381 1159 2453 Ilugo
1170 2383 1401 2453 liotomagcnsis
1409 2382 1580 2451 episcopua,
1591 2380 1781 2434 Karlemanni

948 2470 1030 2540 regis
1047 2469 1134 2539 tilius,
1151 2469 1249 2523 divina
1266 2471 1457 2540 inspiratione
1474 2485 1652 2536 succensae,
1670 2468 1781 2522 relictis

948 2556 1094 2627 siquidem
1104 2558 1573 2628 episcopatushalicniscurisque
1585 2556 1781 2612 saecularibus

948 2645 1101 2713 abdicatis,
1120 2647 1305 2716 disciplinam
1324 2647 1535 2702 monachornm
1552 2651 1579 2701 et
1598 2646 1730 2700 habitum
1747 2660 1782 2698 ex

948 2733 1782 2807 totodesiderioappctivit3sacrisquemagistrimoribus

948 2823 1781 2897 informatus,omnivirtutumgenereperlectusemicuit.

948 2913 1042 2966 Ambo
1053 2916 1149 2967 autem
1165 2913 1214 2983 qni
1230 2916 1258 2967 et
1273 2915 1377 2985 quales
1394 2913 1552 2981 extiterint,
1581 2928 1682 2966 eorum
1699 2911 1782 2964 Vitas

53 3003 210 3075 Hamatgia
248 3000 333 3071 (aaut,
373 3002 459 3056 beata
488 3017 605 3072 quoque
639 3001 765 3056 (lbristi.
785 2998 1437 3072 famulaClegentibusevidenteroccurrit.
1468 3001 1523 3055 His
1553 3001 1690 3054 nimirum
1707 2997 1784 3068 apud

56 3092 201 3160 Eusebia,
216 3091 360 3161 predictae
375 3091 491 3145 scilicet
506 3090 631 3162 virginis
651 3090 719 3158 illia,
751 3107 787 3146 ex
802 3091 893 3147 rebus

56 3180 248 3235 hereditariis
260 3180 429 3234 aecclesiam
445 3180 562 3249 struxit,
576 3196 673 3251 quam,
687 3181 892 3236 sanctimonia·

56 3269 133 3323 libus
144 3269 332 3336 constitutis,
349 3269 436 3323 etiarn
448 3269 513 3339 ipsa
525 3269 675 3324 abbatissa
686 3285 738 3340 pro
751 3271 861 3325 modos
879 3301 893 3311 -

56 3359 172 3412 cultatis
189 3357 284 3410 multa
300 3373 354 3428 ope
370 3359 479 3412 dotavit
494 3375 499 3420 ;
517 3374 583 3428 qum
604 3374 680 3412 nunc
697 3374 750 3428 per
766 3359 894 3413 saecula·

58 3448 172 3501 ritatem
203 3446 329 3500 multum
357 3445 488 3516 delapsa,
521 3448 569 3499 rix
599 3463 710 3516 paucos
735 3449 894 3503 canonicos

58 3535 152 3590 habet.

88 3624 130 3678 28.
151 3624 198 3677 De
215 3622 352 3694 Daneng.
372 3624 489 3678 Rursus
506 3640 623 3696 quoquc
643 3625 671 3677 in
687 3625 752 3679 vico
768 3625 896 3697 lluneng

60 3712 128 3782 itta)
151 3714 244 3767 beata
273 3711 444 3766 Heiniredis
473 3728 511 3766 ex
537 3715 583 3767 sui
612 3713 689 3783 juris
718 3714 808 3768 rebus
834 3714 895 3768 cel-

61 3802 110 3855 lam
126 3802 278 3869 fundavit,
295 3803 333 3867 et,
350 3802 627 3856 sanctimonialibus
639 3802 817 3871 constitutiS,
831 3803 894 3872 ipsa

62 3892 140 3945 etiam
150 3891 310 3945 abbatissa
325 3891 523 3961 regimonium
540 3891 631 3944 duxit.
654 3888 785 3944 Hancttt
798 3895 895 3946 autem

63 3984 159 4048 postea
171 3981 363 4035 incumbente
372 3980 469 4049 inopia
478 3980 645 4034 inclinatam
663 3981 749 4049 pauci
761 3980 895 4035 canonici

63 4069 237 4137 incolebant,
248 4068 342 4123 donec
359 4069 484 4123 consitio
501 4069 598 4123 domni
614 4070 737 4124 Gerardi
761 4070 893 4140 episcopi

63 4161 85 4210 ct
95 4158 251 4213 haduwini
263 4159 391 4224 abbatie,
408 4158 550 4212 moderno
575 4163 705 4228 tempore
732 4159 893 4213 Balduinus

948 3086 1782 3160 hancuillnmpcsthacremancntiliuS,monasteriofacto,

948 3179 1101 3232 monachis
1118 3179 1282 3249 delegatis,
1310 3179 1345 3232 ad
1361 3177 1476 3231 laudem
1492 3192 1595 3231 eorum
1612 3178 1678 3246 pius
1693 3180 1721 3230 ct
1732 3177 1784 3229 mi·

948 3270 1080 3324 sericnrs
1097 3269 1175 3322 Deus
1191 3269 1291 3334 multa,
1301 3269 1388 3320 immo
1400 3271 1428 3320 et
1437 3266 1629 3320 celeberrima
1641 3264 1784 3320 virtutum

948 3356 1084 3430 prodigia
1100 3358 1238 3429 dignatus
1263 3360 1309 3409 est
1325 3355 1452 3424 operari,
1468 3355 1626 3408 intantum
1656 3369 1727 3407 sane
1754 3356 1785 3408 ut

948 3463 1034 3502 nemo
1055 3463 1090 3501 cx
1106 3447 1213 3500 vicinis
1236 3445 1406 3515 potentibus
1435 3448 1485 3498 aut
1514 3443 1543 3496 in
1568 3442 1784 3511 expeditionem

948 3537 1104 3607 aliquando
1115 3534 1349 3602 transcuntibus
1361 3534 1418 3587 ulla
1436 3532 1688 3602 presumptionem
1700 3534 1784 3585 ante-

950 3627 1004 3679 hae
1020 3626 1125 3679 audeat
1142 3623 1285 3695 irrogare.
1299 3621 1356 3676 Sed
1372 3622 1440 3691 quia
1460 3621 1674 3674 monachorum
1689 3619 1783 3674 abbas

949 3716 1038 3786 longe
1050 3715 1159 3782 aberat,
1170 3727 1282 3783 eosque
1294 3711 1446 3765 rarissime
1461 3725 1516 3779 pro
1532 3709 1702 3764 difficultate
1714 3708 1784 3763 lon·

951 3803 1123 3876 ginquitatis
1138 3802 1260 3855 visitare
1276 3800 1400 3866 solebat,
1413 3798 1585 3852 inlibertale
1595 3798 1787 3852 solutisaecu-

951 3891 1218 3956 lumsectabantur,
1229 3885 1787 3960 inregulariterqueviventesusquead

950 3985 1066 4051 tempus
1078 3980 1200 4035 (lerardi
1226 3978 1369 4046 episcopi,
1388 3979 1487 4046 utpote
1516 3975 1629 4046 absque
1659 3977 1785 4046 rectore,

951 4069 1200 4140 periclitabantur.
1213 4066 1295 4131 Quod
1306 4066 1412 4119 videns
1424 4064 1595 4134 episcopus,
1609 4062 1747 4117 abbatem
1756 4065 1787 4117 ut

952 4160 1007 4213 hoc
1022 4158 1184 4228 corrigeret
1197 4170 1277 4224 saepe
1293 4154 1491 4222 commonuit,
1508 4151 1562 4205 sed
1576 4152 1655 4222 quia,
1675 4152 1786 4216 utdixi·

65 4261 156 4300 comcs
167 4247 203 4301 ad
216 4246 376 4317 pristinum
387 4251 495 4301 statum
507 4247 645 4317 restituit,
663 4248 762 4319 ibique
778 4248 892 4302 monia·
907 4256 935 4317 D
951 4263 1027 4316 mus,
1040 4247 1127 4317 longe
1139 4246 1248 4312 aberat,
1262 4243 1476 4296 correctionem
1491 4239 1670 4294 morabatur.
1681 4239 1785 4292 Conti-

719 4410 866 4471 VARIAE
888 4409 1122 4472 LECTIONES

96 4536 134 4579 m
150 4554 269 4592 cresum
281 4538 304 4592 l.
313 4546 488 4609 expunctum
497 4539 524 4593 ἰ).
537 4540 625 4592 blare.
635 4538 767 4609 gloriosa
778 4543 910 4593 matrona
919 4541 1010 4594 llictr.
1021 4538 1048 4593 5.
1066 4538 1105 4592 ci.
1119 4539 1199 4592 inira
1210 4537 1259 4602 III,
1271 4537 1287 4590 8
1303 4543 1331 4591 et
1346 4536 1486 4607 Dueanpe
1498 4551 1522 4589 s.
1543 4552 1568 4588 r.
1589 4533 1687 4614 Virgo.
1697 4530 1787 4615 ”tna

70 4607 89 4660 ἓ.
103 4607 128 4662 6.
145 4609 310 4681 religiosus
326 4610 352 4663 t.
369 4607 409 4651 ἥδ
419 4610 471 4664 hoc
483 4617 567 4681 caput
578 4610 640 4663 int.
649 4611 798 4680 primoita
810 4610 967 4665 desinebat
980 4631 987 4663 :
1000 4611 1082 4664 llario
1096 4613 1192 4664 autem
1209 4649 1543 4663 ..............
1561 4605 1706 4659 canonici.
1726 4602 1789 4658 bed

71 4681 161 4734 scriba
173 4682 247 4751 ipse,
259 4698 315 4735 non
328 4686 440 4747 auctor,
458 4681 557 4735 erasis
567 4681 693 4753 quinque
704 4680 752 4735 vel
760 4696 816 4735 sex
829 4682 950 4736 vocibus
961 4698 1022 4753 qliae
1031 4683 1113 4735 inter·
1127 4685 1260 4735 autemet
1272 4679 1406 4734 canonici
1417 4678 1547 4745 fucrant,
1560 4691 1675 4729 rasurae
1685 4690 1719 4728 su
1740 4689 1788 4728 er-

71 4752 186 4822 scripsit
192 4755 296 4819 postea
307 4752 326 4805 i.
337 4752 356 4805 i.
369 4752 447 4818 incli,
460 4752 574 4823 reliqua
584 4752 851 4822 natam—prefecit
860 4754 890 4806 in
898 4752 1188 4823 rnaigiucsupplcrit
1196 4753 1297 4807 eodem
1305 4766 1431 4822 prorsus
1440 4754 1665 4818 atramentoque
1672 4760 1707 4800 re
1721 4745 1788 4817 iqua

71 4826 167 4876 omnia.
186 4822 290 4876 Vocem
297 4823 660 4877 canonicidelereoblitus
667 4828 723 4877 est.
734 4823 878 4895 Sequenti
889 4840 960 4878 vcro
968 4831 1098 4895 tempore
1107 4824 1292 4895 quumcodcx
1301 4839 1316 4876 a
1326 4821 1496 4891 bibliopega
1503 4817 1789 4919 riortcideretur,pr·i·

71 4909 114 4946 uae
123 4893 257 4965 cqp'usris
269 4893 356 4948 lineae
365 4893 477 4959 litterae
485 4894 612 4948 abscisa
620 4900 698 4962 sunt,
709 4893 826 4948 scilicet
836 4896 943 4961 natam,
955 4895 1023 4961 nioi,
1037 4895 1141 4963 donec,
1155 4896 1213 4948 mni
1223 4895 1275 4962 Ge,
1289 4892 1421 4959 laeduwi,
1433 4888 1544 4956 moder,
1555 4892 1612 4942 etc.
1631 4887 1703 4941 Hoeo
1717 4899 1744 4941 ⁰..

1760 4887 1787 4942 6.

71 4962 197 5033 legerunt
209 4964 403 5036 adducetque
419 4965 551 5033 exibant,
566 4965 667 5035 pronti
690 4980 778 5036 supra
795 4964 930 5019 dedimus
937 4985 946 5030 ,·
967 4965 993 5019 i.
1010 4966 1074 5036 jam
1090 4981 1191 5019 raanan
1207 4966 1247 5018 ita
1265 4964 1388 5018 exliibet
1404 4978 1409 5015 :
1427 4977 1456 5030 p.
1468 4961 1487 5014 i.
1505 4959 1697 5013 inclinantem
1713 4975 1742 5028 p.
1761 4974 1787 5013 c.

69 5034 307 5090 incolebant....
338 5035 463 5090 consilio
489 5035 516 5089 d.
542 5036 575 5089 G.
598 5051 623 5089 e.
649 5038 697 5089 et.
717 5078 722 5090 .
743 5077 750 5089 .
774 5077 779 5088 .
801 5035 940 5090 abbatis.
965 5078 971 5090 .
992 5079 996 5090 .
1018 5079 1022 5090 .
1046 5040 1194 5106 tempore.
1217 5077 1249 5090 ..
1272 5077 1277 5089 .
1297 5077 1303 5089 .
1327 5076 1333 5088 .
1356 5075 1363 5087 ·
1387 5076 1392 5086 .
1414 5075 1420 5086 ·
1441 5073 1447 5085 ·
1467 5030 1555 5084 ..ΠΕ
1571 5030 1790 5097 VlLLh,ctc.,·

69 5103 89 5157 3,
103 5107 258 5232 habeiztg:1
274 5107 293 5160 i.
324 5106 421 5176 inopia
450 5107 535 5177 pauci
562 5107 619 5161 c.i.
637 5121 703 5160 eum
726 5107 850 5160 consilio
866 5106 965 5162 domni
980 5107 1012 5161 G.
1031 5123 1056 5161 e.
1074 5113 1102 5162 et
1117 5109 1150 5162 ¹1.
1167 5124 1193 5162 a.
1210 5124 1247 5160 m.
1263 5109 1395 5175 tempore
1447 5102 1600 5156 eomesnd
1619 5102 1788 5170 pristinum

69 5180 168 5231 statum
182 5193 215 5232 re

259 5177 455 5248 xitibiquem.
466 5194 490 5231 r.
502 5178 522 5230 i.
539 5193 565 5231 a.
582 5193 611 5231 n.
628 5177 660 5230 E.
677 5194 705 5246 p.
722 5177 856 5249 Denique
883 5179 909 5232 5.
924 5183 1013 5233 totum
1028 5178 1120 5233 locum
1136 5179 1178 5232 ita
1195 5177 1321 5233 exhibet
1340 5179 1498 5229 tractatum:
1515 5172 1574 5228 Sed
1602 5172 1790 5242 postmodum

67 5248 185 5304 consilio
195 5247 428 5304 domniGerardi
437 5248 569 5321 episcopi
580 5252 609 5303 et
617 5248 864 5303 Leduiniabbntis
876 5249 1145 5305 Balduinuseomes
1154 5251 1190 5304 ad
1201 5244 1648 5320 pristinumslatummonialium
1660 5241 1788 5308 reduxit,

66 5317 160 5390 ibique
187 5320 334 5375 moniales
353 5319 449 5375 saneti
477 5319 638 5392 Benedicti,
656 5335 722 5374 cum
739 5323 806 5375 ante
835 5318 962 5376 fuissent
990 5322 1157 5393 regulares,
1186 5318 1359 5388 introduxit,
1381 5317 1490 5389 quibus
1506 5315 1689 5370 abbatissam
1705 5313 1739 5366 E.
1758 5327 1787 5381 p.

852 5469 990 5534 NOTAE.

64 5605 192 5687 etpumia
218 5604 224 5616 ‘
281 5604 336 5659 bac
370 5620 428 5660 una
450 5606 543 5662 nostri
579 5606 750 5662 auctoritate
784 5606 894 5661 nititur.

63 5675 170 5730 landon
223 5675 265 5748 'g.
281 5675 395 5744 ami:
416 5675 520 5750 Belgis
548 5678 660 5734 civitas
686 5681 732 5732 cst
750 5677 896 5743 Galliae

57 5764 121 5875 gg
128 5747 189 5875 {del
208 5747 425 5892 r'cgpggbqineia
441 5749 519 5806 dicta
534 5756 590 5807 cst.
611 5749 656 5805 Ct.
674 5748 805 5805 Annales
823 5764 895 5803 nos-

714 5946 729 5979 9

987 5607 1048 5662 (aar
1074 5605 1292 5661 biarchienncs.

987 5671 1051 5745 (tlt
1076 5679 1219 5750 Hamagc,
1235 5691 1346 5749 propre
1360 5676 1579 5731 Marchiennos.

986 5748 1060 5820 (273)
1077 5749 1199 5818 Dennin,
1215 5749 1292 5805 inter
1307 5750 1399 5806 Douai
1413 5752 1442 5804 et
1458 5746 1685 5802 Valeneiennss.

990 5820 1065 5893 (tlt)
1079 5820 1243 5896 lumidges.

1722 5568 1836 5762 Ῑ
