3908 6112
120 343 181 408 6⁰5
772 329 1002 395 OPUSCULA
1024 325 1184 391 SPURIA

155 543 260 608 Peme,
278 555 376 608 rosas,
391 537 462 605 lilia,
478 537 585 592 vellem
601 532 773 604 collegisse,

119 630 156 685 Et
172 629 317 701 quidquid
333 626 456 698 puerulo
473 627 575 696 posset
590 622 759 694 placuisse;

119 719 201 787 Heu,
218 734 275 772 our
288 733 346 771 non
360 715 443 770 licuit
458 714 529 768 mihi
543 717 571 767 te
586 712 710 779 vidisse,

117 806 156 860 Et
173 805 299 875 parvulo
312 802 510 875 pulcherrimo
524 800 666 870 praedicta
682 799 815 853 iecisse?

156 893 261 962 Forte,
278 893 325 963 pie
339 891 473 963 parvule,
490 906 536 944 me
551 905 610 944 non
625 886 801 959 repulisses,

115 983 180 1038 Sed
199 997 299 1036 meum
313 980 443 1035 osticium
458 981 541 1051 grete
556 976 744 1048 accepisses,

113 1074 165 1126 Ae
182 1085 275 1125 servo
291 1069 417 1124 sollicito
434 1068 564 1122 clemens
580 1065 749 1132 arrisisses,

114 1161 189 1215 Nee
204 1174 265 1214 non
280 1156 492 1229 indulgentiam
507 1153 641 1226 precanti
656 1152 805 1207 dedisses.

297 1290 300 1296 ,
372 1246 540 1316 Disputatio
554 1244 585 1297 in
601 1241 716 1314 templo.

155 1336 241 1389 Dum
257 1350 330 1405 puer
344 1333 499 1390 duodecim
515 1347 657 1386 annorum
672 1331 803 1385 moretur

110 1425 150 1480 ln
168 1424 284 1494 templo
298 1422 475 1490 ierusalem,
491 1421 585 1476 Mater
599 1421 808 1484 contristatum

971 513 1000 575 Α
1049 531 1123 585 Nem
1140 530 1169 583 in
1185 528 1334 584 exercitiis
1348 530 1376 582 le
1392 527 1559 597 exemplum
1574 526 1681 595 dendo,

1013 621 1096 687 Quod
1112 636 1167 674 nos
1183 619 1274 674 doces
1289 617 1396 680 iacere,
1415 616 1520 687 imples
1537 614 1735 686 pernoctando

1013 712 1046 766 lu
1062 709 1256 778 orationibus,
1272 712 1300 762 et
1315 707 1345 761 in
1360 706 1519 777 vigilando,

1014 799 1173 878 Eetigarie,
1190 797 1299 865 esuris,
1316 796 1383 851 sitis
1398 795 1571 850 laborando.

1355 883 1511 940 Mirecule.

1051 977 1152 1045 Villae,
1170 979 1266 1030 cestre
1282 975 1402 1042 circuis
1419 989 1545 1045 regnum
1560 971 1749 1043 preadicando

1014 1068 1140 1134 Surdus,
1155 1067 1264 1130 mutos,
1282 1063 1448 1135 languidos,
1466 1077 1623 1133 cereosque
1639 1060 1780 1128 carendo,
1804 1128 1807 1135 ,

1015 1154 1197 1227 Expellendo
1212 1155 1374 1220 daemones,
1391 1155 1524 1207 mortuos
1539 1149 1674 1219 levando,

980 1269 982 1274 ·
1014 1244 1156 1300 Pluribus
1172 1244 1225 1298 das
1241 1242 1356 1297 veniam
1372 1243 1492 1313 peccata
1505 1240 1641 1294 laxando.
1754 1276 1759 1281 -

1051 1333 1233 1405 Disputando
1249 1333 1336 1387 etium
1350 1330 1460 1387 diceris
1475 1330 1617 1398 lussntus,

1016 1424 1169 1482 Atudaers
1184 1423 1260 1493 ipsis
1275 1438 1356 1492 saepe
1370 1420 1558 1491 reprobatus,

109 1512 219 1579 Quem
234 1512 305 1567 dum
319 1525 459 1583 queerens
474 1510 594 1580 reperit,
614 1524 681 1564 cum
696 1507 810 1578 loseph
825 1507 959 1576 miratur,
1016 1517 1041 1570 Α
1057 1514 1166 1586 quibus
1181 1511 1331 1568 multoties
1346 1526 1380 1566 es
1393 1509 1563 1581 injuriatus,

109 1602 177 1668 Qui
195 1601 304 1656 doctos
319 1600 482 1671 interroget
495 1600 525 1654 et
539 1597 681 1667 stupenda
698 1597 786 1651 satur.

152 1689 182 1745 0
198 1690 271 1762 quis
285 1689 367 1744 novit
382 1687 511 1759 gemitus
526 1685 660 1758 Virginis
680 1685 817 1754 dolentis,

110 1779 220 1835 Suum
235 1777 422 1849 unigenitum
435 1776 533 1831 triduo
548 1774 721 1848 quaerentis,

109 1868 181 1924 Cur
198 1867 246 1922 sic
263 1865 312 1920 ille
327 1864 432 1921 lecerit
445 1864 493 1934 pie
509 1863 740 1935 conquerentis?

112 1956 189 2010 Hoc
207 1955 313 2010 dolore
327 1954 480 2022 uulneres,
497 1952 580 2020 iesu,
598 1967 649 2007 eor
664 1951 801 2023 legentis.

153 2043 182 2098 O
200 2058 292 2114 quem
308 2058 388 2111 eaepe
404 2041 529 2109 aestimo,
546 2040 621 2094 dixit
635 2039 728 2094 hlater
742 2038 867 2108 Christi,

114 2131 211 2189 Heul
228 2148 326 2188 meum
343 2129 493 2188 solatiuml
511 2147 564 2186 cur
579 2146 625 2185 me
639 2128 806 2202 reliquisti?

113 2223 201 2290 Quo,
220 2223 262 2276 mi
277 2225 343 2276 nate
357 2223 455 2290 unice,
467 2216 540 2275 heul
557 2234 616 2290 quo
632 2217 737 2272 ivisti?

115 2312 221 2379 Redi,
238 2325 357 2380 precor,
374 2309 430 2380 ltli,
449 2308 513 2362 redi
529 2306 613 2362 metri
629 2306 716 2361 tristi.

155 2400 287 2456 Utinem
301 2402 368 2468 post
382 2398 486 2453 lesum
502 2396 546 2452 sie
562 2410 725 2451 cormeum
740 2393 904 2466 langueret,

116 2489 154 2545 st
173 2486 346 2559 quaerendo
356 2485 474 2558 jugiter
489 2485 590 2540 intime
604 2481 733 2539 doleretl

116 2579 220 2634 Forte
236 2575 488 2631 elementissimus
504 2575 575 2629 mihi
592 2576 757 2644 appareret,

115 2668 163 2722 hc
182 2682 254 2721 suae
272 2664 437 2720 clementiis
452 2663 566 2717 ilrmem
583 2677 665 2731 spem
681 2660 837 2731 preberet.

156 2754 242 2822 Sed,
260 2751 334 2809 heul
354 2754 444 2822 lesu,
461 2768 513 2808 cor
531 2767 628 2806 meum
648 2751 703 2805 hoc
719 2752 798 2805 caret
812 2749 965 2821 languore,

118 2845 210 2899 Raro
227 2841 308 2897 enim
323 2842 429 2912 quierit
442 2844 478 2909 te,
491 2857 546 2896 nee
561 2843 629 2894 tuno
645 2854 712 2894 cum
727 2839 862 2907 ierv0r03

116 2933 192 2987 Tibi
209 2931 301 2999 illud,
318 2929 463 2999 desumi,
479 2928 596 2984 retrahe
612 2928 727 2997 timore,

117 3020 235 3087 Quieta
249 3018 417 3084 dulcedine,
435 3017 586 3089 restringe
599 3032 709 3072 amore.

157 3108 317 3164 Subderis
330 3106 515 3177 parentibus,
532 3120 642 3176 regens
657 3104 812 3174 universe3

121 3196 178 3253 Cui
198 3199 310 3250 cuncta
324 3195 468 3264 serviunt,
484 3193 584 3249 servis
599 3194 665 3249 viee
680 3209 779 3248 verse.

123 3283 274 3340 Odivina
289 3283 430 3352 charitas,
446 3283 535 3337 nimis
552 3299 585 3339 es
601 3283 749 3353 disperse,

126 3373 208 3429 Dum
225 3387 282 3443 pre
296 3371 384 3426 nobis
398 3370 519 3426 miseris
535 3371 669 3425 sustines
684 3371 810 3426 adverse

467 3459 645 3532 Baptismus,

164 3549 341 3620 Beptimtus
355 3549 504 3620 promeris
517 3565 535 3602 e
551 3564 623 3603 voce
640 3548 769 3618 paterna,

136 3638 343 3696 Descendente
359 3639 492 3707 superte
508 3636 645 3691 columbe
660 3651 799 3706 superna.

139 3727 163 3782 ln
178 3729 305 3784 deserto
315 3727 426 3796 esuris,
438 3724 462 3779 Ο
474 3725 573 3780 Virtus
589 3729 708 3794 telerna,

142 3815 221 3872 t'icto
236 3816 325 3871 hoste
341 3829 511 3886 congregas
527 3813 644 3885 agmine
659 3813 798 3868 truterna.

401 3903 486 3975 Aqua
501 3901 580 3957 fectu
599 3903 706 3957 vinata.

170 3995 306 4048 Vocatus
321 3991 358 4046 ad
372 3992 491 4061 nuptias
502 3989 653 4061 incoepisti
667 3991 765 4061 signa,

144 4082 231 4138 llatre
246 4082 422 4136 admonente
437 4083 465 4135 te
480 4080 619 4135 omnibns
634 4078 774 4152 benigna.

144 4171 231 4226 Oeur
245 4169 472 4240 reprehenditur
485 4167 619 4226 Genitrix
634 4171 692 4223 tam
707 4168 812 4241 digne,

143 4258 210 4326 Qum
225 4258 300 4314 nulli
314 4260 403 4330 negot
417 4273 481 4313 suae
495 4257 612 4327 pietatis
628 4254 731 4329 signal

174 4349 287 4404 Tamen
301 4346 380 4418 quod
394 4348 602 4418 suggesserat,
619 4346 719 4401 statim
735 4344 867 4402 faciebus
875 4365 882 4414 ;

144 4435 213 4504 Quia
228 4436 302 4492 nihil
317 4437 429 4505 poterat
442 4433 501 4489 nisi
516 4433 595 4505 quod
610 4434 749 4504 volebas;

146 4527 216 4582 Nam
232 4526 262 4580 in
278 4524 378 4578 vinum
393 4523 534 4595 optimum
550 4538 656 4594 equum
672 4523 879 4593 convertebas,

146 4615 176 4670 Et
189 4632 244 4682 per
258 4615 316 4669 hoc
331 4611 495 4682 discipulos
511 4611 547 4664 nd
562 4611 649 4665 tidem
665 4611 814 4667 trahebas.
886 4648 890 4655 -

175 4704 199 4759 0
215 4704 309 4774 Virgo
324 4699 483 4771 purissima
499 4699 586 4769 plena
601 4700 727 4755 summis
741 4701 839 4774 bonis,

147 4792 224 4848 llitas
240 4806 346 4848 omues
360 4792 488 4843 miseros
504 4787 563 4842 tuis
578 4789 673 4843 sacris
688 4789 776 4846 donis
794 4807 800 4848 :

149 4883 236 4954 Reple
252 4880 321 4934 vino
336 4879 444 4950 optimo
460 4891 516 4931 nos
531 4875 709 4948 devotionis,

150 4971 273 5026 Unicum
288 4967 432 5039 irriguum
447 4965 484 5019 da
498 4965 744 5035 compunctionis.

177 5057 259 5115 Heni
274 5055 490 5128 benignissima
507 5053 601 5108 Mater
615 5054 780 5126 benedicte,

149 5149 175 5204 ln
189 5146 279 5203 nobis
294 5144 410 5200 devotio
424 5158 483 5198 non
498 5146 545 5198 est
561 5141 621 5197 nisi
635 5142 702 5198 flete
718 5161 726 5210 ;

150 5235 265 5311 Frigida
279 5236 349 5290 suut
362 5235 482 5304 pectore
497 5231 653 5303 animeque
668 5231 788 5303 aillieta,

150 5326 295 5382 Succurre
309 5337 378 5377 mox
392 5320 511 5375 miseris
527 5335 598 5390 spes
614 5335 731 5377 reorum
745 5323 832 5380 dieta.

95 5470 100 5474 .
177 5418 254 5472 iesu
267 5409 496 5484 benignissime,
512 5408 550 5464 ob
565 5408 668 5463 Matris
683 5408 837 5483 honorem,

151 5502 233 5559 Verte
249 5501 339 5557 corde
354 5499 462 5571 frigide
476 5498 506 5552 in
521 5501 602 5552 tuum
617 5512 747 5554 amorem
763 5516 769 5556 :

151 5591 182 5648 Ut
196 5606 318 5662 semper
331 5585 522 5657 multiplicem
532 5600 692 5657 pensemus
708 5588 850 5661 laborem,

150 5679 237 5746 Quem
252 5694 308 5750 pro
323 5677 409 5733 nobis
423 5689 534 5746 passus
549 5689 594 5744 es,
610 5676 792 5750 multumque
807 5681 951 5742 dolorem.

1016 1604 1140 1660 Necnon
1155 1598 1311 1673 aliquoties
1327 1600 1364 1655 ab
1378 1597 1427 1654 his
1440 1596 1675 1669 blasphematus.

1054 1693 1110 1747 Pro
1124 1705 1171 1745 me
1187 1691 1295 1761 quante
1310 1689 1454 1755 sustines,
1471 1681 1668 1742 obeetitudol

1017 1782 1076 1837 Pro
1089 1795 1135 1835 me
1151 1779 1188 1834 fis
1203 1781 1234 1834 ut
1248 1776 1366 1846 debilis,
1383 1777 1436 1831 Dei
1451 1775 1601 1832 fortitudo.

1019 1871 1075 1926 Pro
1091 1885 1137 1925 me
1152 1868 1220 1923 vilis
1231 1867 1295 1922 risa
1311 1882 1356 1935 es,
1372 1880 1443 1920 vere
1457 1862 1646 1935 pulchritudo
1663 1878 1669 1917 :

1018 1959 1056 2016 Et
1068 1960 1104 2014 fls
1120 1958 1206 2032 quasi
1221 1955 1369 2027 indigens,
1387 1970 1503 2009 summa
1518 1952 1678 2023 plenitudo.

1054 2049 1111 2103 Pro
1126 2063 1173 2103 me
1189 2046 1344 2118 augustata
1359 2059 1404 2115 es,
1420 2043 1509 2114 longa
1519 2040 1652 2109 latitudo,

1017 2140 1075 2194 Pro
1091 2153 1137 2192 me
1151 2136 1284 2191 breviata
1297 2149 1342 2202 es,
1357 2133 1413 2188 lata
1430 2131 1593 2204 longitudo,

1017 2228 1075 2282 Pro
1090 2241 1136 2280 me
1153 2223 1291 2279 inclinato
1307 2237 1351 2291 es,
1368 2235 1475 2291 magns
1491 2218 1624 2284 altitudo,

1019 2316 1078 2370 Pro
1092 2330 1139 2369 me
1154 2328 1247 2384 prone
1264 2310 1411 2376 immines,
1428 2306 1484 2362 ulte
1500 2304 1682 2378 magnitude.

1053 2404 1113 2459 Cur
1126 2404 1168 2457 tot
1181 2401 1253 2457 dura
1270 2399 1414 2467 sustines,
1430 2399 1508 2451 tenta
1525 2393 1691 2450 celsitudo?

1018 2493 1084 2549 'libi
1100 2492 1188 2547 nimis
1201 2493 1281 2546 reeta
1297 2493 1345 2544 est
1358 2492 1408 2543 tua
1423 2485 1578 2541 rectitudo.

1019 2583 1099 2655 Ergo
1115 2596 1162 2636 me
1176 2582 1218 2635 tot
1233 2592 1386 2633 munerum
1402 2577 1500 2629 vincet
1514 2571 1680 2640 multitudo,

1020 2672 1101 2729 Utin
1117 2685 1162 2725 me
1178 2669 1218 2725 sit
1233 2684 1306 2739 ergo
1321 2670 1349 2722 te
1365 2680 1484 2734 semper
1495 2661 1653 2735 gratitudo.

1201 2756 1377 2829 Triumphus
1390 2751 1672 2825 Hierosolymorum.

1055 2850 1264 2906 consummato
1279 2849 1413 2915 tempore
1428 2840 1663 2914 predicationis3

1021 2940 1070 2997 Sic
1086 2953 1177 3008 super
1191 2936 1318 3005 usinum,
1336 2933 1386 3004 qui
1402 2932 1491 2987 sedes
1507 2931 1536 2984 in
1552 2927 1666 2983 thronis

1020 3030 1168 3097 Properas
1182 3023 1360 3085 Jerusalem,
1377 3036 1466 3076 ceusu
1482 3015 1657 3089 passionis‘.l

1021 3118 1129 3174 Turbes
1144 3128 1247 3169 vocem
1263 3111 1404 3166 resonant
1418 3104 1630 3162 venerationis.

984 3196 1010 3260 C
1058 3207 1143 3261 Nunc
1159 3202 1277 3272 festine,
1293 3199 1399 3266 anima,
1416 3209 1504 3250 curre
1518 3193 1584 3248 sine
1601 3204 1685 3246 more
1701 3204 1708 3244 t

1022 3295 1104 3362 Quia,
1120 3296 1151 3347 ut
1166 3288 1352 3355 consideras,
1367 3299 1438 3341 ecee
1452 3283 1534 3338 venit
1548 3280 1631 3336 hora.

1023 3383 1179 3439 Dominum
1194 3395 1262 3434 cum
1277 3375 1395 3432 caeteris
1411 3371 1584 3429 collaudans
1600 3366 1701 3436 adore,

1023 3473 1061 3529 Ut
1074 3486 1177 3526 secum
1192 3472 1220 3525 te
1235 3467 1360 3523 deducat
1375 3464 1411 3519 ed
1427 3475 1546 3517 crucem
1558 3457 1692 3530 implore.

1057 3559 1235 3633 Oquantum
1252 3554 1349 3629 gavisi
1365 3555 1433 3608 sunt
1449 3553 1543 3605 mater
1558 3551 1586 3603 et
1598 3545 1695 3610 amici,

1023 3651 1184 3706 Cernentes
1200 3664 1215 3701 u
1232 3644 1341 3717 populo
1356 3643 1461 3698 lesum
1476 3636 1626 3705 benedici,
1680 3672 1691 3683 .

1023 3738 1153 3803 Christo,
1170 3735 1264 3792 David
1279 3733 1365 3800 Filio,
1383 3731 1582 3800 llosannaque
1598 3720 1672 3780 dicii

1024 3827 1093 3896 Sed,
1111 3823 1183 3880 heul
1201 3825 1268 3879 inde
1284 3821 1416 3877 invident
1431 3818 1498 3890 ejus
1513 3814 1636 3870 inimici.

1060 3914 1162 3969 Omen
1178 3912 1295 3978 fiducia,
1311 3908 1443 3965 Genitrix
1459 3907 1555 3973 beata,

1025 4003 1156 4058 Intende
1172 4002 1213 4057 tui
1229 4000 1295 4055 Filii
1310 3997 1394 4052 velde
1406 3993 1577 4066 jucundata,

1026 4089 1108 4147 Heul
1125 4095 1233 4163 quante
1249 4087 1365 4143 tristitia
1381 4084 1441 4140 eris
1457 4081 1597 4148 cruciatu,

1026 4181 1117 4236 Paulo
1132 4182 1199 4250 post
1212 4193 1279 4234 cum
1294 4173 1406 4230 videris
1421 4172 1527 4227 cuneta
1543 4169 1609 4222 hese
1624 4165 1753 4220 mutata?

1292 4264 1431 4322 Christus
1448 4256 1598 4314 venditur.

1065 4359 1139 4414 Nam
1153 4357 1182 4412 in
1196 4368 1299 4411 necem
1314 4351 1380 4408 Filii
1393 4346 1544 4421 principes
1557 4340 1687 4414 majores

986 4450 1014 4513 Ι)
1028 4448 1132 4504 lneunt
1147 4444 1315 4513 consilium,
1331 4440 1409 4513 legis
1425 4441 1681 4509 transgressores,

1029 4535 1194 4591 Constituto
1209 4533 1314 4605 pretio,
1327 4528 1452 4600 pessimi
1466 4528 1616 4595 emptores

1031 4626 1206 4681 Permittunt
1222 4636 1255 4677 se
1270 4620 1334 4675 tisri
1349 4617 1434 4673 tndae
1450 4615 1611 4674 debitores.

1066 4712 1146 4769 Henl
1161 4709 1234 4768 beul
1251 4724 1316 4766 mea
1331 4707 1465 4774 Domine,
1484 4704 1576 4776 Virgo
1592 4694 1771 4771 singularis;

1030 4803 1173 4858 venditus
1189 4803 1235 4857 est
1249 4798 1352 4863 Filius,
1370 4799 1399 4851 et
1411 4795 1508 4849 adhue
1522 4787 1657 4845 letaris?

1031 4894 1095 4948 Heu
1108 4891 1114 4947 l
1132 4908 1185 4947 our
1203 4887 1387 4961 unigenitum
1401 4883 1480 4939 clare
1495 4895 1553 4935 nou
1568 4875 1717 4950 preceris,

1030 4982 1066 5036 Ut
1083 4981 1256 5052 priusquam
1271 4989 1382 5048 pessus
1396 4973 1445 5042 sit,
1462 4971 1527 5042 ipss
1542 4964 1699 5023 morieris?

1066 5070 1108 5124 Tu
1124 5068 1183 5124 nati
1197 5065 1362 5138 praesentia
1376 5061 1499 5118 multum
1514 5052 1683 5119 delectaris,

1030 5157 1065 5212 Et
1081 5155 1187 5212 allectu
1201 5155 1329 5210 maximo
1344 5153 1442 5223 ipsum
1456 5146 1600 5203 imitaris:

1031 5245 1113 5302 Heul
1130 5247 1166 5301 de
1181 5248 1229 5300 tus
1243 5243 1340 5298 enimn
1354 5241 1451 5294 minus
1464 5233 1627 5302 meditaris,

1030 5334 1208 5407 Torquende
1224 5336 1253 5386 in
1266 5329 1402 5403 proximo
1417 5325 1548 5384 luctibus
1562 5322 1684 5378 ameris.

1067 5423 1147 5480 Heni
1164 5420 1293 5495 quandiu
1308 5423 1410 5490 torpeo
1425 5419 1455 5475 in
1471 5414 1560 5475 eorde
1575 5417 1634 5469 tam
1649 5411 1737 5480 duro,

1034 5513 1067 5567 Et
1080 5512 1151 5567 nihil
1168 5508 1417 5580 compatientem
1430 5507 1582 5565 morituro.

1033 5603 1086 5657 Vel
1102 5601 1196 5657 dolori
1213 5602 1342 5656 maximo
1357 5599 1444 5671 paulo
1460 5600 1526 5668 pest
1540 5596 1638 5651 future

1032 5690 1126 5746 Meam
1143 5690 1259 5747 dulcem
1275 5690 1429 5746 Dominum
1445 5690 1507 5742 scre
1519 5686 1707 5759 perempturo
1799 5683 1803 5700 ¹
