3900 6112
166 321 247 385 1⁴79
637 318 879 382 GUlTMUNDl
901 318 1166 382 ARCHIEPISC.
1188 317 1405 381 AVERSANI
1446 288 1451 296 Ι
1811 319 1881 381 1480

199 522 265 576 Non
275 517 530 588 solumpraediotis
543 518 777 580 auctoritatibus,
792 517 845 571 sed
856 521 884 572 et
896 517 995 571 multis
1010 499 1034 553 Α
1049 517 1085 570 ad
1098 517 1333 572 communionem
1349 516 1500 572 accedenti
1516 516 1754 588 ejusdempueri
1763 518 1882 588 partiou-

156 625 274 681 quoque
291 607 442 661 miraculis
454 605 995 676 evidentissimisrationabilitercon-
1048 605 1105 659 lam
1128 602 1341 677 porrigentem.
1363 604 1420 659 Sed
1437 621 1503 659 eum
1520 607 1568 660 ille
1583 607 1709 660 nimium
1725 607 1881 660 exterritus

156 698 297 753 lutantur.
313 696 396 761 Quod
421 697 446 749 si
468 696 610 749 miracula
629 712 686 750 non
712 696 866 764 recipiunt,
891 695 995 750 hostes
1048 710 1166 749 sumere
1183 694 1344 763 tripidaret,
1362 694 1462 748 multis
1478 695 1617 765 lacrymis
1632 696 1769 765 speeiem
1788 697 1879 765 panis,

93 795 100 812 ·
160 783 736 841 Ecclesiaesedeclarantlleolesiaenim
748 785 994 855 miraculisquam
1046 782 1349 855 ildejamsolidatus,
1368 783 1502 837 obtinuit.
1528 784 1585 837 Sed
1607 799 1698 854 quem
1721 786 1880 838 moverein

156 876 281 930 maximo
309 878 337 928 et
362 878 522 944 propagata
552 876 637 926 estet
652 873 848 936 adultaQuid
863 873 991 944 denique
1045 871 1267 926 admirationem
1283 875 1311 924 et
1326 870 1440 925 laudem
1466 871 1738 926 divinaebonitatis
1759 871 1880 926 nonde·

157 963 293 1019 ostaliud
309 962 449 1016 miracula
466 963 661 1026 cassare,uisi
672 961 993 1032 Ecclesiam,quantum
1045 959 1132 1013 beant
1143 960 1241 1030 magni
1256 960 1354 1013 Patris
1366 961 1460 1014 nostri
1475 963 1561 1030 gesta
1572 956 1687 1026 Basilii,
1704 960 1784 1013 inter
1798 961 1880 1030 cujas

157 1053 187 1107 in
200 1068 233 1106 se
250 1055 304 1118 est,
322 1050 463 1105 auterre?
490 1049 610 1104 Eisdem
627 1051 735 1121 quippe
759 1052 873 1105 artibus
897 1053 939 1120 (ut
954 1052 993 1105 ait
1046 1063 1151 1101 manus
1167 1047 1291 1101 ludaeus
1307 1048 1336 1100 in
1352 1047 1447 1101 medio
1462 1047 1628 1118 frequentis
1641 1047 1765 1101 latitans
1776 1048 1879 1117 populi,

156 1141 285 1212 quidam)
306 1140 414 1210 quilius
441 1143 554 1208 partum
574 1143 621 1193 est
645 1140 811 1210 imperium,
838 1141 990 1195 retinetur.
1045 1136 1186 1190 sacrificii
1202 1139 1332 1204 tempore
1346 1136 1449 1205 partiri
1464 1137 1622 1206 puerulum
1639 1137 1727 1204 vidit,
1745 1137 1882 1190 exclama·

155 1231 339 1299 Quapropter
367 1227 512 1282 Ecclesiae
541 1229 645 1282 hostes
672 1245 750 1295 sese,
778 1233 805 1283 ot
831 1246 890 1284 non
913 1230 991 1284 tilios
1044 1224 1095 1293 vit,
1118 1226 1147 1278 et
1174 1228 1330 1293 propterea
1357 1224 1520 1293 baptizatus
1544 1225 1612 1279 est?
1644 1226 1739 1278 blatta
1768 1241 1880 1296 quoque

156 1321 301 1385 astruunt,
325 1319 352 1370 si
379 1316 446 1387 ejus
466 1317 606 1371 miracula
627 1318 761 1387 accipere
785 1319 894 1373 nolunt.
918 1319 991 1384 Quid
1046 1312 1217 1383 hujusmodi
1232 1313 1322 1366 aliaet
1333 1316 1427 1367 nostri
1437 1314 1588 1384 temporis,
1599 1319 1628 1368 et
1639 1314 1757 1384 antiqui
1773 1315 1880 1368 narrari

159 1404 395 1473 autemstultius,
412 1404 482 1476 quid
498 1406 656 1460 vecordius
672 1423 759 1477 quam
776 1423 920 1462 evacuare
936 1408 991 1461 mi-
1044 1403 1181 1471 pessunl,
1207 1418 1222 1454 e
1241 1403 1350 1473 quibus
1376 1403 1568 1472 supersedeo.
1586 1402 1663 1455 Nam
1681 1403 1881 1456 eteatheliees

157 1496 267 1560 rocula,
296 1510 360 1548 cum
378 1493 456 1547 nulla
481 1495 598 1548 omnino
614 1511 663 1548 rcs
680 1496 743 1550 sine
759 1497 900 1551 miraculo
917 1498 994 1552 fiat?
1045 1490 1176 1544 breviter
1200 1493 1421 1545 commonuisse
1450 1491 1486 1545 de
1520 1491 1675 1545 miraculis
1703 1490 1830 1558 suflicit,
1858 1495 1883 1544 ct

159 1583 275 1638 Utinam
297 1583 346 1637 isti
376 1583 536 1655 vaniloqui,
553 1599 607 1637 nee
631 1584 749 1653 seipsos
773 1586 883 1657 aliquid
900 1587 990 1657 loqui,
1046 1579 1206 1633 haereticos
1221 1579 1346 1649 plurima
1363 1581 1463 1634 talium
1478 1580 1645 1634 narratione
1660 1580 1811 1651 prosequi
1825 1579 1881 1633 lor·

156 1673 225 1727 dum
240 1672 425 1742 impudenter
434 1671 571 1742 jactitant
586 1672 663 1741 talia,
676 1675 843 1743 crederent,
855 1676 992 1744 quoniam
1046 1672 1191 1722 tassenou
1202 1667 1328 1738 proficit.
1345 1670 1433 1724 Gesta
1443 1683 1568 1739 namque
1577 1673 1756 1724 sanetorum
1767 1670 1881 1723 Petrum

157 1761 214 1816 boc
228 1762 326 1830 ipsum
341 1759 419 1831 quod
436 1760 516 1830 loqui
541 1767 677 1830 possunt,
703 1762 759 1816 hoc
783 1763 880 1833 ipsum
905 1763 992 1818 etiam
1045 1761 1182 1827 protervo
1194 1773 1245 1812 ore
1262 1758 1431 1827 dilacerant,
1448 1775 1502 1813 nee
1518 1774 1633 1830 eaquae
1652 1760 1693 1813 de
1710 1760 1760 1813 his
1776 1761 1882 1830 scripta

157 1850 276 1905 omnino
288 1848 366 1919 quod
382 1851 461 1916 sunt,
477 1863 535 1901 non
550 1849 608 1901 nisi
619 1864 655 1902 en
665 1849 765 1903 divino
777 1851 918 1905 miraculo
929 1850 989 1906 esti
1046 1851 1124 1915 sunt,
1137 1847 1184 1902 vel
1199 1847 1346 1917 dicuntur,
1362 1848 1497 1919 diligunt,
1515 1849 1624 1918 quibus
1635 1864 1672 1902 se
1688 1849 1720 1902 in
1738 1849 1882 1903 credendo

156 1936 215 1992 Sed
232 1940 299 1992 sunt
322 1938 372 2007 qui
391 1937 533 1990 miracula
558 1952 591 1991 se
616 1953 674 1991 non
701 1954 843 2008 respuere
872 1941 990 2011 quidem
1006 1958 1030 2012 B
1045 1935 1159 1990 similes
1185 1951 1243 1990 non
1267 1952 1389 1991 novere.
1416 1936 1473 1991 Sed
1497 1938 1567 2008 quid
1583 1938 1706 2002 mirum,
1725 1937 1752 1990 si
1768 1937 1882 1990 Petrum

156 2025 354 2095 respondeant
365 2025 472 2091 ,libros
483 2041 552 2079 vcro
563 2027 592 2078 iu
608 2026 717 2095 quibus
728 2043 762 2080 ea
774 2028 914 2100 leguntur
922 2045 991 2100 apo·
1045 2025 1185 2079 historias
1196 2024 1485 2096 Berengariusetsui
1495 2025 1665 2094 despiciunt
1674 2027 1727 2096 qui
1747 2025 1882 2096 Evange-

158 2114 286 2184 crpphos
306 2117 491 2167 asseverent.
508 2114 531 2167 Ο
546 2115 646 2185 iniqua
672 2114 806 2170 licentiat
832 2116 912 2180 Quos
934 2117 991 2172 Ec·
1045 2114 1083 2167 lio
1102 2114 1190 2167 etiam
1207 2114 1423 2178 contradicunt,
1436 2114 1569 2168 dieentes
1583 2114 1762 2168 nullatenus
1778 2114 1883 2169 dehere

157 2202 249 2256 alesia
274 2202 326 2255 Dei
347 2203 377 2254 ia
403 2203 627 2257 aedificationem
648 2204 694 2256 sui
711 2220 763 2274 per
782 2207 873 2259 tetum
890 2206 991 2260 orbem
1045 2202 1126 2255 credi
1141 2201 1220 2271 quod
1235 2201 1395 2272 ibilcgitur
1409 2201 1537 2256 intrasse
1552 2203 1589 2256 ad
1600 2203 1774 2272 discipulos
1791 2202 1882 2256 Domi-

156 2291 245 2345 tantis
271 2290 454 2360 temporibus
478 2292 534 2345 sub
559 2292 649 2346 tentis
676 2293 849 2348 doctoribus
879 2294 992 2366 legitet
1044 2305 1114 2343 num
1130 2290 1234 2344 desum
1249 2289 1350 2360 januis
1364 2290 1475 2345 eleusis
1489 2291 1584 2359 (dean.
1603 2292 1670 2360 xx).
1687 2293 1732 2345 ad
1760 2294 1820 2346 hoc
1842 2296 1883 2344 ta-

158 2379 301 2450 legendos
318 2379 445 2448 tradidit,
465 2379 520 2434 hoc
536 2380 653 2449 pauculi
669 2381 766 2436 minus
792 2382 870 2436 docti
892 2384 993 2438 etani·
1046 2394 1112 2433 men
1142 2379 1205 2433 haec
1229 2394 1370 2434 narrasse
1386 2395 1432 2434 me
1447 2384 1548 2434 eontra
1573 2396 1626 2435 eos
1655 2381 1790 2451 prolicit,
1821 2382 1884 2452 quia

161 2468 262 2537 malea,
279 2467 358 2521 nullo
374 2469 497 2522 rationis
513 2469 630 2539 intuitu,
648 2470 705 2524 uisi
723 2474 832 2525 tantum
849 2473 992 2542 quianon
1045 2467 1187 2539 quidquid
1214 2468 1345 2522 exterius
1369 2468 1511 2540 garriant,
1521 2469 1712 2523 conscicntia
1725 2473 1828 2524 tamea
1840 2485 1885 2524 eo·

159 2555 275 2626 placent
298 2557 352 2625 eis,
369 2557 555 2627 apocryphos
571 2558 682 2628 dicunt,
699 2560 791 2630 etqui
807 2576 991 2633 paganorum
1045 2570 1109 2609 rum
1125 2555 1160 2609 ad
1176 2556 1307 2626 seipsam
1322 2556 1442 2610 rediens
1471 2557 1639 2610 concutitur
1659 2562 1690 2611 et
1711 2558 1882 2612 marcescit.

160 2644 285 2698 libenter
300 2644 442 2698 historias
457 2646 681 2717 amplectuntur,
699 2646 883 2703 Christianus
903 2650 993 2704 bisto-
1045 2643 1179 2714 Dumque
1190 2644 1464 2715 attendimusquem
1475 2645 1884 2718 favorabiliterubiqueteule

161 2733 221 2785 rias
237 2748 312 2802 quas
329 2736 407 2787 totus
429 2735 616 2803 amplectitur
632 2736 770 2805 mundae,
790 2752 893 2792 assare
911 2739 992 2793 labo·
1044 2736 1176 2802 tempore
1193 2733 1321 2787 mundus
1333 2733 1389 2786 ista
1400 2732 1576 2803 susceperit,
1593 2750 1664 2804 quaa
1682 2735 1778 2790 luerit
1792 2737 1885 2790 hacte-

158 2823 233 2874 rant.
254 2821 311 2875 Sed
331 2825 359 2876 et
375 2822 429 2875 hoc
451 2822 515 2892 ipso
530 2824 608 2894 quod
633 2825 677 2879 ais
706 2841 764 2880 nou
789 2827 893 2896 placet,
913 2827 991 2899 quod
1044 2837 1100 2876 nus
1116 2821 1260 2876 catholiea
1275 2821 1348 2876 fides
1371 2822 1407 2876 de
1434 2837 1557 2893 corpore
1570 2823 1692 2877 Domini
1716 2825 1814 2878 latere
1832 2840 1885 2878 noa

158 2908 321 2962 universali
336 2910 481 2965 Ecclesiae
504 2912 620 2981 placuit,
639 2915 667 2967 at
685 2913 830 2969 obstinate
847 2919 992 2984 respuunt
1044 2914 1149 2981 polest.
1163 2911 1367 2982 Tenliquippe
1383 2912 1524 2980 temporis
1535 2927 1653 2967 summe
1679 2913 1763 2967 docti
1776 2914 1885 2968 saneti-

156 2997 235 3067 quod
251 2997 379 3052 libenter
395 2998 445 3053 illa
460 3001 582 3070 recepit,
600 3016 658 3056 non
673 3002 814 3071 pacificos
830 3003 897 3074 ejus
912 3004 991 3060 illios
1043 3014 1102 3071 que
1112 3000 1277 3070 pontifices,
1300 3001 1407 3055 eruditi
1420 3000 1612 3072 religiosique
1628 3001 1773 3071 abbates,
1786 3017 1883 3057 mona·

157 3086 211 3140 sed
227 3086 363 3141 inimicos
375 3087 549 3144 manifestos
559 3105 592 3143 se
603 3090 737 3160 probant.
749 3090 932 3162 Quapropter
941 3094 991 3165 qui
1044 3087 1219 3159 ehi,oleriei,
1236 3089 1455 3161 universusque
1465 3089 1593 3159 populus
1608 3089 1677 3154 Dei,
1695 3091 1722 3143 si
1740 3091 1884 3145 contraria

159 3190 192 3229 se
207 3174 283 3229 tilios
300 3175 444 3231 Ecclesiae
460 3177 506 3232 vel
522 3179 580 3233 dici
595 3179 773 3250 desiderant,
799 3180 892 3236 libros
914 3198 990 3253 quos
1044 3177 1217 3232 rectaalldei
1239 3178 1294 3232 ista
1311 3182 1520 3250 cognoverant,
1537 3192 1628 3248 quare
1645 3193 1709 3233 non
1723 3179 1884 3234 damnave-

159 3262 207 3316 illa
223 3264 336 3334 recipit,
353 3280 412 3319 non
427 3269 577 3320 recusent.
594 3267 657 3331 Qua
672 3268 783 3322 ratione
801 3270 879 3323 enim
894 3269 989 3324 Vitam
1006 3268 1135 3352 Crunt‘?
1154 3266 1250 3332 Quare
1265 3282 1323 3321 non
1339 3267 1547 3321 destruxerunt
1556 3265 1673 3331 iQuare
1688 3268 1740 3322 vel
1757 3268 1818 3340 legi
1830 3283 1883 3322 noa

156 3351 235 3406 beati
259 3353 395 3424 Gregorii
423 3353 548 3424 quilibet
575 3353 762 3411 Christianus
788 3359 989 3428 apocrypham
1041 3355 1278 3425 prohibuerunt?
1292 3356 1380 3426 Atqui
1403 3355 1460 3425 ipsi
1475 3371 1509 3410 ea
1524 3355 1674 3427 legerunt,
1693 3357 1757 3425 ipsi
1772 3356 1882 3412 dilexe-

156 3440 243 3511 dicat,
261 3457 348 3513 quam
372 3445 528 3496 attestante
556 3443 780 3514 Homaeditam,
805 3448 989 3502 totsanetis-
1041 3446 1119 3511 runt,
1144 3444 1203 3514 ipsi
1233 3445 1270 3499 ob
1300 3444 1524 3499 edificationem
1545 3444 1613 3498 lidei
1642 3445 1883 3516 legendausqne

156 3529 233 3597 simi,
250 3529 476 3599 doctissimique
493 3531 617 3584 Romani
627 3533 781 3600 pontifices
797 3534 876 3589 nullo
891 3535 988 3590 disso·
1042 3532 1129 3587 hodie
1140 3533 1335 3588 tradiderunt.
1351 3532 1461 3587 Omnes
1471 3533 1583 3601 lavere,
1595 3534 1881 3599 nomoauditusest,

155 3620 252 3685 nante,
268 3616 412 3671 hacteuus
424 3618 813 3693 pr·obavcrunt„eorumque
827 3626 987 3679 auctorita·
1040 3636 1126 3676 nemo
1137 3622 1233 3676 lectus
1249 3625 1295 3676 est
1310 3621 1488 3693 refragatus.
1500 3622 1565 3676 Non
1579 3622 1790 3692 igiturcontra
1803 3624 1881 3678 fidem

153 3705 211 3758 tem
228 3708 338 3759 secutae
354 3708 395 3759 tot
410 3705 563 3773 Ecclesiae,
581 3713 686 3764 cuncto
701 3711 986 3782 populoChristiano
1041 3713 1152 3765 rectam
1172 3725 1241 3765 asse
1265 3710 1440 3765 sentiebant.
1476 3710 1615 3764 Eamdem
1633 3711 1732 3782 igitur
1746 3713 1837 3768 tidem
1850 3711 1881 3765 de

154 3797 347 3863 consonante,
377 3810 455 3848 nunc
485 3801 814 3869 usquesusceperunt‘i
835 3801 985 3857 lneadem
1039 3814 1164 3869 corpore
1189 3799 1304 3853 Domini
1324 3814 1428 3854 omnes
1453 3800 1602 3854 tenebant.
1629 3802 1692 3855 hut
1713 3816 1795 3872 ergo
1819 3800 1880 3856 istis

155 3897 226 3936 sane
242 3881 305 3936 Vita
321 3884 464 3953 scriptum
479 3889 524 3939 est
534 3886 811 3956 quodheatissimus
821 3889 899 3944 idem
910 3907 984 3962 papa
1037 3889 1175 3944 omnibus
1190 3887 1345 3943 umbratici
1365 3888 1461 3943 nostri
1477 3887 1602 3943 correcti
1612 3891 1824 3958 consentiant,
1839 3890 1883 3945 ant

153 3968 478 4042 Gregorius,praasente
487 3976 594 4044 populo
605 3977 746 4047 llomauo,
759 3979 875 4033 cuidam
883 3983 982 4035 matri·
1034 3979 1324 4033 istosomnesooatra
1334 3977 1704 4047 setestesirretragabiles
1713 3978 1877 4035 damnandi

152 4058 291 4128 familias,
315 4076 382 4116 cum
406 4064 655 4120 communicatura
679 4067 808 4136 risisset,
838 4069 982 4125 Dominiei
1035 4068 1229 4137 persentiant.
1246 4066 1431 4138 Quapropter
1441 4065 1553 4121 nullum
1564 4068 1699 4136 amplius
1710 4069 1879 4125 habeasra·

152 4149 287 4217 corporis
303 4151 468 4220 portionem
484 4154 675 4224 subtraxerit,
692 4172 779 4226 quam
790 4157 818 4210 in
834 4173 885 4211 ara
900 4175 983 4228 ropo·
1034 4156 1123 4210 tionis
1151 4155 1333 4228 coniugium,
1364 4158 1502 4227 teneque
1526 4156 1605 4210 nube
1625 4158 1755 4211 testium
1781 4173 1881 4229 pressa

152 4236 239 4289 sitam
285 4240 433 4294 communi
474 4257 543 4296 mox
584 4258 674 4312 prece
702 4245 794 4299 Deum
826 4245 909 4317 lusa,
948 4248 983 4302 ad
1041 4258 1143 4298 eorum
1157 4242 1291 4312 stultitia,
1307 4245 1425 4313 penitus
1441 4243 1637 4297 obmutescat.
1654 4243 1880 4312 illaudatunin·

151 4327 358 4381 instruendam
374 4328 410 4382 de
422 4331 812 4388 veritateDominicaeearnis
827 4339 979 4407 matronae,
1040 4348 1139 4403 quam,
1166 4321 1283 4387 silentio
1312 4332 1520 4402 perpetualiter
1541 4331 1711 4387 umbratica
1735 4334 1879 4404 impietas,

151 4428 205 4467 seu
236 4417 322 4469 etiam
349 4418 449 4488 populi
478 4419 574 4490 fidem,
606 4437 706 4476 coram
732 4425 810 4477 omni
837 4425 986 4496 populoin
1040 4421 1090 4476 ubi
1115 4423 1157 4475 tot
1172 4421 1332 4491 praecipuis
1349 4421 1485 4489 testibus,
1502 4423 1561 4473 tam
1574 4420 1658 4475 clara
1672 4436 1752 4477 voce
1769 4423 1880 4477 concla-

150 4503 250 4571 speeie
266 4519 346 4559 verae
366 4507 476 4571 carnis,
493 4510 578 4578 quasi
594 4511 679 4581 digiti
694 4512 869 4566 auricularis
885 4517 984 4569 osten·
1039 4509 1188 4564 mantibus
1208 4509 1351 4564 catholiea
1367 4512 1445 4580 patet
1461 4510 1579 4564 veritas.
1593 4507 1671 4573 Quis
1682 4512 1767 4565 enim
1780 4512 1879 4582 hique·

150 4591 235 4645 derit.
252 4592 383 4664 Cumque
399 4597 512 4661 mulier,
523 4597 585 4668 J'am
597 4599 720 4669 fidelior,
739 4605 859 4672 propter
874 4603 982 4657 horro—
1001 4570 1115 4652 Dmodi
1133 4598 1423 4668 stultissimosplane
1437 4601 1465 4652 et
1475 4599 1675 4668 impiissimos
1686 4599 1794 4655 dicere
1805 4599 1878 4655 dubi·

150 4695 212 4733 rem
227 4684 326 4736 curnis
338 4687 556 4740 communicare
569 4689 738 4758 trepidaret,
753 4691 867 4745 cunctis
880 4692 984 4746 iterum
1036 4690 1085 4757 tet,
1102 4688 1218 4758 quinon
1230 4691 1388 4741 vereantur
1399 4686 1566 4756 Scripturas
1577 4702 1688 4742 sacras
1701 4689 1744 4742 ad
1775 4694 1874 4743 nutum

149 4767 265 4823 Domini
295 4772 529 4828 misericordiam
559 4791 612 4845 pro
627 4776 677 4830 illa
692 4779 865 4848 suppliciter
880 4781 984 4851 implo—
1038 4792 1125 4831 suum
1142 4776 1216 4830 male
1228 4776 1448 4846 interpretando
1464 4791 1670 4846 corrumpere,
1686 4777 1875 4833 venerabiles

58 4854 64 4863 '
148 4859 294 4928 rantibus,
307 4861 439 4916 eamdem
458 4864 484 4916 ei
501 4864 676 4934 particulam
692 4882 767 4937 papa
788 4868 817 4922 in
841 4874 984 4924 consueta
1038 4877 1125 4936 atque
1141 4865 1360 4920 eruditissimos
1374 4867 1416 4919 tot
1430 4869 1569 4920 auctores
1584 4864 1674 4920 nihili
1689 4867 1835 4936 pendere,
1850 4867 1876 4919 in

151 4949 239 5015 panis
256 4950 357 5019 specie
373 4953 580 5021 reporrexerit.
1037 4970 1072 5010 ea
1086 4970 1118 5009 re
1129 4970 1207 5008 nunc
1224 4953 1400 5008 conturbare
1416 4954 1624 5008 Ecclesiamin
1641 4971 1700 5025 qua
1718 4971 1789 5011 oum
1801 4956 1876 5010 hria-

184 5036 258 5091 lllud
274 5038 360 5093 etiam
378 5041 555 5095 miraculum
574 5043 652 5113 quod
668 5045 697 5098 in
713 5045 788 5100 Vitis
803 5047 923 5102 Petrum
937 5047 982 5102 le·
1039 5044 1086 5098 nis
1102 5043 1327 5098 immanissimis
1343 5043 1480 5097 hostibus
1499 5043 1563 5098 suis
1578 5045 1721 5098 noscitur
1736 5045 1874 5100 habuisse

148 5123 238 5192 gitur,
256 5125 324 5180 licet
353 5127 553 5200 Berengarius
575 5131 678 5201 oderit,
696 5133 765 5203 quia
780 5136 877 5189 tamen
893 5136 984 5206 opitu·
1037 5150 1149 5204 pacem,
1176 5137 1205 5188 et
1228 5133 1258 5186 in
1281 5148 1339 5203 quo
1364 5132 1430 5202 ipsa
1453 5148 1506 5200 por
1528 5147 1563 5185 os
1580 5132 1690 5187 Hilarii
1712 5136 1763 5189 sui
1782 5138 1873 5190 contra

147 5210 225 5263 lente
241 5211 364 5268 Domino
378 5217 444 5270 aliis
460 5219 601 5288 proderit,
617 5221 664 5275 vel
685 5223 810 5276 tenuiter
839 5240 981 5295 memoro,
1037 5223 1158 5277 eosdem
1179 5223 1325 5290 Arianos,
1347 5221 1437 5275 veluti
1460 5225 1636 5292 argumento
1666 5224 1822 5278 ratissimo
1844 5236 1874 5276 so

149 5296 199 5352 ubi
214 5297 352 5355 videlicet
367 5304 460 5360 abbas
476 5306 576 5361 Daniel
593 5314 694 5364 narrat
709 5294 811 5365 senem
824 5314 982 5383 quemdam
1037 5312 1130 5383 potuit
1146 5310 1340 5380 communire,
1360 5310 1390 5363 id
1404 5325 1482 5364 nuno
1498 5325 1564 5364 eum
1580 5312 1717 5365 omnium
1734 5311 1873 5367 Christia-

147 5388 316 5455 decerpere
329 5389 582 5451 Dominicrrorem
595 5399 981 5471 simpliciterpassum,cum
1037 5416 1141 5455 norum
1170 5414 1285 5454 summa
1313 5399 1443 5469 pernicie
1474 5398 1727 5455 irrationabiliter
1761 5414 1874 5456 cassum

147 5474 305 5531 Dominum
319 5492 372 5546 pro
389 5481 569 5540 dubitatione
594 5487 649 5540 bac
679 5490 856 5544 removenda
880 5491 980 5547 moltis
1036 5490 1101 5544 ire‘?
1117 5489 1188 5544 Haeo
1200 5490 1318 5544 interim
1333 5493 1436 5543 eontra
1452 5487 1637 5543 umbraticos
1654 5489 1824 5546 dictasunt.

145 5563 289 5636 precibus
314 5573 489 5638 exorasset,
519 5574 656 5645 angelum
680 5575 732 5631 Dei
760 5594 852 5649 super
879 5596 979 5653 aram,
1072 5579 1268 5634 Nunceontra
1281 5579 1349 5633 illos
1360 5578 1552 5633 habendaest
1566 5578 1644 5633 ratio
1655 5580 1719 5651 qui,
1734 5578 1872 5635 Ecclesia

113 5652 290 5743 *paerilmii
304 5655 386 5730 hora,
396 5656 510 5714 vidisse
518 5665 980 5745 puerumimmolantem,sibique
1037 5669 1201 5727 rationibus
1213 5668 1385 5744 expugnati,
1401 5666 1463 5742 iam
1469 5667 1589 5743 quidem
1598 5682 1717 5745 negare
1728 5667 1872 5745 nequeunt
