3908 6112
108 320 171 389 425
915 319 1017 403 vua
1762 318 1823 399 426

109 519 209 573 eidem
223 519 361 573 coenobio
375 520 511 587 praeerat.
529 517 592 572 Hoc
615 520 711 571 autem
731 533 807 572 anno
828 518 946 572 circiter
959 501 990 562 Α
1004 534 1108 588 nempe
1120 519 1148 571 in
1160 518 1311 587 Hispaniis
1328 523 1562 589 permanserunt,
1579 521 1670 574 variis
1685 523 1833 575 monaste·

110 605 246 675 luceant
258 607 404 677 sequenti,
417 606 580 681 contigisse
594 606 772 678 conjicimus
786 607 875 679 quod,
900 607 948 661 bis
1002 607 1056 661 riis
1072 607 1108 661 de
1124 622 1201 661 novo
1225 608 1433 673 construendis
1448 610 1497 661 aut
1527 612 1605 661 certo
1616 610 1766 662 veteribus
1783 626 1833 664 rc-

110 694 952 766 duobasannis,nullasincatalogisautveteribusinstru-
1002 695 1171 749 stuurandis
1187 697 1307 764 intenti3
1323 712 1450 767 qaorum
1466 697 1552 750 etiam
1568 696 1699 767 plerique
1719 699 1755 751 ad
1771 699 1834 767 epi-

111 782 950 838 meatismonasteriiSanctiMichaelisabbasmemoratus
1001 783 1835 853 scopalesinsulasevoctisunt.Athnnstasiuaeosolam-

114 874 267 936 occurret,
276 872 356 942 qaod
369 870 444 925 forte
453 870 582 926 Simonia
594 874 712 926 notatas
725 872 801 926 inter
814 872 950 943 ejusdem
1003 872 1088 926 modo
1105 872 1255 942 proiectas
1272 872 1376 938 fuerat,
1391 876 1421 926 at
1433 873 1610 927 Sarracenis
1619 872 1729 928 Christi
1742 873 1835 929 Even-

112 960 406 1017 lociahbateslocam
415 976 473 1014 non
486 960 635 1015 meruerit.
648 960 683 1015 Et
693 961 811 1031 quidem
822 965 949 1016 coeteros
1004 961 1286 1032 geliumnuntiaret3
1303 960 1371 1015 hine
1387 977 1453 1016 cum
1478 978 1511 1016 se
1527 963 1679 1016 incassum
1702 962 1837 1017 laborare

113 1049 250 1117 abbates,
262 1048 313 1119 qui
326 1048 422 1103 eidem
434 1050 612 1104 monasterie
623 1049 679 1104 hoe
696 1050 806 1104 sacculo
819 1049 949 1120 praeiue-
1005 1049 1194 1117 advertisset,
1209 1050 1239 1102 in
1256 1049 1365 1103 Gallias
1385 1050 1547 1119 repedavit.

112 1141 192 1205 rant,
206 1135 376 1192 Simoaiaca
392 1141 476 1207 peste
488 1140 583 1192 tactos
599 1137 694 1194 faisse
712 1154 858 1210 nusquam
874 1137 949 1209 legi-
1039 1137 1066 1193 h.
1083 1137 1138 1192 His
1153 1139 1385 1209 itaquestatatis,
1402 1155 1468 1192 cum
1477 1154 1514 1193 ex
1528 1139 1600 1194 Vitae
1611 1139 1836 1194 auctorediscn-

113 1241 192 1281 mus.
207 1224 327 1280 Scimus
343 1227 483 1280 arturum
498 1225 709 1281 Honesterium
729 1226 878 1281 Neustriae
894 1225 951 1295 piae
1006 1242 1072 1280 mas
1087 1227 1326 1280 Anastasiamex
1342 1227 1484 1296 Hispania
1494 1243 1649 1281 reversum
1662 1227 1837 1298 septeman-

114 1316 271 1369 auetorem
285 1311 446 1368 Falconem
463 1314 618 1385 quemdam
640 1313 696 1369 boc
720 1315 838 1370 liieauio
853 1314 952 1368 Sancti
1006 1331 1062 1370 nos
1076 1313 1206 1368 Claninei
1223 1332 1257 1368 ac
1272 1319 1333 1369 tres
1350 1316 1423 1370 alios
1433 1316 1462 1369 in
1474 1316 1631 1372 solitudine
1641 1318 1838 1388 transegisse,

114 1402 418 1457 Michaelisabbatem
429 1402 592 1469 induxisse,
609 1404 670 1475 qui,
681 1403 778 1475 inquit
792 1419 869 1458 aare
884 1401 952 1457 1059
1003 1402 1065 1474 jam
1077 1404 1178 1458 decem
1195 1419 1288 1458 annos
1305 1420 1394 1477 supra
1415 1402 1484 1460 luit
1501 1404 1660 1471 habemas;
1683 1405 1792 1476 quibas
1814 1404 1841 1459 si

115 1490 253 1563 Philippi
261 1491 539 1562 reoiscoroaeuom'
546 1490 705 1561 adiuit3ex
716 1507 771 1564 que
781 1498 865 1564 patet
878 1492 953 1546 hanc
1008 1508 1095 1547 unam
1106 1495 1156 1546 aut
1166 1493 1290 1548 alterum
1299 1492 1484 1563 adjiciamus
1495 1508 1571 1564 quos
1586 1495 1615 1548 in
1624 1494 1781 1549 itineribus
1793 1494 1841 1548 vel

116 1579 268 1640 abhatiam
276 1579 570 1635 dunhusannishaud
580 1595 711 1635 vacasse.
723 1580 823 1636 htnoa
830 1581 954 1635 advertit
1008 1581 1095 1636 etiam
1110 1581 1140 1634 in
1156 1581 1298 1651 Hispania
1313 1582 1399 1636 verbi
1416 1581 1509 1636 divini
1523 1582 1842 1650 praedieationiiaeam-

118 1666 597 1723 illeauctorh'alconemahhatem
610 1669 708 1724 sancti
719 1667 889 1737 Michaelis,
904 1666 956 1738 qui
1008 1670 1083 1725 bons
1096 1671 1325 1739 consumpserit,
1340 1670 1537 1740 conjiciemus
1548 1671 1665 1726 beatum
1680 1671 1776 1725 viram
1790 1686 1841 1725 aa·

119 1757 250 1828 Philippi
274 1757 494 1828 inauguratioai
520 1756 674 1825 interfuit,
702 1773 760 1813 non
784 1756 957 1812 monasterii
1007 1774 1045 1813 ao
1062 1758 1180 1812 circitor
1195 1758 1267 1813 1086
1281 1759 1454 1829 adsuperos
1469 1760 1592 1828 abiisse,
1617 1774 1704 1830 quem
1724 1758 1842 1830 quidem

117 1844 222 1901 Sancti
236 1844 392 1900 Michaelis
405 1844 442 1900 de
451 1844 560 1915 lloute,
577 1845 629 1900 sed
643 1845 742 1902 Sancti
761 1846 914 1900 Michaelis
927 1845 957 1900 in
1008 1861 1127 1915 anuum,
1145 1845 1239 1900 donec
1256 1847 1384 1901 certiora
1399 1853 1556 1901 occurrant
1572 1851 1768 1917 monumenta,
1794 1862 1842 1901 re-

119 1934 457 1989 Ttreorasciadioecesis
472 1934 680 1990 Lauduuensis
695 1936 832 1990 abbatem
848 1934 954 1990 faisse.
1007 1934 1102 1989 tinere
1119 1936 1217 1989 visam
1232 1939 1287 1990 est.

118 2022 205 2088 Quod
220 2026 334 2078 certum
347 2026 394 2077 est
408 2038 468 2077 non
482 2023 580 2078 solam
590 2025 769 2095 exvulgatis
785 2023 885 2078 Sancti
906 2023 957 2076 Mi·
1044 2025 1069 2076 5.
1089 2022 1188 2094 Hujus
1205 2025 1300 2077 sancti
1312 2024 1367 2077 viri
1377 2040 1483 2078 numen
1499 2025 1624 2095 nullum,
1634 2023 1713 2097 quod
1725 2023 1843 2096 quidem

119 2112 235 2166 abaelis
245 2113 275 2166 ia
290 2111 618 2167 Theorasciaabbatam
635 2113 788 2184 catalogis,
802 2114 855 2166 sed
871 2112 958 2166 ctiam
1009 2113 1148 2181 sciamus,
1159 2114 1400 2184 martyrologium
1410 2113 1538 2177 exhibet,
1550 2114 1705 2184 nequidem
1716 2113 1843 2168 Benedi-

119 2215 157 2255 ex
166 2202 235 2270 ipso
246 2201 449 2255 coronationis
457 2200 584 2271 Philippi
592 2202 673 2273 regis
681 2199 960 2270 instrumentoapud
1010 2203 1129 2256 clinum.
1147 2200 1258 2254 Colitur
1274 2205 1370 2255 tamen
1386 2203 1414 2254 in
1431 2202 1558 2255 eeclesia
1578 2202 1729 2270 paroeciali
1744 2201 1845 2256 Sancti

120 2287 285 2345 chesnium
297 2288 327 2342 in
337 2288 649 2359 Historieishranciae,
660 2289 889 2344 etllarletumiu
899 2304 959 2343 me·
1009 2289 1124 2344 Martini
1135 2289 1301 2358 Dardaneis
1313 2289 1465 2361 (noyers),
1487 2304 1552 2355 seu,
1565 2292 1596 2343 ut
1605 2290 1693 2343 habet
1703 2291 1844 2344 vitaeaue·

118 2377 381 2448 tropoliRemensi
391 2366 668 2447 relato,ubidiseite
678 2377 768 2433 Falco
778 2378 871 2433 ahhas
881 2378 959 2432 San·
1010 2381 1066 2446 tor,
1084 2377 1271 2447 Devetensis,
1283 2377 1441 2431 indioeecsi
1454 2378 1577 2432 llivcnsi
1587 2378 1717 2447 (Hieux),
1731 2378 1780 2432 abi
1796 2380 1843 2431 in-

120 2466 164 2521 eti
172 2465 334 2520 Michaelis
342 2465 727 2536 Laudunensisappellatar.
737 2467 820 2522 Licet
829 2466 893 2520 hmo
902 2481 961 2520 vox
1012 2471 1129 2538 tegram
1145 2464 1212 2537 ejus
1222 2481 1340 2519 sacram
1350 2482 1458 2535 cerpus
1475 2468 1661 2520 asservatum
1677 2468 1723 2520 est
1737 2467 1775 2520 ad
1789 2482 1846 2521 sea·

122 2553 344 2622 Laudanensis,
353 2555 505 2609 nescimus
516 2570 574 2625 qao
587 2570 660 2610 casu
676 2570 692 2609 e
705 2554 834 2626 Philippi
849 2555 961 2609 Labbei
975 2554 1001 2617 c
1014 2554 1112 2609 calam
1121 2553 1267 2608 decimum
1278 2557 1403 2621 sextam,
1416 2571 1499 2625 quon
1513 2554 1680 2608 furantibus
1696 2555 1844 2609 Calvinia-

122 2643 330 2714 calamo,tom.
341 2642 381 2697 tx
395 2641 606 2715 Conciliorum,
619 2642 772 2698 exciderit.
1014 2644 1061 2698 nis
1077 2643 1228 2697 haereticis
1244 2643 1421 2713 dissipatam
1446 2648 1502 2714 est,
1527 2646 1636 2714 praeter
1657 2644 1766 2714 aliquot
1781 2643 1848 2713 ejas

159 2731 189 2785 8.
201 2731 297 2785 hlium
305 2731 555 2800 deprehendimus
572 2734 715 2802 temporis
730 2737 828 2787 notam
841 2732 869 2786 in
884 2732 963 2786 beati
1013 2732 1174 2802 particulas
1200 2731 1229 2785 in
1245 2733 1357 2786 scrinio
1375 2736 1516 2805 argenteo
1532 2733 1673 2802 inclusas,
1698 2749 1764 2802 qaae
1780 2749 1797 2785 a
1811 2732 1847 2785 fi-

126 2818 528 2888 Anastasiillita,repelitam
549 2820 665 2873 seilicet
679 2819 795 2891 exejus
813 2822 838 2874 is
857 2821 963 2890 Hispa·
1014 2821 1131 2876 delibus
1147 2836 1249 2876 eoram
1266 2820 1358 2875 furori
1371 2822 1525 2876 subductae
1541 2823 1610 2875 sant
1623 2825 1649 2874 ct
1660 2821 1690 2874 in
1705 2821 1770 2874 loco
1787 2823 1847 2874 tate

129 2905 963 2980 niamproiectione,qaamjubenteGregorionlsammo
1016 2911 1165 2980 repositae.
1181 2909 1497 2979 llasabaliquotauuis
1509 2909 1610 2962 invisit
1622 2909 1847 2963 illustrissimus

132 2995 313 3065 pontifice,at
323 2995 454 3049 mittente
464 2995 589 3066 Hagnae
598 2997 703 3051 abbate
714 2997 912 3064 cluniacensi,
921 2999 957 3051 ab
1015 3001 1138 3053 antistes
1152 2999 1292 3052 llivensis
1303 3012 1392 3066 supra
1404 2998 1548 3063 laudatas,
1560 2997 1850 3067 saaqueauctoritnte

134 3098 169 3136 ee
177 3088 344 3153 susceptum
352 3082 448 3138 inisse
459 3085 670 3139 testaturidem
685 3086 759 3140 Vitae
774 3093 886 3141 auctor.
903 3087 965 3140 Hoc
1017 3089 1186 3158 recognitas
1201 3090 1229 3139 et
1240 3086 1421 3155 approbatas
1437 3086 1565 3139 fideliam
1574 3084 1755 3138 venerationi
1768 3083 1851 3137 exhi-

140 3174 377 3227 aatenriteranno
396 3172 514 3228 circiter
531 3173 597 3227 loth
613 3174 835 3246 consignamus,
853 3174 967 3229 scilicet
1017 3177 1082 3231 beri
1101 3176 1245 3246 permisit.
1272 3174 1355 3226 Haud
1376 3174 1478 3243 procul
1489 3175 1525 3227 ab
1537 3189 1571 3227 eo
1583 3174 1648 3226 vieo
1660 3173 1766 3226 visitur
1783 3172 1851 3226 sons

143 3259 296 3330 paulopost
305 3260 421 3315 Aliensi
432 3262 512 3333 regis
523 3262 749 3333 restitutionem,
770 3279 836 3318 eum
851 3263 967 3336 Grego-
1019 3264 1118 3320 Sancti
1133 3263 1282 3317 anastasii
1299 3264 1388 3334 vulgo
1412 3264 1598 3332 nuncupatus
1610 3278 1667 3333 quc
1675 3261 1755 3315 sitim
1766 3275 1852 3315 suam

147 3348 264 3419 riasJam
283 3350 448 3405 secandam
462 3351 650 3420 pontificatus
665 3353 713 3408 sai
728 3368 836 3407 annum
851 3353 969 3425 attigis·
1020 3354 1064 3408 vir
1080 3351 1367 3422 sanctasaliqaando
1383 3351 1565 3405 exstinxisse
1575 3352 1763 3404 memoratur.
1781 3348 1852 3403 Fre·

153 3438 354 3493 setHonenim
369 3439 560 3494 Anastasium
576 3456 614 3495 ex
632 3441 670 3495 iis
686 3441 781 3496 tuisse
798 3457 966 3514 censemus,
1020 3444 1175 3513 quantutur
1189 3457 1259 3495 vero
1280 3457 1296 3493 a
1319 3440 1425 3493 vicinis
1445 3439 1572 3509 populis,
1590 3439 1668 3508 qued
1683 3436 1751 3508 ejus
1766 3453 1852 3509 aquae

157 3528 587 3600 qaosposteasanctastgoia
604 3529 777 3600 Hispaniam
792 3532 966 3600 transmisit,
1020 3531 1127 3585 hausta
1142 3529 1269 3585 febriam
1284 3529 1407 3583 ardores
1418 3527 1659 3582 seduridieaatur
1670 3545 1677 3591 ;
1688 3527 1853 3598 quodmal-

160 3617 183 3664 at
200 3615 233 3669 ibi
252 3616 439 3687 disciplinam
460 3618 653 3673 monasticam
683 3622 893 3674 restaurarent.
917 3620 968 3674 lsti
1020 3622 1117 3674 terum
1133 3619 1334 3689 experimento
1356 3619 1550 3672 certamesse
1566 3615 1692 3670 tradant.

768 3901 956 3996 lNGlPlT
974 3901 1228 3995 PROLOGUS

80 4126 83 4151 ⁵
192 4121 444 4186 l.GalteriasPetro
451 4130 627 4187 Devutensis
637 4131 782 4187 Ecclesiae
789 4132 972 4187 subdiacono
985 4119 1013 4180 D
1028 4133 1143 4184 constet
1152 4128 1306 4198 inpetendi
1317 4128 1482 4195 devotione,
1492 4130 1555 4182 etin
1564 4128 1666 4183 sedula
1674 4126 1859 4196 obsequendi

165 4211 261 4271 ttiratri
275 4216 343 4289 ejus
358 4219 519 4287 Bernurdo,
536 4221 565 4274 in
580 4221 719 4276 omnibus
735 4222 970 4291 prosperitatem,
1027 4220 1186 4273 voluntate.
1199 4218 1242 4271 hd
1255 4217 1310 4271 hoc
1328 4217 1441 4270 aceedit
1455 4218 1571 4270 devotio
1586 4228 1858 4285 para,qaoecogere

160 4304 219 4356 aaa
239 4304 374 4362 effectam
396 4308 559 4378 perducere
577 4309 685 4364 bonam
701 4309 898 4364 devotionem.
917 4311 972 4364 tlo-
1028 4310 1134 4377 potest,
1147 4306 1203 4360 etsi
1212 4306 1414 4359 alisintemnia
1424 4304 1691 4374 supradicta,utad
1703 4302 1860 4373 perficien-

157 4388 214 4452 dt'tis
232 4409 287 4462 me,
304 4395 374 4449 dum
395 4395 560 4465 impensius
581 4396 727 4451 instantes
744 4398 868 4468 rogatis,
892 4383 973 4451 atad
1026 4393 1581 4465 damqacdpetitisaadacterinsistam.
1593 4392 1859 4446 Damenimcaram

152 4478 365 4537 educationem
373 4487 562 4552 posterorum
570 4485 684 4539 tradam
692 4487 844 4540 memoriae
861 4485 972 4539 calamo
1026 4484 1102 4537 hanc
1118 4484 1188 4536 mihi
1205 4487 1282 4537 tanto
1299 4498 1388 4552 opere
1411 4482 1549 4550 indicitis,
1567 4481 1749 4552 posteritatis
1765 4478 1860 4533 redifi-

152 4553 237 4623 Vitam
249 4569 694 4627 beatihaastasiiconfessoris.
705 4572 770 4627 Eta
786 4573 974 4627 mesinedii-
1027 4573 1134 4625 cationi
1151 4572 1318 4638 consulitis,
1336 4571 1406 4624 dum
1422 4571 1456 4624 ad
1473 4571 1589 4624 laudem
1605 4575 1632 4624 et
1648 4571 1790 4623 honorem
1798 4568 1860 4635 llei,

143 4645 269 4713 flealtate
277 4660 430 4715 nenvideu
446 4676 536 4731 posse
551 4659 681 4730 sufferri,
698 4677 753 4717 aec
768 4662 842 4716 meis
860 4662 974 4715 viribus
1027 4662 1117 4714 vitam
1133 4661 1226 4714 saneti
1241 4660 1426 4713 contessoris
1441 4675 1475 4712 aa
1486 4659 1699 4730 gloriosissimi
1711 4655 1862 4710 Anastasii

147 4745 326 4815 tempatitne
339 4747 398 4801 vita
412 4748 507 4803 sancti
520 4748 576 4802 viri
591 4749 677 4819 calpa
692 4749 803 4819 ingenii
818 4749 975 4819 scriptoris
1004 4796 1008 4805 .
1029 4750 1120 4803 vultis
1135 4748 1273 4815 reserari,
1287 4751 1317 4802 ut
1333 4745 1463 4818 posteris
1481 4748 1518 4800 sit
1541 4747 1577 4800 ad
1593 4746 1767 4815 exemplam,
1784 4747 1812 4798 et
1827 4744 1864 4797 ad

142 4833 615 4908 botiasvideataratteriquamia
637 4835 735 4908 majus
753 4835 907 4892 celebrari.
932 4837 977 4890 Ne
1030 4836 1626 4906 sanctitatisejusdemviritestimonium.
1645 4836 1730 4905 Rogo
1746 4849 1819 4904 ergo
1836 4836 1864 4887 et

146 4913 241 4978 lanea
258 4927 370 4978 vestrae
391 4923 524 4994 petitioni
546 4924 650 4981 videar
670 4925 825 4994 contraire,
847 4926 904 4994 cai,
922 4925 979 4980 etsi
1030 4927 1138 4981 obnixe
1150 4925 1284 4995 supplice
1295 4925 1368 4993 at,si
1384 4925 1453 4995 quid
1465 4925 1688 4993 incuriaparum
1703 4923 1862 4992 quaesiero,

146 5013 249 5074 aarum
271 5010 410 5082 idoneas,
438 5010 534 5077 ,debeo
561 5013 593 5068 iu
608 5013 747 5068 omnibus
762 5013 977 5083 obtemperare,
1031 5017 1080 5068 aut
1095 5017 1226 5085 egestate
1243 5014 1298 5067 mei
1315 5013 1426 5083 ingenii
1443 5013 1671 5082 praetermisero,
1684 5014 1734 5066 aut
1748 5010 1864 5064 reseis-

150 5098 223 5168 qaod
246 5099 405 5155 dissuadet
433 5099 559 5159 aviditas
582 5100 705 5174 ingenii,
723 5101 882 5173 aggrediar
899 5103 980 5157 tatus
1033 5105 1117 5157 sione
1136 5102 1258 5173 dignum
1283 5101 1525 5171 superaddidero,
1556 5117 1592 5154 ne
1608 5101 1707 5171 pigeat
1723 5100 1865 5154 lectorem

150 5187 285 5255 waldio
300 5191 411 5244 vestrae
427 5187 589 5260 jussionis,
613 5191 719 5245 etenim
736 5190 762 5244 si
777 5190 847 5261 qaid
860 5206 936 5260 sum,
956 5190 983 5244 si
1033 5191 1141 5245 addere
1156 5189 1233 5259 quod
1250 5189 1436 5258 perspexerit
1450 5189 1864 5260 additionedignum,autres·

159 5274 326 5346 qaidralea,
344 5277 470 5333 Domino
485 5277 742 5347 imputaredebeo.
761 5278 984 5334 Praetereacam
1035 5280 1153 5333 cludere
1168 5276 1246 5347 qaod
1271 5279 1435 5330 transversi
1466 5278 1568 5330 calami
1594 5280 1661 5331 notu
1687 5275 1867 5348 judicaverit

159 5371 202 5416 mo
221 5357 362 5434 profitear
374 5365 509 5436 amicam,
519 5369 660 5429 vestrum,
675 5382 733 5420 non
748 5365 829 5420 decet
850 5370 880 5420 at
902 5367 985 5421 emit·
1035 5366 1254 5438 corrigendum.
1268 5365 1551 5436 Deniqueexcusare
1566 5382 1612 5420 me
1629 5367 1735 5436 poterit
1750 5365 1866 5420 devotio

161 5448 219 5523 lm,
237 5452 315 5509 siin
335 5453 437 5525 alique
452 5454 539 5508 vobis
554 5454 662 5525 quovis
677 5454 763 5510 modo
779 5455 906 5527 obsequi
920 5471 986 5526 pos·
1036 5455 1205 5527 petentium,
1216 5470 1293 5526 qaae,
1309 5457 1339 5507 at
1350 5455 1500 5525 seepejam
1524 5454 1744 5528 dixi,c0mpulit
1759 5455 1868 5510 eadere

80 5554 87 5583 =
161 5546 312 5612 tumeam,
330 5544 364 5605 ut
379 5540 499 5615 quidam
514 5542 634 5617 sapiens
650 5541 705 5600 ait:
722 5543 859 5600 Amicitia
874 5545 986 5600 tantam
1035 5536 1117 5619 'quod
1132 5541 1243 5617 ingenii
1258 5542 1421 5599 diffidentia
1438 5542 1631 5604 dissuaserat.

229 5734 512 5803 anaCXLIX
1644 5739 1686 5810 14
