3900 6112
357 324 484 390 LIBER
505 324 564 388 DE
582 324 769 393 CORPORE
790 324 1080 389 arsenochita
1102 323 1274 389 CHRISTI.

1591 324 1671 389 4378

87 540 98 581 a
113 525 254 594 reportat.
273 525 338 594 lpse
347 539 473 595 namque
487 524 606 578 virosus
617 523 724 594 anguis
739 539 789 577 an·
807 511 833 575 A
848 522 950 578 orbem
961 526 1047 578 tcrrae
1063 523 1243 593 pradicatio,
1259 524 1357 578 inanis
1371 525 1458 578 etiam
1475 522 1678 593 Ecclesiaeqa·

87 613 215 668 ortelium
230 613 334 683 pestis,
352 612 400 683 qui
416 628 470 682 per
483 628 555 667 vasa
567 629 630 667 suae
642 612 790 682 deceptio-

87 705 124 757 rte
139 702 168 755 in
192 703 352 768 interitum,
369 702 711 773 multiformepravitatis
727 702 790 756 hm-

87 806 252 845 renenuma
277 790 436 860 primordio
449 790 516 845 fidei
528 806 580 859 per
589 791 690 845 orbem
701 788 789 844 diflu-

87 895 208 949 rersum,
227 896 305 933 nunc
323 881 409 934 etiam
429 895 482 950 per
500 880 633 935 occultos
650 880 788 950 nequitiae

88 967 184 1022 ellites
200 972 228 1022 ct
243 969 395 1022 ministros
407 967 579 1022 catholicam
595 968 682 1022 tidem
693 968 788 1022 subti-

87 1060 160 1111 ratur
172 1056 300 1124 eludere,
317 1056 485 1127 Christique
497 1056 671 1123 Ecclesiam,
684 1059 713 1111 in
733 1073 787 1112 sua

92 1145 252 1215 antiquitus
276 1145 434 1214 fundatam,
458 1146 616 1216 exquisitis
632 1151 723 1201 tentat
736 1163 786 1202 ar-

87 1231 298 1288 slabct'actare.
310 1234 384 1287 Nam
395 1235 661 1304 quibusdaiu,vana
671 1236 787 1306 sapien·

87 1336 245 1391 iper-verse
267 1338 326 1376 non
347 1326 405 1376 tam
421 1324 495 1378 alios
506 1340 593 1394 quarn
609 1325 787 1394 semetipsos

848 612 964 668 tbolicae
973 613 1049 668 tides
1064 628 1098 667 ac
1113 612 1273 683 professio,
1286 613 1316 666 in
1332 629 1389 682 qua
1405 613 1554 682 pretiosus
1570 616 1679 684 marty-

847 718 912 757 rum
928 703 1126 774 nequidquam
1143 702 1230 760 fusus
1254 706 1300 757 est
1315 719 1414 772 cruor,
1428 703 1598 773 frustraque
1615 704 1678 759 for·

848 790 919 846 tium
931 790 1201 846 laberathletarum
1216 792 1246 845 in
1266 792 1381 847 theatro
1397 792 1507 861 mundi,
1524 793 1589 860 ipse
1612 806 1678 860 spe-

848 882 954 948 ctante,
965 880 1146 950 triumphum
1158 880 1193 935 de
1209 880 1294 935 hoste
1307 880 1468 951 reportavit
1481 896 1531 950 ,ac
1550 896 1604 950 por
1622 880 1679 935 hoc

848 969 921 1023 nihil
940 971 986 1023 est
1015 969 1093 1039 quod
1110 969 1237 1041 egimus,
1259 969 1331 1023 nihil
1347 971 1465 1025 omnino
1481 970 1559 1040 quod
1574 984 1679 1039 spera·

849 1074 926 1113 mus.
938 1057 1061 1113 Hiccine
1072 1061 1117 1111 est
1133 1058 1248 1112 fruetus
1258 1058 1340 1127 uber,
1354 1058 1485 1113 haeceine
1497 1059 1592 1128 opima
1603 1074 1678 1114 mer·

848 1163 910 1216 ees,
935 1147 982 1204 cui
1004 1147 1262 1202 schismaticorum
1287 1148 1443 1218 impudens
1458 1148 1582 1203 inservit
1598 1149 1677 1203 inso-

846 1235 996 1292 lontiat0
1012 1235 1157 1306 perditum
1173 1235 1395 1291 fundamentum
1412 1235 1418 1291 l
1440 1237 1519 1309 quod
1532 1240 1611 1291 tanta
1626 1252 1676 1291 se-

848 1329 947 1398 quitur
970 1342 1027 1381 non
1055 1329 1212 1394 structura,
1230 1326 1284 1380 sed
1299 1326 1544 1382 ruina.Sedabsit
1556 1326 1678 1382 utChri-

87 1410 183 1478 rtihus,
199 1412 348 1479 persuasit
363 1412 484 1480 sentire,
501 1417 588 1482 atque
608 1413 723 1468 callidis
735 1431 787 1469 su·
842 1423 908 1471 stus
934 1417 1015 1471 Deus
1031 1431 1089 1470 uon
1106 1416 1145 1468 sit
1159 1417 1209 1487 qui
1229 1417 1329 1487 utique
1361 1433 1453 1471 vorax
1467 1420 1522 1485 est,
1541 1418 1610 1487 quia
1626 1431 1676 1471 re-

89 1499 177 1554 nibus
203 1500 314 1554 sensim
335 1503 364 1553 et
378 1501 492 1555 occulte
517 1502 583 1557 aliis
603 1502 789 1557 sentiendum
846 1521 917 1560 cera
946 1506 1080 1560 Deusest
1096 1520 1103 1559 :
1122 1505 1148 1558 si
1167 1509 1323 1573 veraxest,
1342 1520 1413 1576 ergo
1431 1505 1509 1576 quod
1522 1506 1589 1574 ipso
1605 1521 1676 1576 por·

87 1610 90 1634 ι
106 1588 179 1642 nibil
204 1589 234 1642 in
250 1590 443 1643 sacramentis
460 1591 621 1645 Dominicis
631 1592 668 1646 ad
679 1593 788 1647 verita·
845 1595 960 1665 rigente
972 1593 1125 1664 accipitur,
1138 1593 1216 1664 quod
1230 1594 1383 1663 praebente
1396 1594 1568 1663 comeditur,
1585 1609 1677 1665 quan-

89 1676 108 1746 i,
124 1677 180 1732 sed
195 1678 292 1731 omnia
312 1679 410 1747 potius
427 1694 481 1748 per
500 1680 624 1752 figuram
639 1684 668 1734 ct
681 1682 788 1736 simili·
845 1698 932 1754 quani
957 1682 1077 1737 diverso
1101 1696 1154 1751 pro
1186 1685 1359 1737 meritorum
1385 1682 1548 1737 differentia
1577 1683 1674 1752 motio,

103 1767 179 1837 geri.
201 1765 266 1836 Qui,
279 1770 309 1820 ut
321 1783 354 1821 se
370 1767 523 1824 haeresees
539 1771 710 1840 suspicione
726 1771 788 1824 cal·
846 1770 1031 1826 flamininum
1042 1775 1139 1825 tamen
1155 1786 1225 1825 vere
1241 1786 1348 1840 corpus
1362 1774 1418 1840 est,
1439 1772 1517 1842 quod
1532 1773 1676 1826 internam

87 1856 132 1907 ant
155 1870 189 1906 nc
207 1856 367 1911 Dominicae
382 1859 537 1913 sententiaa
553 1875 720 1931 congruere
736 1876 787 1915 os·
806 1882 828 1941 Β
846 1859 985 1913 duntaxat
1000 1860 1182 1929 purificatam
1207 1860 1310 1926 aciem,
1326 1859 1392 1929 ipsa
1407 1859 1606 1913 imbecillitate
1626 1874 1675 1914 ex·

107 1942 163 1998 hac
184 1960 217 1998 se
240 1946 407 2000 calliditatis
442 1953 503 2002 arte
543 1949 671 2018 palliant,
700 1953 786 2020 atqua
846 1947 1146 2003 teriorumluminuin
1172 1947 1284 2016 feriata,
1302 1945 1675 2018 inlideispecutoalteri-

100 2034 239 2087 novitatis
267 2034 374 2105 dogma
400 2036 438 2089 ita
471 2042 558 2092 tenus
587 2042 786 2108 temperantes
845 2038 920 2092 mari
934 2039 1035 2109 liquet.
1047 2035 1106 2090 Sed
1120 2039 1216 2090 tamen
1231 2035 1361 2090 evidenti
1376 2038 1525 2105 praeconio
1536 2038 1676 2092 Veritatis

87 2162 93 2191 ,
121 2126 153 2175 ut
176 2123 275 2177 dicant
311 2139 427 2194 eaquae
446 2125 482 2178 ad
504 2127 594 2181 altare
613 2127 788 2183 deferuntur
846 2126 980 2181 moderni
995 2125 1570 2197 dogmatistaeresponsalesqueSatanoe
1581 2126 1676 2181 refra-

87 2225 92 2262 ι
112 2212 172 2265 vini
196 2227 327 2279 munera,
349 2217 416 2282 post
430 2217 684 2271 consecrationem
699 2217 786 2271 etiaui
846 2217 961 2285 gratur,
985 2217 1013 2268 et
1029 2217 1087 2267 taur
1103 2214 1192 2281 impia
1207 2214 1362 2283 turpiaque
1375 2213 1676 2269 libertatatemeraria

88 2302 170 2353 erant
186 2315 370 2370 permanere,
388 2305 416 2356 et
431 2303 475 2357 sic
486 2304 701 2375 quedammodo
718 2322 785 2360 cor·
845 2301 1276 2370 submurmurandoopinantur
1290 2305 1393 2371 quaeet
1408 2301 1503 2370 ipsius
1520 2303 1676 2357 aerisinti-

88 2387 136 2442 isti
158 2392 186 2442 et
205 2391 383 2461 saligninam
403 2406 515 2461 verunt,
533 2408 591 2447 non
603 2394 783 2462 naturaliter,
846 2391 1151 2462 ciantauras,ailiiquo
1163 2390 1321 2445 faventium
1333 2391 1677 2447 menteshominumcor·

87 2475 192 2531 ,raliter
209 2494 288 2533 esse.
306 2479 391 2548 ipsas
410 2495 528 2550 quoque
544 2482 727 2536 substantias
743 2483 785 2536 di·
844 2482 1014 2549 rumpuntet
1024 2480 1124 2534 corda.
1137 2479 1344 2533 Verumtamen
1352 2482 1479 2533 uttantae
1488 2479 1675 2549 perfidiane·

87 2565 200 2620 tationis
222 2567 294 2621 adeo
320 2569 531 2637 corruptibiles
548 2576 576 2624 st
591 2586 785 2640 corrumpen—
846 2572 903 2622 tarn
920 2572 1042 2623 caveant
1066 2568 1354 2640 confutationemque
1377 2568 1502 2623 liberius
1524 2568 1677 2624 subterfu-

87 2658 238 2710 cantasse
267 2659 422 2725 quatenus,
436 2663 464 2711 et
477 2658 507 2711 in
522 2658 688 2729 digestione
704 2676 786 2715 cem·
846 2658 937 2728 giant,
964 2658 1101 2712 omnibus
1125 2657 1234 2712 divinis
1258 2658 1467 2713 tractatoribus
1495 2657 1676 2730 voluminum

112 2743 246 2798 ciborum
261 2746 367 2814 perire,
383 2745 546 2816 etamplius
562 2763 648 2818 aequo
664 2763 785 2803 sunien-
848 2735 1199 2818 auctoritatemderogant
1209 2747 1295 2801 beato
1310 2763 1393 2818 papae
1408 2746 1674 2818 Gregorioheoni,

87 2832 193 2902 rpulam
204 2832 389 2888 etebrietatis
399 2834 646 2906 furorom‘queant
659 2840 783 2894 vortere.
848 2837 973 2890 Maximo
1002 2841 1030 2891 et
1046 2836 1162 2890 caeteris
1178 2837 1346 2907 quicunque
1370 2838 1478 2904 praeter
1494 2850 1606 2905 pancos
1621 2835 1675 2891 ali-

109 2920 165 2974 alia
190 2923 328 2992 graviora
344 2923 418 2977 satis
435 2923 786 2996 multoquehislurpiora
845 2926 914 2996 quid
935 2927 964 2978 in
988 2924 1166 2979 authenticis
1197 2923 1342 2979 Ecclesiae
1365 2924 1471 2979 litteris
1494 2924 1671 2980 disserendo

94 3012 785 3082 etconsciisminusquesuspectisinsusurrare
843 3014 1023 3068 laborarunt.

90 3098 205 3169 istaut,
225 3116 302 3170 quae,
329 3117 366 3155 nc
394 3101 488 3155 dicam
512 3103 656 3173 proferre,
683 3120 786 3160 verum
1104 3099 1204 3154 PARS
1228 3099 1416 3155 SECUNDA·

87 3188 148 3242 elas
170 3191 276 3243 estrei
302 3190 429 3245 tenuiter
448 3194 589 3261 cogitare.
626 3195 683 3248 Sed
702 3211 785 3267 quae-
878 3190 913 3243 ll.
931 3189 989 3243 Sed
1018 3188 1103 3243 vaide
1131 3190 1334 3260 incompetens
1350 3189 1674 3245 videturetahsurdum

95 3276 232 3347 arbitror,
262 3279 395 3350 talesque
418 3281 555 3336 doctores
571 3284 786 3339 consulendum
843 3280 875 3332 ut
889 3277 998 3349 abjecti
1009 3279 1168 3349 spurcique
1180 3278 1326 3349 hemines,
1349 3279 1400 3349 qui
1415 3294 1510 3349 noque
1520 3278 1673 3334 honestate

87 3365 115 3419 id
142 3367 278 3422 utilitatis
308 3368 409 3423 efl'erut
441 3370 650 3440 hujuscemodi
683 3389 785 3428 eorum
843 3367 1674 3439 trita,nequeaeientiae‚utihtatoatiquodEcclesiam·

87 3470 111 3522 o,
124 3456 153 3509 in
164 3473 221 3517 qua
230 3457 302 3511 nihil
312 3461 456 3524 sanetum,
469 3461 581 3515 nullum
597 3477 722 3530 prorsus
736 3478 786 3517 re-
842 3457 960 3512 thelicae
976 3459 1162 3512 contulerunt
1176 3458 1414 3525 emolumentum,
1431 3459 1553 3511 eatenus
1563 3471 1672 3512 conva-

87 3545 244 3599 aanctitatis
261 3546 408 3601 imitandae
425 3549 602 3620 vestigium,
620 3552 674 3604 sad
691 3552 787 3606 omnin
844 3545 958 3601 lescunt
978 3549 1009 3601 ut
1021 3549 1064 3602 tot
1085 3546 1223 3600 Patribus
1238 3550 1325 3617 atque
1340 3546 1524 3614 doctoribus,
1549 3560 1674 3616 quorum

89 3636 139 3686 unt
155 3636 299 3704 attur-pie,
320 3651 529 3708 perversaeque
553 3654 667 3693 morum
695 3644 723 3695 et
743 3654 789 3697 ac·
845 3635 903 3689 vita
928 3636 1082 3703 hactenus,
1100 3640 1128 3690 et
1145 3635 1328 3690 institutione
1357 3635 1463 3689 llorere
1489 3633 1676 3705 dignoscitur

90 3722 248 3776 ssolutioni
268 3723 428 3778 militantia.
454 3725 537 3791 Quod
553 3728 580 3780 si
599 3728 785 3798 aliquatenus

87 3826 115 3863 rr
124 3813 202 3864 tanta
218 3813 398 3880 perversitas
416 3817 444 3867 ut
456 3814 484 3868 in
496 3815 658 3869 [lominicis
674 3821 786 3887 myste-

87 3899 243 3954 icredutur
256 3901 377 3971 veritae,
395 3903 448 3956 sed
463 3904 629 3958 umbratilis
645 3905 786 3961 duntaxat

87 3987 238 4059 rfalsitas,
251 3990 388 4062 quodque
405 3992 599 4063 consequitur
614 3995 786 4049 eorumdem

87 4079 204 4132 ntorum
216 4079 310 4149 turpis
327 4081 505 4150 corruptela,
519 4081 598 4152 quid,
612 4098 696 4155 rogo,
718 4098 785 4139 res-

111 4168 141 4219 ut
163 4171 221 4221 tota
250 4168 369 4237 perierit
393 4169 591 4238 professionis
607 4171 782 4228 Christianae

87 4270 107 4308 a
117 4257 131 4309 ἱ)
141 4255 223 4310 Sicut
233 4258 310 4310 enim
327 4258 357 4311 in
366 4258 413 4312 his
425 4258 539 4313 solidus
550 4260 702 4315 catholicae
713 4261 780 4316 fidei

87 4344 210 4399 ‚salutis
241 4346 375 4400 hurnauro
392 4363 507 4400 summa
525 4349 670 4416 consistit,
685 4350 785 4419 italiis

87 4449 96 4486 3
124 4433 196 4487 nibil
225 4437 401 4504 sanctitatis,
424 4437 496 4489 nihil
518 4438 612 4491 meriti
637 4438 783 4508 reliquum

87 4521 139 4575 lam
164 4523 190 4575 si
217 4523 376 4594 hiealiqua
398 4525 629 4594 deprehenditur
652 4526 780 4597 salsitas,

87 4625 199 4681 quaeso,
221 4613 276 4665 orit
298 4613 436 4667 veritas?
460 4614 566 4668 Nullus
583 4615 673 4686 igitur
692 4617 780 4671 timor

87 4716 95 4752 ι
129 4701 242 4754 sanetis
275 4702 330 4755 erit
366 4704 439 4756 ultra
474 4704 661 4772 reverentia;
698 4722 784 4760 neme

87 4789 271 4858 munditiam,
296 4805 381 4844 uerno
407 4793 542 4860 corporis
572 4793 648 4846 colet
674 4795 785 4849 sancti-

87 4894 95 4941 ;
124 4877 220 4931 omnia
252 4881 337 4932 erunt
362 4879 524 4948 dissoluta,
568 4883 664 4935 omnia
698 4885 783 4952 plane

90 4966 163 5035 sita,
195 4971 333 5022 cessante
373 4984 496 5023 summae
523 4970 688 5025 honestatis
719 4971 783 5024 dis-

96 5055 157 5109 Ncc
182 5056 338 5111 immerito.
363 5055 435 5120 Quis
457 5058 534 5111 enirn
553 5058 694 5129 deinceps
719 5076 783 5115 nro·

90 5145 302 5216 sobrietatique
333 5160 450 5215 oporam
486 5146 681 5203 adhibuerit?
715 5149 782 5219 quis

87 5248 132 5287 um
160 5234 251 5288 divini
282 5235 395 5288 timoris
425 5236 605 5306 dependerit,
630 5236 680 5291 uhi
704 5237 782 5291 nulla

87 5325 163 5376 estas
179 5323 337 5377 verticosa
360 5327 506 5379 tinctorum
530 5326 555 5378 si
579 5325 608 5379 in
636 5326 701 5379 cibo
722 5326 782 5380 llo-

87 5410 196 5483 llgura,
227 5414 256 5466 et
278 5429 337 5466 non
364 5413 548 5467 substantiva
577 5414 687 5469 veritas
716 5417 781 5484 est,

112 5500 162 5571 qui
178 5501 268 5555 dixit:
286 5501 422 5572 Accipite
442 5509 471 5555 et
487 5503 647 5567 annaurim
664 5503 717 5557 froc
735 5509 781 5557 est

87 5605 174 5658 neum,
185 5605 275 5645 vorax
290 5606 348 5647 non
360 5596 404 5646 est
419 5607 426 5661 ς
439 5592 465 5645 si
477 5607 568 5645 verax
583 5608 640 5646 non
657 5596 713 5662 est,
726 5609 780 5648 nec

87 5679 211 5748 ,silicus
222 5695 281 5735 non
297 5684 352 5751 est,
369 5680 466 5736 inanis
477 5683 525 5736 est
538 5686 710 5739 sanctorum
723 5699 777 5755 per

845 3723 1105 3787 tidesorthcdoxa,
1131 3723 1340 3793 praedieatione
1357 3736 1475 3793 quoquo
1490 3723 1518 3775 et
1533 3721 1673 3777 instantia

844 3814 1046 3881 siieerovisse,
1063 3815 1149 3881 atque
1174 3813 1203 3866 in
1214 3810 1320 3864 melius
1341 3810 1402 3865 Deo
1418 3809 1598 3881 suffragante
1614 3809 1676 3864 dia·

843 3903 893 3956 tim
916 3900 1092 3971 profecisse,
1109 3899 1237 3954 fructum
1258 3900 1306 3953 sui
1320 3898 1433 3953 laboris
1447 3897 1600 3969 auferant3
1618 3914 1675 3955 nos

843 4006 960 4063 quoque
977 3989 1036 4045 eibi
1052 3989 1237 4058 impudenter
1260 3988 1401 4042 inclinent
1414 3990 1566 4058 atquesuo
1578 3987 1676 4042 errori

843 4094 987 4150 perverse
997 4078 1153 4148 applicent.
1171 4076 1373 4132 inconsultum
1386 4075 1579 4131 nibilominus
1603 4089 1674 4131 esse

841 4170 934 4240 liquet
950 4172 980 4223 ut
999 4182 1052 4223 eos
1067 4166 1241 4222 deseramus
1258 4180 1385 4236 quorum
1395 4164 1538 4219 doctrinis
1549 4164 1674 4219 instrui·

843 4274 918 4324 mur,
937 4260 1048 4312 sanctae
1061 4257 1130 4309 vitae
1141 4254 1284 4323 exemplis
1299 4253 1501 4322 informamur,
1525 4253 1673 4324 quetidia-

841 4348 948 4418 nisque
959 4345 1110 4400 miraculis
1121 4345 1304 4399 illustramur
1316 4360 1322 4407 ;
1335 4343 1458 4397 eisvero
1473 4342 1672 4398 inhereamus

841 4428 1036 4506 quorum‘vita
1060 4433 1261 4503 despicabilis.
1277 4432 1308 4487 Si
1326 4447 1382 4503 qua
1394 4434 1476 4487 esset
1491 4431 1578 4487 etiarn
1591 4433 1672 4486 recte

842 4523 967 4578 docendi
982 4522 1141 4592 professio,
1154 4521 1258 4577 merito
1271 4521 1347 4576 foret
1357 4521 1425 4575 vilis
1433 4523 1462 4576 et
1469 4521 1596 4576 obnoxia
1603 4536 1672 4576 con-

842 4610 1035 4680 temptui.Sed
1060 4611 1137 4666 enirn
1152 4611 1208 4665 hoe
1219 4610 1275 4665 tale
1290 4613 1381 4678 esset,
1398 4625 1433 4665 ac
1448 4611 1474 4664 si
1487 4611 1554 4665 vitre
1564 4624 1673 4665 renun-

840 4702 946 4755 tiantes
963 4704 1085 4755 mortem
1107 4700 1370 4770 amplecteremur3
1384 4701 1479 4755 lucem
1488 4699 1670 4768 abdicantes,

840 4790 971 4843 tenebris
986 4789 1225 4859 implicaremur3
1248 4787 1421 4859 abjurantes
1435 4789 1599 4858 veritatem,
1615 4786 1671 4842 fal·

841 4877 925 4932 laeiae
940 4893 1046 4932 manus
1060 4877 1272 4947 preberemus.
1285 4878 1372 4932 Absit
1385 4879 1482 4931 autem
1496 4880 1527 4931 ut
1540 4879 1600 4931 tam
1609 4891 1673 4946 per·

840 4969 940 5022 versia
968 4970 995 5020 et
1019 4983 1036 5020 a
1055 4966 1177 5021 veritate
1192 4967 1257 5037 ipsa
1270 4968 1383 5021 tantum
1397 4966 1513 5021 aversis
1527 4963 1671 5035 perijun·

841 5073 946 5128 gamur
964 5056 1097 5127 perfidia,
1123 5061 1210 5127 atquc
1222 5058 1251 5111 in
1262 5060 1364 5110 sancta
1382 5056 1671 5125 Dominicieorporis

840 5162 873 5199 ac
889 5145 1046 5216 sanguinis
1062 5145 1267 5200 communione
1285 5145 1382 5199 minus
1399 5144 1509 5215 aliquid
1526 5143 1672 5200 fateamur

837 5250 924 5306 quam
940 5233 1084 5289 catholiea
1095 5250 1148 5304 per
1159 5234 1331 5288 universam
1346 5235 1449 5289 orbem
1463 5234 1603 5304 predicat
1618 5234 1668 5288 Ee·

837 5323 939 5378 clesia.
950 5324 981 5376 ln
991 5339 1048 5393 qua
1063 5325 1236 5377 reveratum
1251 5337 1321 5377 vera
1335 5321 1446 5377 Christi
1463 5338 1543 5392 caro,
1561 5338 1670 5379 verus·

837 5429 894 5484 que
906 5412 1030 5483 sanguis
1048 5411 1149 5465 existit
1161 5427 1249 5482 quarn
1265 5427 1353 5463 verr:
1365 5427 1395 5447 Ν·
1409 5426 1433 5462 το
1451 5411 1514 5481 ipse
1529 5411 1669 5467 Christus

837 5503 987 5572 probatur,
1000 5501 1051 5572 qui
1066 5515 1100 5554 ea
1115 5500 1406 5569 priorsanetifteavit,
1414 5500 1539 5572 suisque
1552 5501 1671 5555 demum

837 5591 1039 5645 auctoritatem
1050 5589 1233 5659 formamque
1242 5589 1445 5643 sanctificandi
1460 5605 1514 5642 sna
1526 5591 1670 5659 potestate

838 5679 998 5750 rancessit,
1020 5694 1087 5750 quaa
1102 5677 1228 5733 fideliter
1247 5684 1385 5751 percepta
1400 5678 1500 5752 justos
1516 5675 1668 5748 clarificat,
