3900 6112
113 338 179 408 281¹
377 343 578 409 CHRONIC.
602 345 634 408 S.
652 343 841 410 ANDRCAE
864 345 1015 410 CASTRI
1028 345 1336 410 cananaeum.
1352 380 1390 396 -
1409 347 1490 410 ΠΒ.
1514 346 1570 409 111.
1772 344 1834 413 282

147 541 193 598 δί.
210 543 258 599 De
273 544 356 599 obitu
377 543 523 600 Gerlandi
543 543 672 602 abbatis.
698 545 830 602 Domnus
854 547 947 601 abbas
960 523 990 587 Α
1005 561 1068 601 rem
1084 546 1132 601 ille
1147 546 1277 618 benigne
1293 546 1474 617 suscipiens,
1490 549 1606 616 tempus
1629 547 1775 603 tractandi
1795 548 1832 603 de

112 631 282 688 Gerlandus
308 649 374 688 cum
396 633 458 689 lero
480 650 537 704 per
558 636 791 706 quinquennium
811 636 948 693 decenter
1003 634 1059 689 hoo
1080 637 1199 707 negotio
1221 635 1264 689 illi
1287 635 1448 691 constituit.
1472 635 1530 690 Sed
1553 638 1646 690 morte
1669 642 1831 708 occupatus

112 736 240 793 gregem
256 722 316 775 sibi
330 722 523 777 commissum
539 724 568 776 in
584 722 638 778 bac
664 723 791 779 ecclesia
806 725 946 796 rexisset,
1001 724 1060 793 (an.
1086 722 1165 793 atat,
1188 724 1283 794 Deo),
1308 725 1455 796 quendam
1486 723 1659 794 episcopum
1681 723 1830 780 Otlenaem
1919 793 1923 799 Ι

110 810 213 864 aderat
228 810 295 865 dies
306 810 471 865 vocationis
481 827 544 866 suae
554 828 561 877 ;
573 815 601 868 at
612 813 695 884 gravi
705 810 744 855 391
757 814 949 870 tebrecorrs·
1001 811 1267 883 (5351ambertum
1285 829 1373 885 quern
1388 816 1416 868 et
1432 813 1605 882 Honorium,
1623 829 1831 869 successorem

111 901 191 969 ptus,
208 898 244 953 tt
258 897 324 953 Kal.
349 898 433 968 Maii,
458 900 529 955 feria
545 901 563 955 8
578 901 698 970 pasche
721 900 815 971 (1123)
840 903 948 958 delun·
999 900 1385 972 accepitQuinihilominus
1396 903 1553 957 clamorem
1564 901 1832 972 episeopilibenter

110 986 201 1058 gitur,
219 989 249 1042 et
264 991 330 1042 ante
344 988 434 1044 altare
446 992 558 1044 sanctae
570 989 672 1045 Mariae
681 991 833 1060 sepelitur.
846 992 946 1064 Hujus
999 991 1163 1055 attendens,
1174 1007 1208 1044 se
1224 990 1690 1062 determinaturumcauaamojus
1705 1007 1832 1061 spopon-

110 1078 245 1145 tempore
258 1074 410 1130 Gerardus
431 1076 530 1132 infans
546 1078 620 1148 (53⁴)
642 1079 781 1134 allodium
805 1080 841 1135 de
867 1079 945 1135 Fon·
999 1079 1060 1148 dit3
1076 1080 1131 1134 sed
1145 1079 1227 1150 regis
1250 1079 1433 1134 Fir-ancorum
1456 1077 1673 1150 multorumque
1699 1080 1830 1137 interve-

108 1164 196 1232 taniS,
211 1179 267 1233 pro
284 1180 338 1218 sua
352 1168 381 1219 et
396 1166 487 1236 putria
504 1167 551 1220 sui
565 1168 671 1237 anima,
689 1168 724 1222 ad
741 1168 832 1223 altare
848 1171 943 1224 sancti
997 1168 1146 1222 nientibus
1163 1168 1310 1237 epistolis,
1327 1184 1430 1237 parum
1445 1167 1622 1238 prefecit—
1637 1169 1751 1224 Domno
1768 1169 1829 1224 Ro-

110 1251 239 1307 Andreae
252 1253 392 1322 tradidit;
418 1253 505 1325 cujus
522 1258 635 1324 partem
658 1258 784 1311 araturae
806 1255 945 1312 Gerulfus
997 1255 1077 1310 dallo
1094 1256 1480 1325 Remensilmetropolitano
1499 1271 1589 1310 carne
1619 1260 1753 1326 exempto
1769 1258 1828 1325 (an.

109 1341 240 1411 qnidam,
258 1341 865 1414 monachusnostereffectus,acanonicis
877 1362 944 1400 san·
996 1342 1087 1413 llil),
1105 1344 1268 1399 Rainoldus
1284 1344 1512 1416 audegavensis
1528 1345 1688 1415 episcopus
1713 1347 1744 1400 in
1763 1345 1828 1401 loeo

112 1432 166 1484 ete
181 1429 287 1484 Mariae
306 1431 394 1485 nobis
415 1431 549 1487 redemit.
572 1432 693 1503 Sepulto
715 1433 812 1504 itaque
837 1435 944 1490 domno
996 1431 1063 1503 ejus
1080 1433 1320 1487 substituitur.—
1331 1432 1439 1487 lisdem
1455 1432 1517 1488 iere
1528 1433 1711 1503 temporibus
1727 1449 1828 1489 comes

112 1516 273 1587 Gerlundo,
290 1519 416 1574 domnus
430 1520 529 1590 Dodo,
546 1521 591 1575 vir
605 1522 740 1577 honestae
759 1523 827 1577 vitae
843 1539 944 1578 mona·
996 1518 1143 1576 Flandriae
1157 1521 1292 1591 Carolus,
1304 1538 1370 1576 cum
1381 1521 1458 1592 apud
1468 1522 1634 1594 Brugiasin
1644 1522 1827 1592 templopro·

111 1606 197 1675 obus,
225 1606 421 1662 Flandrensia
444 1609 571 1679 natione,
597 1609 626 1663 in
648 1610 714 1665 loco
737 1610 804 1681 ejus
828 1611 943 1666 substi-
997 1611 1108 1664 stratus
1132 1612 1231 1664 oraret
1254 1610 1313 1679 (an.
1338 1607 1416 1679 ilar,
1441 1610 1533 1664 Mart.
1549 1610 1587 1680 l),
1611 1627 1627 1663 a
1650 1610 1828 1681 quibusdam

113 1695 211 1751 luitur.
231 1695 287 1750 llic
301 1700 388 1766 capnt
402 1698 574 1753 monasterii
597 1699 694 1753 nostri
710 1698 773 1771 jam
794 1699 942 1755 aedificare
997 1697 1139 1752 militibus
1156 1698 1231 1768 suis,
1247 1699 1283 1752 ad
1299 1698 1355 1753 hoe
1371 1697 1468 1768 ipsum
1479 1698 1828 1769 anteaconjuratismul·

116 1787 238 1853 ceperat.
955 1772 1035 1841 Btis
1050 1785 1213 1841 confossus
1229 1785 1403 1841 vulneribus
1418 1787 1588 1855 perimitur3
1601 1802 1716 1841 necnon
1731 1787 1829 1857 etqui·

145 1869 467 1929 33.DeobituHenrici
475 1875 562 1930 tertii
570 1876 942 1948 imperatoris.lmperator
996 1875 1063 1931 dam
1078 1875 1257 1929 castellanus
1267 1873 1423 1945 ejusdum
1435 1890 1467 1929 sc
1479 1891 1512 1930 se
1528 1874 1703 1930 ferientibus
1718 1874 1828 1929 ictibus

117 1958 268 2029 ilenricus,
285 1965 353 2031 post
368 1963 457 2016 multa
471 1963 573 2033 prelia,
589 1968 657 2035 post
676 1966 777 2035 plures
797 1980 850 2035 por
865 1982 940 2037 quaa
994 1978 1048 2034 pro
1062 1963 1214 2018 liberando
1230 1964 1347 2019 domino
1363 1963 1490 2018 medium
1506 1963 1664 2034 objiceret,
1691 1963 1829 2017 similiter

120 2049 168 2103 sibi
181 2049 311 2105 rebelles
336 2049 444 2106 multos
460 2051 571 2107 iecerat
585 2046 799 2123 expeditiones,
823 2056 940 2110 tandem
994 2050 1102 2124 gladiis
1117 2067 1220 2107 eorum
1236 2068 1327 2121 super
1340 2053 1440 2123 ipsum
1459 2052 1654 2122 interemptus
1677 2051 1826 2107 occubuit.

122 2136 216 2192 domno
230 2153 315 2208 papas
331 2139 444 2194 Calixte
461 2141 669 2211 concordatus,
682 2142 759 2197 diem
771 2142 877 2198 clausit
891 2160 940 2198 ex·
992 2138 1132 2194 Protinus
1148 2140 1224 2195 lama
1240 2141 1311 2195 tanti
1326 2141 1452 2195 sceleris
1463 2144 1782 2210 percurrentc,moeror
1793 2156 1827 2194 ae

122 2226 231 2280 tremum
248 2227 308 2294 (an.
325 2226 418 2297 llus),
434 2231 463 2282 et
475 2229 553 2299 apud
575 2229 691 2299 Spiram
715 2246 781 2286 eum
805 2232 939 2301 patribus
992 2228 1079 2283 timor
1096 2228 1267 2283 universam
1282 2232 1390 2284 terram
1405 2228 1584 2299 perculit.Et
1599 2244 1667 2282 mox
1682 2228 1718 2281 ad
1734 2228 1825 2281 ulcis·

121 2315 172 2368 auis
187 2315 340 2384 sepelitur.
357 2314 488 2387 Cumque
509 2319 628 2388 cognati
651 2317 719 2389 ejus
740 2317 895 2374 Conradns
911 2324 939 2376 et
993 2317 1116 2371 cendam
1129 2317 1203 2371 tanti
1221 2317 1364 2386 principis
1389 2316 1531 2387 injustam
1554 2331 1666 2381 necem,
1689 2317 1825 2385 potentes

123 2399 287 2457 diedericus
303 2402 615 2476 bereditarieregnum
625 2406 683 2461 sibi
692 2407 800 2464 vellent
814 2423 938 2478 usurpa·
991 2405 1304 2477 quique,maximeque
1321 2404 1440 2475 quidam
1455 2403 1564 2459 nobilis
1580 2403 1683 2457 Daniel
1692 2403 1735 2456 ira
1746 2403 1826 2457 iren·

120 2504 152 2557 ra,
165 2493 337 2563 congregati
354 2491 505 2562 principes
518 2495 619 2563 terrae,
635 2494 747 2550 relictis
758 2496 829 2565 illis,
842 2513 938 2566 quen·
990 2491 1823 2565 dens,unenimiterinsurgunt,necpriusquieverequnm

121 2577 173 2632 dam
187 2578 293 2634 ducem
307 2579 445 2635 Saxoniae
460 2581 633 2637 eutherium
647 2583 765 2640 nomine
777 2585 813 2639 ad
821 2587 936 2654 imperii
991 2581 1156 2637 homicidos
1165 2580 1233 2636 illos
1243 2595 1405 2651 omnesque
1415 2581 1576 2650 complices
1583 2579 1820 2635 eorumdiversis

120 2665 277 2737 dignitatem
291 2683 479 2737 promovere.
497 2669 552 2723 Hic
561 2671 609 2723 vir
619 2674 677 2725 tam
686 2672 837 2744 religiosae
848 2690 936 2744 quam
989 2684 1023 2724 ao
1042 2669 1222 2740 turpissimis
1237 2669 1383 2725 mortibus
1402 2669 1527 2739 deditos,
1544 2669 1664 2723 omnino
1681 2667 1717 2722 de
1739 2670 1839 2721 terre,

122 2754 223 2809 ablutis
238 2755 376 2811 militaris
391 2757 506 2826 pollens
522 2758 665 2829 efficacia,
681 2776 740 2816 non
751 2761 850 2817 minus
864 2764 935 2818 reli·
989 2758 1132 2813 dolerent.
1148 2758 1242 2812 Porro
1259 2758 1327 2829 quis
1342 2758 1450 2826 luctus,
1468 2759 1535 2829 quis
1551 2757 1636 2811 dolor
1660 2755 1821 2810 Flaudren-

124 2841 220 2913 pesam
234 2859 360 2899 uxorem
374 2848 403 2901 et
417 2845 654 2902 elemosinariam
669 2847 805 2906 babebat.
882 2878 889 2891 ·
989 2861 1053 2902 sem
1068 2846 1207 2918 populum
1223 2847 1377 2916 attriverit,
1401 2863 1468 2917 quaa
1492 2846 1594 2915 prelia,
1611 2860 1677 2916 quae
1702 2843 1826 2899 seditio·

147 2930 185 2985 lt.
208 2932 253 2987 De
277 2931 359 2987 obitu
390 2932 507 2988 comitis
530 2932 738 2993 Flandrensis.
768 2939 936 3010 Supradicti
990 2951 1055 3002 nes,
1079 2951 1145 3006 quae
1169 2935 1306 2989 incendia
1329 2939 1418 2989 totam
1444 2935 1568 3005 patriam
1589 2930 1821 3001 devastaverint,

127 3016 228 3074 ilenrici
242 3023 377 3091 tempore
392 3021 525 3094 contigit,
541 3020 687 3079 Calixturn
702 3041 807 3097 papam
832 3030 934 3085 Romae
950 3016 1049 3080 cnon
1064 3023 1151 3078 nobis
1166 3025 1260 3091 vacat,
1277 3024 1346 3094 quia
1368 3022 1555 3092 impossibile
1581 3023 1627 3075 est
1651 3018 1753 3074 verbis
1779 3018 1825 3073 vet

125 3109 245 3177 ganardo
254 3109 412 3164 concilium
422 3125 498 3165 anno
508 3110 560 3167 Dei
570 3110 681 3167 Christi
693 3112 760 3170 lien
769 3113 819 3186 ⁸92,
832 3134 934 3174 mense
991 3111 1111 3181 scriptis
1127 3126 1368 3166 commemorare.
1381 3111 1476 3180 Super
1490 3110 1583 3181 hujus
1594 3106 1711 3163 comitis
1728 3110 1822 3162 morte

126 3192 221 3266 ilartio,
236 3198 267 3251 in
282 3197 438 3253 Lateranis
453 3198 635 3270 celebrasse,
653 3200 810 3275 ipsumque
830 3209 859 3261 et
878 3207 935 3261 im·
989 3199 1072 3254 multi
1088 3199 1177 3254 multa
1193 3199 1321 3254 carmina
1336 3200 1427 3254 flebili
1438 3213 1511 3253 voce
1527 3198 1649 3251 tinxere.
1662 3194 1822 3264 Dequibus

124 3287 267 3351 pontonem
292 3288 361 3357 post
381 3286 522 3341 diutinam
544 3288 628 3359 regni
651 3291 878 3363 sacerdotiique,
904 3299 936 3350 ut
989 3287 1154 3343 monachus
1170 3303 1248 3342 unus
1264 3287 1391 3359 lugubre
1406 3302 1535 3356 carmen,
1552 3285 1606 3339 sed
1621 3282 1763 3339 memoria
1778 3281 1822 3336 di-

123 3385 194 3441 aopra
219 3374 360 3444 diximus,
376 3375 598 3431 dissensionem
623 3376 707 3433 firma
721 3395 793 3448 poce
808 3396 935 3439 concor·
989 3392 1090 3448 guum,
1102 3376 1233 3431 metricis
1248 3377 1389 3431 uorsibus
1405 3376 1581 3445 composuit,
1602 3371 1681 3445 quo(l
1702 3386 1758 3426 ¹¹0⁸
1784 3372 1821 3426 ub

122 3456 293 3517 duaseTunc
311 3463 533 3519 etiamdomnus
544 3464 735 3535 Burohardus
746 3470 935 3541 apudpopam
989 3465 1118 3520 auctoris
1129 3464 1246 3535 leudem
1261 3469 1288 3519 et
1303 3464 1422 3519 lectoris
1439 3463 1662 3518 admirationem
1670 3459 1719 3514 hic
1734 3459 1822 3514 etiam

104 3560 194 3618 ¹8uper
207 3550 403 3621 diremptione
419 3551 625 3607 Atrebatensis
642 3555 779 3612 ecclesiae
798 3557 935 3615 aCame·
988 3552 1124 3609 iuuororo
1139 3552 1309 3608 curavimus
1324 3570 1329 3606 2

124 3640 219 3693 recensi
234 3654 357 3711 gravem
369 3640 583 3711 querimoniam
599 3641 704 3697 intulit.
715 3643 809 3717 Cujus
825 3648 934 3704 clamo·

124 3738 172 3797 duc
183 3745 264 3812 ades,
279 3744 421 3815 Calliope,
661 3748 840 3806 biarchionis
857 3754 939 3809 eurio
1223 3728 1317 3820 ciiJus
1333 3749 1390 3802 sub
1405 3747 1530 3818 imperio

124 3825 193 3886 lues
206 3832 276 3887 mihi
291 3836 436 3906 suggeret
660 3835 760 3892 Crevit
773 3840 917 3910 sapientia
1224 3834 1338 3892 Floruit
1352 3835 1469 3906 religio.

124 3913 222 3974 umam
238 3921 320 3993 lingo
335 3922 463 3994 lugubre
661 3925 756 3995 atque
771 3937 886 3981 morum
903 3927 998 3999 gratia
1224 3924 1314 3979 Auxit
1327 3926 1441 3993 patrum
1457 3921 1593 3993 gloriam,

125 3999 200 4060 Nobili
213 4008 251 4062 de
265 4008 410 4078 principe,
662 4011 719 4066 Ubi
732 4028 804 4069 vero
817 4014 938 4071 inolitus
1223 4012 1369 4067 Comitum
1383 4010 1552 4081 potentiam.

124 4088 192 4155 Quam
204 4096 345 4166 produxit
359 4095 458 4165 Dacia,
659 4101 736 4156 Obiit
750 4105 926 4173 avunculus,
1224 4099 1369 4153 Plurimos
1379 4097 1613 4152 Flandrensibus

124 4175 200 4236 uum
214 4183 308 4254 stirpe
325 4183 419 4255 rogia·
620 4236 623 4245 .
660 4189 834 4245 Balduiuum
848 4191 942 4262 patrio
1224 4185 1335 4242 Terras
1347 4185 1445 4256 junxit
1459 4185 1580 4239 finibus.

125 4264 194 4325 titur
205 4271 260 4327 luit
272 4272 389 4341 Albula,
659 4274 838 4332 statuentia
854 4279 940 4334 solio.
1158 4294 1161 4300 ·
1224 4267 1649 4344 Hou,heulmagnemarchio,

124 4349 246 4414 lrisionis
259 4360 330 4416 tilia.
659 4363 715 4419 Hic
731 4365 837 4421 vicinis
855 4367 980 4437 regibus
1225 4360 1319 4431 Digne
1333 4358 1419 4431 regni
1433 4359 1520 4413 solio.

124 4437 189 4498 Pater
200 4447 300 4519 cnjus,
316 4447 415 4502 hostia
658 4452 768 4507 Terror
781 4452 835 4509 luit
849 4455 1001 4525 omnibus,
1224 4447 1329 4503 Forma
1343 4446 1434 4519 digna
1449 4446 1593 4518 principe,

126 4525 210 4588 lacus
223 4535 253 4589 in
267 4535 407 4604 ecclesia,
658 4538 760 4594 Cultor
773 4555 837 4596 suae
852 4542 964 4611 patriae,
1224 4534 1319 4607 Digna
1332 4537 1412 4592 tuoto
1426 4530 1560 4591 nomino!

122 4611 419 4695 incompensate
658 4627 763 4683 Hostis
777 4628 941 4700 injustitiae.
1224 4625 1300 4694 Heu,
1316 4626 1399 4695 pater
1414 4618 1561 4688 ecclesie,

126 4700 224 4764 Pertulit
237 4710 267 4765 in
284 4712 383 4766 llacia.
659 4713 763 4771 Morbo
776 4715 934 4771 insanabili
1224 4713 1342 4768 Nostrae
1354 4713 1446 4767 decus
1458 4705 1615 4774 Flandriae,

129 4786 213 4849 Noster
224 4801 320 4853 autem
334 4798 469 4869 Carolus,
659 4799 762 4856 Fracta
779 4816 868 4856 carne
884 4801 994 4873 fragili,
1224 4802 1310 4858 Ultor
1323 4798 1477 4872 injustitiae

130 4875 189 4934 Cam
201 4884 330 4940 subintus
340 4887 488 4959 hostibus,
658 4888 755 4944 Sitbiu
769 4890 800 4944 tlt
815 4890 990 4959 monachus,
1224 4888 1260 4944 Et
1273 4888 1423 4943 munimen
1436 4883 1578 4950 Francis,

132 4960 196 5038 Fugit
207 4971 239 5026 ad
251 4975 440 5045 avunculum,
659 4978 694 5033 Et
708 4977 858 5033 suecessit
871 4977 1006 5034 Carolus.
1224 4976 1290 5030 Dux
1303 4976 1448 5031 bonorum
1463 4970 1595 5042 previus,

134 5048 244 5114 Conium
251 5059 487 5137 Flandrensium,
657 5065 721 5132 Quo
737 5067 894 5138 regnante,
911 5064 1051 5123 Flandria
1223 5061 1302 5118 Cleri
1315 5061 1456 5129 defensor
1470 5057 1550 5128 pius,

135 5134 317 5215 onerarem
335 5151 418 5224 reaia
660 5151 896 5227 viguitmilitla3
1223 5145 1576 5217 Menaenorumcnpees,

751 5317 898 5383 varum
914 5318 1158 5401 nannenus

161 5460 289 5533 ueram
299 5492 362 5550 cop.
399 5474 573 5535 uullcxlll
588 5478 679 5552 eopia.

884 5604 1039 5668 NolrAEa·

159 5754 213 5829 (ott)
224 5761 264 5820 lte
274 5763 465 5822 Cmveeoeur.
482 5762 525 5820 La
539 5763 632 5824 Gmr.
991 5763 1065 5839 (535)
1079 5763 1257 5821 Ostiensem.
