3900 6112
135 287 175 352 ac
581 273 1002 341 cssrnroauucua
1022 240 1404 339 muauncaasmu.
1817 274 1859 340 ae

127 484 262 556 epistolis
278 482 430 553 protectas
446 479 535 536 luerit
545 478 722 547 manifestis,
732 478 963 534 nullomodore·
975 459 1004 519 Α
1019 476 1857 546 vilaelibereditnsinsinuat,corascavit.Quietiamliber

127 567 961 645 cipialur.Itemsiquisinquolibetgraduvelciugulo
1018 566 1395 638 Ablebertumpontilaoem
1424 567 1540 621 etmirn
1560 567 1714 621 sanctitate
1742 567 1854 621 claram

126 663 294 718 constituas
309 662 358 714 aut
373 663 517 730 potestate
532 656 682 725 suffultus,
699 657 879 712 decendente
899 657 962 726 epi·
1016 659 1206 727 protestetur,
1216 657 1550 728 etmoramiugenailate
1561 656 1765 725 conspicuum;
1776 657 1856 727 qaod

126 766 217 822 scopo
226 766 276 805 res
288 747 447 819 cujuslibet
458 747 634 802 conditionis
646 747 675 801 in
686 746 792 801 domus
804 746 852 800 vel
872 761 962 817 agros
1018 759 1073 800 nec
1082 744 1745 814 dubitandum,presertimeumettamsanetis
1757 749 1784 799 et
1797 749 1855 799 tam

125 839 272 895 eecclesiae
287 838 402 909 positas
419 839 484 891 ante
499 836 713 891 reserationem
737 834 905 891 testamenti
917 834 961 888 vel
1018 833 1186 904 magnificis
1206 834 1353 888 natalibus
1369 837 1466 888 ortum
1477 834 1543 902 (ot).
1560 833 1616 886 Hie
1632 834 1770 888 nimirum
1786 850 1857 904 pre·

125 927 302 984 audientiam
317 942 410 982 ausus
425 925 515 980 faerit
530 941 685 996 occupare,
698 925 747 979 vel
758 923 905 978 aecclesiae
918 939 963 977 re·
1016 921 1114 976 libatae
1131 923 1257 992 sororis,
1275 922 1362 976 idest
1377 921 1591 993 Gaodilae,jam
1607 922 1703 976 triduo
1718 922 1853 993 sepultae,

124 1017 233 1089 pagata
242 1015 399 1089 effringere
411 1019 439 1070 ct
458 1014 674 1086 supellectilem
689 1012 766 1067 intra
777 1013 897 1067 domam
908 1027 963 1066 aec·
1016 1012 1160 1065 tumulum
1171 1027 1188 1064 a
1199 1010 1312 1065 latrone
1322 1009 1463 1080 pestifero
1472 1010 1612 1064 violatum
1623 1011 1757 1077 audiens,
1770 1011 1854 1083 inge-

125 1102 960 1176 clesiaepositamcontingerevelscruteripresumpserit,
1016 1100 1098 1168 mait,
1115 1099 1319 1170 latronemque
1334 1099 1527 1153 anathematis
1544 1100 1662 1153 vincalo
1681 1099 1852 1169 innodavit,

125 1210 141 1248 a
170 1195 375 1249 communione
401 1193 634 1247 christianorum
662 1191 782 1261 penitus
795 1190 960 1244 abdicetur.
1016 1188 1853 1259 immoetiamexertaimprecationemsignisiatentibus

124 1282 197 1338 Item
206 1287 237 1337 at
252 1282 354 1336 clerici
366 1280 453 1351 cujus
467 1280 537 1334 libet
548 1279 758 1350 ordinisncque
768 1295 820 1348 pro
831 1279 961 1349 propriis
1016 1277 1122 1331 saltem
1132 1281 1338 1347 posterosnon
1346 1278 1458 1343 lateret,
1466 1277 1665 1346 obtinuit3liee
1674 1278 1758 1331 inodo
1768 1293 1852 1346 sano,

123 1386 220 1442 neque
230 1386 286 1440 pro
298 1369 523 1425 aecclesiasticis
535 1369 636 1423 causis
648 1368 733 1423 aliter
743 1367 823 1421 adire
835 1367 962 1422 debeant
1016 1368 1047 1420 at
1063 1366 1091 1420 si
1104 1366 1149 1420 vir
1164 1372 1256 1433 esset,
1274 1368 1397 1421 claudus
1413 1367 1459 1420 vel
1475 1366 1606 1437 quolibet
1631 1366 1717 1420 modo
1745 1366 1853 1421 debilis

122 1457 230 1527 foram,
248 1473 303 1513 nec
318 1474 426 1512 causas
441 1458 540 1513 dicere
557 1457 692 1522 audeant,
719 1455 778 1511 nisi
802 1471 877 1527 qaas
894 1472 960 1510 cam
1017 1454 1110 1524 fieret,
1123 1454 1148 1508 si
1161 1453 1279 1524 femina,
1291 1455 1449 1526 vitioquod
1460 1455 1550 1525 vulgo
1560 1454 1685 1508 dicimus
1696 1457 1852 1527 gutteriam

121 1543 959 1617 permissaetconcilioepiscopiagereeisfaeritomnino
1015 1541 1082 1613 (68),
1100 1558 1219 1614 semper
1234 1559 1293 1598 non
1309 1547 1432 1598 careret.
1456 1543 1492 1596 Et
1514 1543 1570 1597 hoc
1594 1543 1728 1599 mirabile
1753 1544 1850 1608 dictn;

121 1636 313 1705 permissum.
326 1636 397 1690 item
407 1634 523 1705 viduas,
537 1651 604 1706 quae
615 1650 648 1688 sc
658 1634 781 1688 Domino
789 1634 960 1688 consecrari
1015 1646 1142 1702 namque
1158 1647 1274 1686 omnem
1289 1633 1385 1702 ipsam
1407 1633 1580 1703 progeniem
1606 1632 1670 1686 haec
1694 1632 1732 1685 ita
1747 1636 1852 1702 postea

121 1723 279 1794 petierant,
296 1724 342 1777 vel
359 1722 474 1793 puellas
491 1721 614 1776 Domino
639 1724 841 1790 consecratae,
857 1721 958 1776 nullus
1015 1719 1135 1791 hebere,
1153 1721 1229 1775 liber
1243 1720 1306 1790 ipse
1323 1720 1440 1774 latetur.
1458 1720 1542 1775 L'nde
1558 1721 1787 1793 ilatarintelligi,
1804 1723 1850 1775 ri-

122 1827 218 1883 neqae
234 1828 287 1882 per
302 1812 505 1867 auctoritatem
522 1813 635 1882 regiam
651 1827 746 1882 neque
761 1810 957 1882 qualicunque
974 1812 999 1873 Β
1014 1825 1079 1864 rum
1095 1809 1208 1865 altioris
1225 1810 1320 1864 meriti
1333 1808 1490 1881 extitisse]

122 1902 265 1971 potestate
284 1899 423 1955 saiiultus
448 1904 497 1954 aut
519 1900 640 1971 propria
664 1901 836 1967 temeritate,
854 1915 957 1969 rapere
1050 1897 1093 1953 17.
1111 1898 1167 1953 Hie
1178 1899 1216 1955 ad
1231 1899 1382 1953 ittartines
1393 1898 1526 1970 sepultas
1543 1905 1598 1964 est,
1617 1899 1672 1954 scd
1686 1900 1724 1953 ad
1738 1899 1849 1954 altioe-

122 1989 169 2043 vel
184 1989 302 2044 trahere
317 1989 431 2044 audeat.
456 1987 570 2053 Quodsi
595 1989 711 2060 utrique
737 1989 955 2057 consenserint,
1014 1986 1094 2042 dium
1111 1987 1273 2042 translatas
1289 1985 1322 2041 ¹⁹,
1340 1987 1406 2042 Fuit
1421 1992 1517 2042 autem
1529 1987 1607 2054 haic,
1620 1991 1650 2042 at
1663 1988 1849 2058 lerunt,pre-

122 2077 328 2133 communione
343 2077 508 2148 priventur.
522 2077 690 2132 Preterhec
705 2077 793 2132 etiam
804 2077 959 2131 aliamulta
1014 2076 1103 2144 dium,
1121 2076 1200 2147 quod
1216 2076 1357 2130 Martinus
1375 2074 1431 2147 (69)
1447 2077 1563 2146 dieitur,
1589 2077 1709 2132 familiis
1730 2079 1850 2148 quidem

119 2168 242 2221 tractata
257 2171 336 2234 sant,
353 2183 420 2237 quae
436 2167 504 2220 licet
519 2166 594 2220 satis
610 2166 702 2233 utilia,
720 2171 815 2221 tamen
830 2165 957 2220 brevilo-
1013 2165 1149 2220 atrebas
1165 2165 1347 2219 circumlinis
1364 2165 1640 2236 locupletissimam,
1662 2166 1698 2220 de
1721 2182 1780 2237 quo
1798 2166 1849 2220 Dei

120 2255 190 2326 quio
205 2256 381 2327 gaudentes,
398 2255 595 2325 pretereunda
610 2255 825 2309 estimavimus.
1013 2255 1169 2326 genitricis
1194 2254 1361 2309 aecclesiam
1386 2255 1441 2323 (70)
1467 2254 1614 2309 haeredem
1639 2255 1760 2325 iecerat,
1784 2257 1849 2324 sed,

155 2341 199 2398 15.
222 2344 270 2412 (V.
289 2343 379 2416 Geuq.
397 2360 438 2410 ιιι,
455 2345 495 2413 3.)
510 2344 571 2398 Isto
584 2342 706 2415 presule
722 2342 772 2398 tar
786 2345 817 2397 in
832 2343 957 2398 basilica
1013 2344 1167 2397 nescimus
1183 2357 1241 2413 qua
1257 2358 1348 2396 eausa
1362 2342 1421 2396 nisi
1443 2343 1632 2399 intestatione
1655 2359 1849 2416 paganorum,

120 2432 220 2488 sancti
231 2432 402 2503 Gariqerici,
416 2439 518 2488 sancto
530 2432 697 2504 Gaaqerico
707 2433 873 2501 intimante,
884 2447 958 2487 com·
1012 2432 1163 2485 amiserat.
1181 2430 1237 2485 Hie
1253 2431 1480 2500 superveniente
1496 2432 1543 2486 die
1560 2449 1623 2486 suae
1633 2433 1806 2503 vocationis,
1820 2434 1849 2487 in

118 2520 331 2592 prehenditur.
341 2521 402 2576 Sub
412 2521 643 2592 hujuslempore
654 2521 702 2576 lar
717 2521 834 2592 quidam
853 2523 958 2576 intem·
1012 2521 1115 2575 eodem
1132 2535 1219 2590 pago,
1237 2520 1307 2573 villa
1323 2519 1461 2574 videlicet
1476 2536 1563 2591 quam
1587 2521 1646 2574 loci
1668 2521 1848 2576 habitatores

121 2612 205 2679 peste
224 2613 309 2664 nocte
326 2609 481 2664 basilicam
496 2610 590 2664 saneti
608 2609 766 2681 Gangeriei
785 2611 956 2680 ingressam,
1013 2607 1284 2678 llam(il)dieunt,
1316 2608 1484 2675 defunctae,
1509 2610 1646 2682 migravit
1674 2627 1690 2664 a
1719 2612 1846 2679 mand03

121 2711 241 2753 sacrum
257 2698 312 2751 viri
329 2698 533 2768 sepulchrum,
550 2698 629 2768 qaod
645 2699 718 2752 miro
735 2697 850 2752 artilleii
869 2713 958 2768 opere
1011 2697 1139 2767 illacque
1155 2697 1302 2768 sepultas,
1319 2697 1425 2752 deinde
1441 2698 1477 2751 ad
1507 2698 1649 2753 ltlartinas
1664 2700 1845 2769 deportatae,

120 2801 193 2841 auro
209 2789 237 2841 et
252 2788 378 2857 gemmis
394 2786 546 2854 renitebat,
561 2787 691 2856 spoliare
710 2787 844 2856 capebat.
861 2787 898 2840 At
913 2788 958 2840 vir
1010 2789 1113 2854 postca
1127 2801 1200 2839 vero
1216 2786 1252 2839 ad
1267 2785 1446 2841 Mclbodiam
1463 2788 1635 2856 translatas,
1652 2789 1753 2859 ibique
1769 2806 1847 2843 auae

120 2874 236 2929 Domini
247 2874 430 2945 janitorisao
446 2891 499 2944 per
510 2877 607 2929 visam
616 2876 760 2946 apparuit,
771 2876 956 2930 memoriam·
1011 2874 1181 2944 quiescens,
1199 2875 1452 2931 resurrectionnis
1463 2876 1540 2930 diem
1556 2881 1700 2947 expectat.

119 2963 956 3035 quesuamaletronibustemptatamiatimavit,denun-
1046 2962 1101 3036 [18.
1136 2962 1222 3034 (tl.)
1255 2964 1299 3018 De
1331 2971 1434 3019 saircto
1466 2965 1624 3021 Aatberto.
1658 2965 1706 3035 (V.
1739 2967 1847 3039 Aartb.)

119 3051 207 3121 tians,
224 3056 255 3105 ut
271 3056 387 3122 captam
402 3052 497 3107 larem
519 3052 583 3108 siue
600 3053 723 3108 laesione
737 3053 819 3107 abire
833 3054 955 3124 permit·
1011 3052 1082 3107 Post
1097 3051 1175 3106 huno
1191 3052 1220 3106 in
1235 3053 1307 3107 sede
1322 3053 1594 3123 pontificalibeatas
1607 3056 1755 3110 successit
1771 3055 1846 3110 hut-

39 3210 42 3217 ,
119 3142 203 3195 teret.
220 3139 328 3211 Sicqae
345 3140 521 3196 factumest.
970 3141 1113 3236 cherlus
1129 3141 1195 3211 (a),
1211 3141 1409 3214 vircgrcgias
1419 3145 1447 3198 et
1459 3144 1526 3198 vitae
1537 3145 1641 3198 merito
1652 3146 1844 3214 conspicans,

153 3227 198 3284 to.
216 3229 413 3284 Subnectitar
427 3230 614 3286 Ablebertus
633 3232 699 3287 sire
712 3231 904 3301 Eaiiebertus,
918 3248 957 3286 en·
1009 3230 1193 3299 temporibus
1218 3231 1379 3303 Dagoberli
1403 3232 1486 3304 regis
1509 3233 1696 3290 Francorum.
1721 3235 1776 3299 Qui
1792 3252 1844 3304 pro

117 3324 221 3373 salicta
232 3320 522 3390 stirpeproqenitas.
538 3320 808 3375 PostBertoeldum
821 3322 954 3375 succesit
1010 3318 1165 3373 familiaris
1190 3320 1325 3374 amicitiae
1350 3323 1454 3391 gratia,
1479 3338 1536 3392 qna
1557 3339 1624 3377 cum
1652 3324 1844 3395 singulariter

117 3405 223 3461 beatus
241 3406 578 3477 Ablehertusqaiitaiu
596 3408 954 3479 catalogoepiscoporum
1009 3407 1136 3479 amabat,
1167 3408 1309 3462 tratribus
1334 3409 1437 3479 quiin
1462 3412 1599 3466 aecclesia
1623 3412 1717 3466 beatae
1744 3413 1843 3466 itariae

117 3493 956 3559 nominatasabincolisveroetviciuisEmebertusdice·
1008 3495 1237 3565 famulabantur,
1264 3497 1313 3551 ubi
1337 3497 1384 3551 vir
1408 3497 1459 3552 Dei
1483 3499 1661 3567 pontitiealis
1694 3501 1842 3554 cathedrae

117 3580 333 3651 naturtaotqv.
348 3581 559 3652 Guad.)Hicex
570 3585 954 3657 Brachatensipagoorian-
1009 3583 1188 3658 tangebatur
1199 3585 1308 3655 officio,
1327 3603 1416 3640 auiam
1435 3586 1545 3658 regalis
1560 3588 1768 3642 munificentiae
1788 3589 1842 3641 sss-

117 3669 520 3742 dus,parentibussiqaidem
531 3678 559 3727 et
570 3674 637 3728 vitae
646 3676 801 3746 etgeneris
813 3674 952 3747 dignitate
1007 3691 1074 3729 earn
1089 3675 1217 3741 donavit,
1231 3690 1319 3745 quem
1327 3674 1431 3748 Oneng
1442 3675 1498 3745 (73)
1513 3676 1549 3730 ab
1561 3678 1681 3747 elatique
1693 3677 1840 3732 dicebaut.

117 3757 308 3828 clarissimis,
325 3762 407 3830 patre
423 3761 561 3816 videlieet
578 3763 704 3817 Wittero
716 3764 831 3833 comite,
849 3769 952 3819 saneto
1008 3762 1106 3835 Hujus
1122 3763 1199 3818 beati
1215 3763 1270 3816 viri
1287 3768 1371 3835 gesta
1387 3780 1442 3834 pro
1458 3765 1576 3820 raritate
1591 3766 1768 3837 scriptoram
1782 3784 1840 3820 ιιοιι

116 3848 191 3916 viro,
205 3849 579 3920 atqaehmalbergumetre
589 3851 686 3906 editas
697 3851 854 3923 estCujus
866 3855 952 3909 etiam
1005 3852 1091 3922 pleae
1106 3854 1271 3921 patuerunt,
1289 3857 1389 3923 preter
1404 3855 1482 3924 qaod
1498 3854 1527 3908 in
1550 3856 1645 3926 gestis
1670 3860 1841 3911 sauctorum

116 3939 254 4007 quattuor
263 3941 374 3992 sauetae
385 3953 506 3993 sorores
519 3939 636 3994 inerunt
648 3941 694 3995 hae
707 3957 713 3995 :
728 3942 884 4013 Reinildis,
897 3944 951 3999 Sa-
1005 3940 1056 4011 qai
1066 3940 1162 4011 ipsias
1179 3941 1261 3995 fuere
1276 3943 1470 4012 temporibus
1488 3960 1581 4013 pauca
1596 3947 1792 4015 repperimus,
1811 3948 1841 4000 in

116 4024 269 4096 rachildis,
281 4024 491 4093 Ermeulindis,
502 4028 677 4083 beatissima
688 4047 805 4101 quoquc
816 4031 951 4099 Gaodila,
1004 4030 1113 4101 quibas
1130 4029 1240 4084 celebri
1255 4031 1394 4085 memoria
1410 4032 1474 4101 ipse
1499 4033 1648 4103 recolitur,
1675 4034 1710 4089 de
1728 4035 1838 4105 quibas

112 4111 216 4184 junior
231 4117 326 4183 aetate,
345 4116 469 4171 sednon
486 4117 583 4172 minas
594 4120 774 4187 prestantior
786 4121 950 4177 sanctitate.
1005 4119 1101 4190 aliqua
1116 4119 1248 4174 breviter
1262 4135 1429 4175 narramus,
1443 4121 1571 4175 Puerum
1583 4123 1728 4193 quendam
1738 4123 1795 4193 (tt)
1805 4141 1840 4179 ex

115 4199 186 4266 Quae
202 4203 335 4273 prolecto
347 4208 504 4277 antequam
513 4209 589 4277 nata,
601 4207 637 4261 ub
649 4209 754 4282 angelo
769 4208 951 4267 beatissime
1005 4209 1101 4263 sacris
1118 4207 1431 4278 lontiliassuscoptam
1441 4212 1571 4265 etsacris
1583 4210 1677 4266 literis
1688 4213 1837 4279 traditum,

113 4292 200 4346 matri
222 4295 369 4360 nunciata,
394 4294 459 4349 dies
484 4310 556 4351 suos
572 4296 660 4352 bonis
676 4299 817 4369 operibus
832 4301 951 4356 vincere
1006 4314 1072 4352 eum
1088 4297 1226 4352 attentius
1241 4297 1277 4350 ad
1289 4313 1392 4352 sacros
1404 4299 1523 4354 ordines
1533 4317 1706 4370 promovere
1723 4303 1843 4356 medita·

114 4381 236 4466 staduit,
254 4382 414 4454 multisque
429 4385 801 4458 virtutibasetmiracalis,
814 4393 845 4444 ut
857 4390 952 4461 ipsius
1006 4390 1098 4457 retur,
1123 4385 1292 4440 tollentibus
1311 4387 1414 4442 verbis
1448 4389 1613 4462 deceptam,
1641 4391 1778 4446 diabolas
1804 4393 1839 4447 ad

764 4574 910 4639 VARIAE
937 4580 1173 4648 LECTIONES

148 4746 272 4808 19Ηιιιιο
289 4752 404 4809 titulum
420 4761 522 4812 auctor
535 4753 600 4829 ipse
610 4765 713 4831 postea
729 4761 922 4820 interlineas
938 4771 967 4821 et
982 4767 1012 4821 in
1031 4770 1168 4842 margine
1182 4771 1274 4827 minio
1289 4774 1447 4847 supplerit.

922 4938 1060 5001 NOTAE.

144 5103 202 5175 (66)
227 5106 349 5161 lttultum
372 5113 452 5164 errat
480 5115 592 5176 noster.
619 5113 811 5170 hlilehortam
838 5133 864 5173 a.
893 5119 946 5174 eto
1001 5122 1091 5178 Gara.

109 5178 944 5260 mortuumconlundeascumEmcbertoseallildeberto,
1037 5194 1361 5263 (ltllCameracensem.

109 5244 199 5322 fratre
214 5247 244 5303 S.
262 5249 396 5318 Gudube,
413 5253 462 5321 qui
480 5254 558 5308 circa
569 5271 595 5310 a.
612 5257 833 5329 705e1iseopus
849 5260 945 5316 laetus
1037 5263 1093 5332 (ll)
1111 5265 1185 5320 llam
1202 5283 1294 5336 prope
1310 5267 1458 5321 Vilvorde.

107 5317 220 5399 estqcl.
233 5319 277 5373 33.
290 5320 334 5374 nd
345 5321 423 5375 hune
436 5323 633 5406 Emebertam,
644 5328 674 5382 S.
687 5273 800 5384 dedite
810 5331 940 5401 fratrem,
1034 5335 1089 5404 (aa)
1107 5337 1140 5391 Α,
1157 5337 1219 5400 633,
1237 5342 1401 5409 exponente
1417 5338 1614 5411 Ghesqaierio
1630 5343 1660 5395 in
1682 5342 1766 5396 Actis
1781 5342 1833 5398 SS.

106 5391 263 5457 pertinent,
280 5406 465 5464 qaaecunqae
480 5411 509 5448 m
525 5396 580 5450 hoe
593 5400 680 5470 atque
695 5402 832 5472 sequenti
847 5404 942 5474 capite
998 5405 1094 5477 Belgii
1109 5408 1158 5474 ΙΙΙ,
1173 5407 1236 5464 535.

106 5464 273 5551 narrantur.
1033 5477 1090 5549 (73)
1123 5479 1272 5552 Onaaing,
1301 5481 1378 5537 inter
1410 5482 1627 5538 t'alencieunes
1662 5486 1690 5538 ct
1722 5483 1833 5541 Condi.

141 5529 197 5598 (at)
213 5536 262 5586 be.
279 5536 468 5606 protestetur,
486 5534 575 5592 Coav.
997 5545 1087 5603 Gonu.

150 5598 197 5669 68)
212 5601 322 5685 Geitre.
645 5683 652 5696 ο
1032 5617 1091 5693 (il)
1105 5619 1135 5677 S.
1152 5620 1357 5682 Landeliuam.
1373 5625 1463 5684 Gouv.

151 5668 197 5743 aa)
212 5671 348 5747 videtur
364 5692 435 5737 esse
463 5678 616 5739 Merehten
643 5699 674 5743 ui
701 5685 869 5747 Brabantia.
898 5688 942 5747 La
