3900 6112
106 269 166 335 clu
627 258 658 318 S.
683 254 870 318 ANSELMI
895 248 1098 315 LUCENSIS
1134 244 1325 309 EPISCOPI

108 470 143 523 Et
159 467 346 522 inetl'abihter
362 464 517 517 Dominum
528 463 712 530 torquentes.

142 558 214 622 Quis
239 572 297 609 non
312 557 432 606 nnnreut
448 551 551 603 ridens
568 548 698 601 furorem
714 545 866 607 malorum,

107 646 216 702 Christi
232 644 318 698 fletus
334 641 448 709 copiam
459 641 486 691 et
503 637 710 705 suspiriorum,

107 735 191 788 Hane
216 745 333 802 pirenem
363 726 570 799 gravissimam
590 723 717 778 omnium
733 720 942 785 membrorum,

110 821 332 892 Disjuuotorum
348 815 462 870 scilieet
481 815 520 869 ita
536 811 731 868 collisorum?

145 908 246 974 Curre,
269 920 355 960 curre
371 903 476 971 anima,
499 917 586 965 nunc,
603 901 629 955 si
645 900 688 953 sis
704 897 819 959 devote,

112 997 157 1052 hd
171 996 247 1050 hanc
264 1008 382 1048 erucem
398 1007 520 1061 propera
536 991 599 1044 sine
616 1003 699 1042 mora
714 989 782 1048 tota,

113 1084 335 1141 Discurreutem
351 1080 527 1151 sanguinem
543 1077 650 1147 collige
666 1077 778 1144 etpota,

114 1173 149 1228 Et
164 1181 266 1228 cuneta
282 1187 349 1241 quac
363 1184 472 1238 passus
494 1168 583 1221 estin
603 1168 745 1219 aeternum
760 1162 838 1229 nola,

149 1260 352 1330 Contemplare
373 1258 474 1312 clavos
490 1255 546 1310 hos
562 1269 665 1308 manus
689 1250 910 1320 transfigentes,

114 1351 218 1405 Totum
233 1348 349 1418 pondus
365 1345 510 1416 corporis,
540 1342 613 1414 proh
633 1337 733 1395 dolorl
755 1340 894 1409 gerentes

114 1438 190 1506 Heu,
207 1436 393 1492 ineffabiliter
408 1437 528 1489 vulnera
545 1433 699 1503 augentes,

114 1525 150 1581 Et
165 1529 274 1581 utverc
286 1525 411 1590 aestimo,
428 1538 462 1576 ea
478 1517 697 1575 discindentesl
777 1526 797 1551 ⁰

151 1615 247 1668 Lasso
263 1611 350 1677 eollo,
368 1608 440 1665 heul
458 1611 544 1678 caput
559 1606 666 1677 panau
681 1603 862 1669 dolorosum,

115 1703 227 1759 Carens
239 1697 452 1766 sustentaculo,
475 1699 639 1762 cruentum,
657 1688 827 1762 spinosum!

115 1791 220 1863 Oquis
232 1805 290 1843 nou
306 1789 373 1841 ssent
388 1787 505 1839 intuens
527 1782 640 1838 vultum
656 1781 841 1851 speciosum;

116 1878 316 1941 Cruentatum,
333 1873 484 1943 pallidum,
500 1870 666 1943 lugubrem,
683 1865 897 1922 verberosum?

152 1964 238 2020 Certe
253 1962 376 2033 quiheec
391 1976 425 2014 co
450 1961 505 2014 itas
521 1965 549 2013 et
564 1973 623 2013 nou
641 1955 824 2027 lacrymaris,

116 2037 182 2092 Non
199 2034 272 2089 satis
288 2032 411 2103 diligere
444 2032 524 2084 ‘eum
541 2028 754 2099 comprobaris,

39 2165 41 2169 -
116 2125 200 2193 lesu,
216 2121 289 2176 mihi
304 2122 451 2191 laervmas
466 2133 573 2188 precor
588 2116 735 2188 largiaris,

116 2213 163 2268 hle
178 2226 275 2266 amare
291 2224 395 2279 parum
410 2210 438 2262 te
454 2221 603 2278 nunquam
618 2204 748 2275 patiaris

332 2296 403 2351 Orat
429 2312 485 2368 piro
511 2292 740 2349 crucifixoribus

152 2388 235 2458 iesu,
260 2388 309 2458 qni
322 2386 359 2440 ab
377 2383 475 2455 impiis
492 2385 521 2437 in
532 2398 619 2438 cruce
635 2382 772 2447 clavaris

117 2478 154 2532 Et
168 2481 265 2531 tamen
281 2475 328 2529 his
343 2476 457 2528 veniam
473 2490 489 2526 a
506 2474 594 2527 Patre
610 2471 753 2542 precaria,

119 2565 175 2620 hlei
191 2567 219 2619 et
234 2562 416 2618 credentium
430 2566 460 2615 tu
478 2561 657 2629 miserearis,

119 2635 214 2691 Nobis
229 2649 335 2704 parcas
348 2632 471 2703 jugiter,
487 2646 635 2702 nunquam
657 2630 807 2683 irascaris.

155 2723 225 2777 ltom
240 2720 318 2789 vide,
335 2721 440 2790 anima,
457 2720 581 2790 qualiter
594 2718 699 2783 iudaei,

120 2810 313 2865 Sacerdolum
323 2809 484 2878 principes
501 2807 624 2877 Scribas,
641 2805 784 2859 Pharisaei

955 438 979 498 h
1003 450 1035 502 Et
1054 449 1139 519 quasi
1154 448 1183 501 in
1195 445 1318 500 nihilum
1334 444 1395 498 iere
1410 447 1438 497 te
1449 441 1578 513 redegit;

1001 535 1218 605 Triumphatrix
1234 532 1362 587 charitas
1379 546 1454 600 opus
1469 529 1525 584 hoc
1540 530 1666 600 peregit,

1000 624 1057 681 Sed
1073 628 1205 678 nostram
1228 621 1374 688 duritiam,
1392 619 1459 687 heu,
1476 618 1572 673 adhuc
1587 632 1647 672 nou
1663 615 1764 687 tregit.

1036 715 1059 769 O
1075 715 1188 784 ingrata
1199 711 1304 778 anima,
1317 724 1419 779 prava,
1428 707 1575 763 indevota.

1001 802 1096 868 Quare
1112 815 1171 855 nou
1185 816 1219 855 es
1229 799 1326 870 poenis
1342 798 1389 852 his
1409 797 1586 867 planctuque
1600 794 1768 849 commota?

1003 890 1080 944 Ecce
1095 891 1166 942 tues
1184 886 1298 942 Domini
1310 887 1402 939 morte
1414 885 1476 939 dira
1491 884 1567 951 lota3

1005 976 1077 1030 Haec
1087 990 1140 1045 pro
1151 974 1209 1028 tuis
1220 972 1301 1026 vitiis
1311 972 1412 1041 passio
1429 970 1460 1025 iit
1474 973 1542 1025 tota.

1039 1065 1176 1133 Apparet,
1196 1059 1390 1130 nequissima,
1408 1057 1487 1128 quod
1501 1056 1563 1129 jam
1580 1071 1667 1111 cares
1683 1057 1752 1124 vita,

1003 1153 1078 1205 Dum
1094 1150 1172 1204 hunc
1186 1163 1308 1217 passum
1323 1146 1470 1217 cogitans,
1482 1144 1555 1199 dura
1570 1159 1674 1198 manes
1690 1143 1747 1209 ita,

1004 1242 1051 1294 Sic
1063 1239 1133 1293 dum
1147 1237 1250 1292 lesum
1266 1234 1398 1290 comedis
1414 1233 1504 1289 veluti
1523 1232 1622 1296 oblita,

1006 1325 1084 1383 lieu!
1098 1341 1152 1381 nec
1163 1328 1241 1394 tune,
1259 1338 1311 1378 nec
1326 1322 1400 1377 alias
1415 1322 1491 1377 bene
1510 1336 1544 1376 es
1560 1321 1696 1377 contrite.

1041 1416 1113 1470 Vide
1126 1414 1177 1468 Dei
1194 1413 1310 1481 Filium,
1327 1411 1423 1465 virum
1437 1410 1613 1477 virtuosum,

1006 1506 1037 1559 lu
1051 1503 1182 1558 verboet
1196 1515 1284 1571 opere
1299 1498 1392 1570 pridie
1409 1499 1590 1567 formosum,

1006 1593 1101 1664 Magis
1115 1607 1202 1663 quam
1216 1588 1368 1644 maleficos
1383 1602 1460 1643 nunc
1476 1587 1716 1658 opprobriosum,

1007 1682 1148 1736 t'oeatum
1163 1696 1180 1734 a
1194 1678 1329 1750 pluribus
1345 1693 1398 1748 pro
1414 1681 1441 1732 te
1457 1677 1654 1731 scelerosum.

1041 1770 1152 1825 Otcsu
1168 1768 1312 1838 piissime,
1329 1766 1426 1839 quies
1440 1764 1528 1820 nimis
1544 1767 1661 1836 gratus,

1007 1859 1041 1914 ut
1056 1863 1083 1913 te
1099 1872 1221 1928 pessum
1234 1850 1369 1928 cogitans
1384 1856 1436 1908 vix
1450 1869 1518 1909 sum
1533 1854 1725 1924 lacrymatus,

1006 1949 1126 2015 Precor,
1138 1944 1364 2017 benignissime,
1381 1942 1417 1997 da
1432 1943 1658 2013 mihiploratuS,

1007 2035 1106 2090 Pande
1123 2034 1193 2087 mihi
1208 2032 1332 2102 qualiter
1348 2037 1378 2087 tu
1394 2048 1427 2086 es
1443 2031 1627 2086 vulneratus.

1046 2120 1128 2178 Heu!
1146 2121 1216 2176 mihi
1232 2121 1282 2192 qui
1297 2135 1411 2191 nequeo
1426 2135 1479 2191 per
1494 2119 1733 2189 compassionem

1008 2211 1103 2266 tlorde
1119 2224 1237 2279 semper
1250 2224 1355 2281 gerere
1371 2213 1449 2263 tuem
1463 2207 1645 2278 passionem.

1008 2300 1158 2355 Summain
1168 2297 1220 2352 Dei
1231 2313 1304 2368 erga
1319 2312 1365 2351 me
1381 2297 1456 2351 hanc
1468 2294 1667 2364 dilectionem,

1007 2389 1157 2444 Summam
1172 2386 1225 2441 Dei
1241 2385 1343 2457 gratiae
1359 2384 1434 2439 hanc
1447 2382 1646 2440 diffusionem.

1042 2477 1102 2531 Cur
1115 2476 1142 2530 si
1164 2474 1296 2529 membra
1311 2475 1425 2529 Domini
1444 2473 1547 2528 fideles
1572 2472 1719 2537 dicuntur,

1009 2566 1132 2620 Patienti
1147 2563 1240 2634 Capiti
1256 2563 1562 2632 noncompatiuntur‘?

1010 2656 1122 2724 ileu,in
1133 2654 1232 2709 multis
1248 2653 1379 2707 imminet
1394 2651 1472 2723 quod
1482 2651 1544 2722 jam
1559 2651 1744 2720 exciduntur,

1008 2746 1062 2809 Qui
1078 2744 1177 2798 delore
1192 2742 1303 2812 Capitis
1318 2741 1417 2796 moesti
1437 2755 1497 2794 non
1512 2742 1685 2794 cernuntur.

1044 2833 1111 2888 Scio
1127 2831 1205 2903 quod
1221 2833 1246 2887 si
1262 2846 1347 2885 meus
1362 2845 1416 2900 pes
1430 2829 1505 2883 male
1533 2828 1701 2895 laederetur,

120 2898 269 2954 Clamant:
306 2895 385 2951 Vah!
417 2898 465 2969 qui
489 2897 623 2951 destruis
643 2894 779 2967 templum
807 2894 870 2948 veri
886 2892 952 2962 Dei,
1010 2921 1054 2976 Ad
1079 2920 1313 2991 compatiendum
1331 2918 1665 2990 ooptotumvigmmh

121 2987 212 3043 Salva
230 2987 426 3058 temetipsum,
442 2986 470 3040 si
485 3001 518 3040 es
535 2983 631 3039 Filius
647 2984 712 3039 Dei.

155 3075 301 3146 Suspensi
317 3091 383 3129 cum
400 3074 523 3129 Domino
540 3073 582 3127 illi
597 3073 654 3128 duo
667 3073 720 3140 rei,

121 3165 220 3220 Unus:
238 3163 329 3219 Salve
346 3168 385 3232 te,
402 3169 430 3218 et
447 3178 509 3230 nos,
527 3162 657 3233 loquitur
666 3162 706 3216 ei:

120 3252 204 3308 Alter
216 3254 320 3322 petens
336 3252 461 3324 gratiam
476 3252 531 3305 ait:
553 3250 703 3306 Memento
717 3250 785 3304 moi.

121 3340 174 3396 Cui
190 3341 316 3411 spondet
330 3339 473 3394 Dominus
488 3338 656 3409 paradisum
675 3337 736 3391 Dei.

156 3429 230 3483 lesu
244 3427 455 3491 amantissime,
475 3427 525 3498 qui
540 3441 599 3481 nou
614 3425 771 3492 offendisti,

122 3515 217 3580 Quare
228 3517 269 3569 tot
285 3515 421 3568 immania
436 3516 579 3569 tormenta
595 3513 737 3567 subiisti?

122 3601 207 3656 Certe
223 3616 277 3671 pro
293 3615 349 3669 me,
367 3601 499 3667 Domine,
517 3599 582 3654 haec
598 3600 777 3666 sustinuisti,

123 3689 159 3744 Et
173 3689 252 3760 quod
261 3703 317 3760 ego
333 3688 426 3758 rapui,
438 3692 468 3742 tu
484 3703 593 3756 passus
604 3687 730 3742 solvisti.

160 3776 224 3850 Ego
239 3779 297 3831 tum
313 3776 447 3831 meritum
464 3791 530 3829 sum
545 3776 722 3843 traditionis,

124 3865 327 3935 vinculorum,
343 3865 513 3934 verberum,
530 3869 558 3919 et
572 3864 777 3934 damnationis,

124 3954 294 4025 Sputorum,
306 3954 460 4007 acictuum
476 3959 504 4007 et
519 3953 689 4021 occisionis

126 4043 190 4116 Ego
206 4057 295 4097 causa
310 4045 368 4096 tuae
384 4058 449 4096 sum
466 4042 562 4097 omnis
579 4043 739 4112 passionis.

161 4130 225 4204 Ego
240 4131 314 4185 mala
330 4133 477 4201 perpetro,
491 4135 520 4184 tu
545 4147 631 4201 poena
646 4132 815 4194 mulctaris;

126 4220 201 4292 Ego,
223 4219 291 4289 heu,
310 4218 462 4289 superbia
481 4218 704 4287 tuhumiliaris;

125 4309 189 4381 Ege
204 4324 279 4362 vane
294 4308 387 4374 rideo,
400 4313 427 4362 ct
438 4311 469 4362 tu
481 4308 673 4380 lacrymaris,

126 4397 191 4469 Ego
206 4411 314 4451 vescor
328 4396 476 4465 dulcibus,
492 4402 522 4451 tu
537 4395 604 4450 felle
621 4397 741 4466 potoris.

162 4485 278 4539 Mecum
293 4484 367 4538 ridct
384 4485 483 4538 timida
500 4484 570 4552 Eva,
587 4490 615 4538 et
631 4500 688 4538 non
704 4485 764 4555 pia:

127 4574 238 4629 Tecum
251 4572 347 4643 plorat
361 4574 470 4626 acriter
485 4572 605 4626 humilis
622 4572 722 4637 bieria,

128 4659 191 4732 Ego
207 4674 274 4715 sum
285 4659 313 4712 in
324 4659 525 4728 prosperis,tu
541 4658 570 4712 in
586 4659 691 4730 agonia
707 4675 712 4712 :

128 4749 186 4804 Fae
200 4765 246 4804 me
262 4753 358 4803 tecum
375 4747 511 4817 compati,
524 4762 638 4817 precor,
656 4762 673 4800 o
689 4746 809 4801 Massia.

164 4838 242 4893 Ecce
257 4839 358 4893 sancta
375 4836 491 4890 viscera
507 4836 638 4891 distensa
662 4839 810 4905 nreseunt,

128 4925 260 4981 Membra
271 4924 453 4980 horribiliter
466 4929 587 4980 cruenta
601 4925 765 4996 rigescunt,

130 5014 302 5086 (inligantes
326 5014 466 5084 lacrymis
483 5015 559 5068 oculi
574 5014 782 5084 languescunt,

130 5101 221 5156 Labie
236 5105 382 5165 nectarea,
399 5102 474 5172 proh
490 5101 589 5156 dolor!
606 5103 781 5172 pallescunt.

165 5187 272 5243 Olesu
287 5191 482 5259 omnipotens,
495 5191 544 5261 qni
558 5192 660 5244 carne-ta
672 5190 820 5244 discernis
831 5206 837 5256 ς

131 5274 227 5340 Quare
242 5276 299 5330 hoc
314 5277 536 5333 sanctissimum
547 5294 656 5348 corpus
672 5278 708 5331 ita
726 5280 865 5348 spernis‘.>

133 5364 238 5418 Nonne
254 5367 336 5417 esset
350 5364 457 5418 melius
469 5382 526 5420 non
538 5367 625 5420 suhali
635 5366 760 5421 infernis

132 5449 235 5517 Quam,
253 5454 280 5505 to
294 5450 356 5506 Deo
373 5453 415 5506 sic
432 5457 516 5519 torto,
530 5454 641 5523 pertrui
658 5456 822 5524 superuis?

170 5535 245 5593 l'ere
261 5555 343 5595 amor
358 5541 465 5594 nimius
482 5542 515 5593 ad
533 5543 596 5595 brec
613 5546 639 5596 tc
655 5544 749 5613 coegit

1011 3009 1089 3081 Ergo
1104 3009 1209 3079 pedem
1225 3007 1308 3080 diligi
1324 3007 1391 3077 plus
1406 3006 1525 3062 Christo
1540 3005 1669 3074 videtur,

990 3150 995 3156 ,
1009 3099 1066 3155 Pro
1083 3097 1171 3170 cujus
1186 3097 1333 3169 angustiis
1349 3111 1453 3166 parum
1463 3096 1514 3148 vix
1529 3093 1680 3150 moveturl

973 3159 998 3220 c
1045 3188 1155 3242 Olesu
1173 3185 1241 3257 lqui
1257 3185 1375 3254 penitus
1395 3199 1545 3254 nunquam
1565 3182 1739 3252 peccavisti,

1011 3279 1114 3332 Nonne
1129 3280 1159 3330 ut
1174 3273 1374 3346 conjungerer
1383 3272 1447 3341 tibi,
1464 3287 1510 3327 me
1525 3270 1644 3326 fecisti?

1010 3365 1068 3419 Cur
1086 3379 1145 3418 non
1160 3378 1241 3419 reum
1257 3361 1324 3417 taedi
1340 3375 1396 3431 me,
1412 3359 1539 3426 Christe,
1562 3359 1735 3429 permisisti,

1013 3453 1057 3519 ut,
1075 3453 1142 3520 heu,
1160 3454 1256 3506 tecum
1272 3465 1355 3505 reum
1369 3464 1416 3503 me
1436 3463 1495 3503 non
1509 3447 1705 3504 vulneravisti

1049 3540 1111 3613 Ego
1125 3556 1201 3605 snm,
1218 3539 1269 3610 qui
1284 3538 1378 3593 debeo
1394 3552 1463 3592 esse
1479 3538 1663 3592 vulneratus.

1013 3630 1079 3684 Non
1096 3633 1135 3698 tu,
1153 3629 1203 3699 qui
1217 3627 1376 3698 nequitiam
1391 3641 1449 3681 non
1464 3639 1499 3680 es
1515 3628 1664 3695 operatus.

1014 3718 1153 3789 Egosum
1169 3716 1336 3786 culpabilis,
1354 3730 1438 3769 meus
1458 3715 1505 3768 est
1521 3717 1632 3782 reatus,

1014 3809 1142 3863 Vulnera
1162 3821 1218 3876 me,
1239 3810 1301 3860 uta
1325 3807 1423 3858 tenon
1439 3803 1496 3858 sim
1511 3795 1678 3873 separatus.

1049 3898 1099 3952 Pia
1116 3897 1224 3966 proles,
1242 3892 1486 3948 deificabouitate
1501 3890 1598 3961 plena,

1014 3988 1062 4043 Sic
1076 3992 1176 4042 teuere
1192 3984 1315 4039 vulnera
1330 3981 1389 4036 noli
1406 3980 1517 4048 aliena,

1015 4079 1076 4132 Tua
1088 4075 1248 4130 lactahona
1259 4073 1337 4137 sunt,
1355 4085 1419 4125 mea
1437 4071 1515 4137 sunt,
1538 4068 1669 4124 obscena

1016 4166 1177 4221 vulnerare
1187 4163 1263 4217 velis
1275 4175 1321 4215 me
1335 4160 1383 4215 vel
1394 4173 1430 4214 ex
1445 4161 1494 4213 tua
1509 4173 1607 4227 paena.

1052 4255 1229 4315 Dominator,
1246 4249 1368 4305 Domine
1385 4246 1463 4319 coeli,
1480 4249 1566 4316 atque
1589 4254 1688 4318 teprae,

1015 4345 1125 4398 Precor
1139 4340 1295 4395 vulnerare
1311 4353 1368 4405 me,
1385 4339 1522 4393 necvelis
1541 4337 1671 4402 differre,

1015 4433 1089 4485 Nam
1113 4430 1240 4484 illaesum
1256 4443 1352 4482 meum
1368 4442 1421 4482 cor
1435 4443 1549 4499 nequeo
1563 4425 1700 4493 sufferre,

974 4510 1001 4571 D
1017 4519 1090 4573 Dum
1105 4533 1157 4587 pro
1174 4531 1220 4570 me
1236 4520 1276 4569 tot
1290 4515 1413 4569 vulnera
1428 4514 1514 4568 video
1529 4516 1557 4568 te
1571 4512 1715 4584 perferre.

1053 4607 1156 4660 Nonne
1173 4604 1268 4674 magis
1282 4604 1363 4672 pium
1379 4607 1425 4656 est
1439 4603 1533 4656 virum
1548 4618 1563 4654 a
1580 4606 1607 4656 te
1623 4601 1743 4671 sactum,

1016 4696 1125 4750 Tecum
1141 4695 1170 4746 in
1186 4692 1359 4747 vulneribus
1375 4695 1474 4746 tenere
1490 4691 1657 4759 subactum,

1016 4784 1108 4848 Quum
1123 4798 1140 4834 ιι
1154 4785 1181 4836 te
1196 4780 1341 4833 dimittere
1357 4779 1385 4831 in
1401 4778 1472 4832 uihil
1489 4779 1652 4843 redactum,

1016 4869 1251 4943 tlogitationibus
1263 4867 1392 4922 diversis
1403 4866 1487 4920 valde
1500 4866 1683 4920 subtractum

1052 4958 1153 5025 Curre,
1172 4972 1269 5019 curre,
1288 4956 1438 5009 vulnerate
1454 4954 1537 5021 iesu,
1553 4955 1581 5007 in
1599 4954 1746 5021 hachora,

1017 5048 1061 5103 Ne
1082 5048 1156 5102 sorte
1172 5047 1288 5100 amittas
1305 5060 1361 5113 me,
1378 5044 1404 5097 si
1421 5043 1536 5097 intersit
1551 5058 1647 5096 mora:

1018 5139 1059 5190 Da
1076 5142 1105 5190 ut
1116 5141 1166 5189 lua
1183 5135 1307 5190 sentiam
1323 5135 1466 5187 tormenta
1476 5130 1599 5202 maiora,

1017 5224 1124 5293 Sculpe
1139 5225 1167 5277 in
1183 5238 1229 5277 me
1245 5221 1366 5276 ruinera
1382 5225 1429 5274 tua
1446 5221 1570 5275 acriora.

1052 5311 1107 5377 Qui
1121 5310 1266 5383 permittis
1282 5308 1393 5364 ferrum
1409 5312 1437 5363 te
1463 5309 1543 5362 intus
1558 5311 1728 5377 penetrare,

1017 5401 1077 5456 Cur
1091 5401 1261 5454 rationalem
1278 5414 1323 5452 me
1340 5398 1415 5452 sinis
1432 5396 1505 5451 loris
1516 5396 1615 5449 stare?

1018 5489 1109 5543 Ferro
1126 5489 1258 5542 viliorem
1274 5487 1333 5541 noli
1345 5503 1390 5540 me
1407 5488 1553 5555 reputare,

1019 5579 1075 5631 sut
1092 5578 1120 5630 in
1137 5583 1183 5630 lua
1201 5578 1322 5630 vulnera
1340 5592 1413 5645 roge
1430 5590 1475 5628 rue
1492 5575 1610 5627 intrare.
