3900 6112
53 313 118 376 195
760 307 890 372 LIBER
907 309 1084 374 PRIMUS.
1726 318 1785 381 10ss

54 509 184 549 numero
193 494 283 565 lenge
294 492 426 561 interior,
434 492 554 546 multam
565 489 678 546 cladem
690 491 821 547 hostium
832 490 893 545 edi·
905 489 936 552 A
949 494 1105 560 mutanteS,
1122 495 1151 547 ot
1172 494 1250 563 quod
1271 499 1353 564 patre
1374 495 1440 549 vivo
1457 514 1514 552 uon
1531 504 1674 569 poterant,
1693 503 1779 558 inodo

55 583 108 652 dit,
127 582 183 638 sed
199 586 297 636 tamma
320 581 446 653 gloriam
461 581 593 634 victoriae
607 583 767 650 superatus
783 579 891 635 amisit.
949 581 1100 650 superstiti
1112 582 1205 636 libero
1216 583 1369 654 aequivoco
1381 586 1467 657 regui
1483 590 1709 660 praerogativam
1725 592 1781 646 eri·

54 669 352 726 Namsineconsilio
368 669 506 725 tortitudo
521 669 552 724 in
568 670 731 724 temeritate
747 671 893 725 converti·
946 665 1017 740 ¹perc
1047 671 1183 736 nitenteS,
1214 672 1249 724 ad
1280 674 1442 743 usurpandi
1474 675 1588 745 imperii
1620 680 1782 746 potentiam

56 763 117 815 tnr.
141 758 198 825 Qui
213 757 253 801 ¹⁷³
266 759 437 831 transfugio
465 758 524 815 sibi
545 759 704 814 consulere
728 758 891 825 aestimans,
947 757 1101 815 intendero
1129 760 1313 815 estimarunt.
1339 762 1415 817 Huic
1431 762 1508 818 enim
1523 766 1696 834 proximitas
1712 769 1780 837 loci,

55 850 124 921 quia
141 849 557 919 terraevaderenonpossct,
574 847 893 903 velocitersemisitin
948 847 989 901 illi
1025 862 1096 902 vero
1134 849 1325 905 necessitudo
1367 852 1488 922 generis
1524 854 1685 924 aspirabat.
1715 855 1782 909 Dux

55 937 894 1008 mari,visamquenaviculaminimicorum,quampreter
947 936 1087 993 nimirum
1106 938 1266 993 Heinricus
1295 940 1409 1012 regium
1432 957 1555 1011 puerum
1583 942 1709 999 factiose
1732 961 1782 998 ra-

55 1027 147 1081 ullam
157 1027 355 1097 suspitionem
367 1027 442 1081 torte
456 1042 515 1082 non
525 1026 655 1095 procula
670 1025 755 1081 litore
767 1040 894 1096 conspe·
947 1029 1029 1096 ptum
1052 1027 1170 1082 tenebat
1198 1028 1228 1082 in
1247 1030 1423 1098 custodiam,
1449 1032 1545 1102 eique,
1564 1034 1673 1088 ceteris
1697 1033 1781 1103 prin-

55 1119 149 1184 xcrat,
175 1116 269 1171 alacri
296 1115 351 1170 sed
376 1118 405 1170 st
433 1115 596 1171 diitlcillmo
621 1116 719 1171 natatu
748 1115 892 1170 ascendit.
948 1114 1065 1185 cipibus
1081 1115 1182 1171 invitis
1211 1120 1299 1187 atque
1318 1118 1497 1188 dolentibus,
1514 1121 1694 1190 imperialem
1710 1137 1782 1194 gra-

56 1203 145 1259 Hune
158 1205 241 1259 enim
254 1203 316 1276 jam
329 1220 415 1274 pmne
429 1203 647 1275 lapsabundum
658 1203 790 1258 miserati
807 1203 893 1258 remi·
946 1203 1017 1258 tiam
1045 1205 1202 1261 adimebat.
1233 1204 1349 1261 Interea
1373 1213 1488 1263 mortuo
1521 1209 1650 1267 Witrido
1672 1211 1781 1265 Virdu·

54 1308 120 1365 ges,
138 1294 259 1349 admoto
273 1293 395 1366 navigio
410 1295 617 1363 susceperunt,
634 1292 784 1365 longeque
799 1293 893 1363 dissi·
948 1294 1086 1348 nonatum
1112 1295 1252 1365 episcopo
1275 1305 1333 1364 tan.
1349 1294 1401 1350 989
1426 1296 1475 1351 rel
1486 1296 1560 1369 983),
1586 1299 1686 1354 multis
1709 1315 1780 1368 pro-

54 1380 894 1454 milemetignotumarbitrantes,causasiniortuniiroga·
949 1382 1024 1437 tecto
1045 1382 1257 1453 episcopalium
1283 1384 1406 1438 militum
1432 1385 1653 1455 resistentibus,
1670 1387 1782 1459 aliquot

52 1476 169 1527 verunt.
179 1471 233 1525 ltle
244 1486 314 1526 vero
325 1471 685 1527 tandemeorumbarbara
697 1471 893 1526 collocutione
948 1486 1019 1526 vere
1036 1472 1301 1541 consentientibus,
1318 1473 1422 1528 urbem
1438 1489 1504 1529 cum
1520 1478 1691 1546 presumpta
1706 1491 1781 1531 ven·

53 1559 217 1616 advertens
239 1575 274 1616 se
293 1560 432 1616 hostibus
453 1560 569 1616 incaute
590 1559 730 1629 oblatum,
748 1574 817 1614 mox
832 1576 893 1630 prae
948 1559 1092 1615 dicatione
1135 1561 1296 1615 Lotbarius
1325 1562 1490 1633 ingreditur
1521 1565 1569 1635 (an
1597 1562 1670 1633 981).
1706 1564 1780 1620 Dein

54 1649 216 1704 tormidine
231 1648 335 1704 fallere
350 1649 467 1718 doctus,
492 1651 592 1720 utpote
612 1649 690 1704 inter
705 1649 809 1704 hostes
824 1649 893 1705 vitae
948 1666 1065 1722 quoque
1081 1650 1282 1720 episcopatum
1294 1648 1554 1707 Cameracensium
1568 1668 1602 1708 se
1618 1657 1777 1723 occupatu·

54 1739 235 1811 naufragus,
262 1754 381 1809 quoquo
409 1738 495 1794 modo
519 1738 613 1809 potuit
635 1739 787 1795 evasionis
807 1754 893 1809 opem
947 1756 1013 1794 rum
1031 1755 1101 1794 esse
1117 1740 1254 1794 minatur.
1270 1739 1331 1804 Qua
1356 1739 1385 1793 in
1405 1756 1438 1795 re
1456 1741 1624 1796 Rothardus
1649 1742 1781 1810 pontifex

55 1828 209 1900 qansivit.
235 1827 332 1882 Finxit
352 1828 429 1882 enim
454 1841 488 1881 se
504 1828 650 1898 quendam
666 1829 729 1883 tore
744 1828 893 1882 hominem
908 1828 1026 1944 ⁸haud
1054 1828 1195 1883 mediocri
1215 1830 1329 1884 terrore
1352 1834 1527 1900 commotus,
1558 1830 1779 1900 sapientissimo

55 1917 165 1987 exipsa
175 1917 237 1970 Bar
245 1916 391 1970 maritima
400 1915 472 1970 urbe
483 1917 583 1971 multis
592 1917 699 1987 opibus
710 1917 891 1989 attinentem,
948 1922 1044 1973 tamen
1060 1918 1184 1973 consilio
1200 1933 1285 1987 usus,
1307 1933 1409 1989 regem
1429 1919 1578 1975 humiliter
1593 1919 1778 1992 aggreditur,

54 2020 158 2060 verum
169 2021 276 2060 errore
284 2005 492 2060 vimincidisse
501 2006 700 2077 naufragium.
713 2007 784 2061 Illos
795 2010 892 2062 tamen
948 2012 976 2063 et
991 2008 1021 2062 in
1030 2009 1141 2062 tantum
1152 2005 1219 2077 ejus
1233 2007 1358 2078 gratiam
1374 2008 1454 2062 molli
1468 2024 1556 2080 prece
1573 2013 1729 2079 mercatur,
1748 2013 1781 2064 ut

55 2094 180 2148 ditatum
196 2094 232 2147 iri
248 2109 303 2164 pro
319 2094 494 2164 conpendio,
507 2095 534 2148 si
545 2094 674 2149 illaesum
683 2095 890 2165 perducerent.
947 2097 1030 2169 prius
1040 2097 1112 2151 urbe
1122 2095 1355 2151 leodecensium
1365 2100 1458 2167 capta,
1468 2099 1611 2170 priusque
1619 2098 1778 2168 aliquantis

54 2182 117 2248 Quo
126 2184 263 2255 remiges
274 2184 364 2254 empti
376 2199 442 2238 cum
458 2184 494 2238 ad
508 2187 609 2240 votum
620 2184 893 2255 caesarispredictae
947 2186 1113 2257 principum
1127 2185 1367 2241 Letharicnsium
1382 2186 1563 2259 subjugatis,
1580 2187 1645 2256 ipse
1660 2202 1779 2257 quoque

55 2272 166 2326 civitati
183 2272 390 2327 admovissent
406 2273 580 2342 naviculam,
595 2272 787 2329 statimlaetus
802 2275 893 2343 impe·
946 2275 1134 2346 postmodum
1149 2275 1263 2345 absque
1286 2274 1457 2329 difficultate
1473 2275 1684 2345 subjiceretur.
1699 2277 1778 2330 Pace

54 2363 135 2415 rator
159 2360 327 2416 Tenderice
344 2361 531 2417 Mettensium
546 2362 688 2433 episcopo
715 2364 893 2434 caeterisque
947 2366 1045 2434 itaque
1055 2364 1218 2433 impetrata,
1232 2367 1391 2433 sputamen
1402 2363 1684 2432 suspensa,interim
1696 2364 1779 2435 quie·

55 2451 120 2504 suis
131 2450 385 2521 principibus,qui
398 2451 426 2505 in
435 2452 530 2521 ipsius
539 2453 624 2506 urbis
636 2452 757 2506 tuitione
770 2453 891 2522 recepti,
946 2454 997 2520 vit,
1015 2452 1084 2508 dum
1100 2452 1223 2506 Domino
1238 2451 1396 2522 adjuvante
1412 2467 1534 2522 puerum
1551 2457 1668 2522 captum
1682 2454 1778 2524 impe·

54 2538 138 2610 regis
145 2538 316 2608 periculum
325 2540 527 2610 condolentes,
539 2541 638 2610 ipsum
648 2541 766 2611 quidem
776 2544 893 2610 captum
946 2542 1055 2596 ratoris
1069 2541 1162 2596 tilium
1178 2540 1225 2595 sui
1240 2540 1389 2610 principes
1409 2542 1444 2596 de
1462 2557 1549 2596 manu
1564 2542 1692 2597 tenentis
1708 2557 1776 2595 cum

55 2627 208 2697 potabant,
224 2628 317 2682 tetius
332 2629 376 2683 rei
391 2629 498 2683 seriem
519 2644 573 2700 per
590 2630 787 2684 internuntios
804 2629 892 2684 tacite
946 2632 1053 2686 virtute
1082 2629 1261 2686 extorserint
1285 2633 1312 2684 et
1334 2628 1444 2700 injure
1468 2633 1590 2701 paterno
1604 2630 1776 2686 locaverint.

55 2715 227 2784 inculcavit,
239 2719 305 2771 etut
319 2719 406 2789 quasi
421 2718 457 2771 ad
475 2719 708 2774 remunerandos
717 2722 822 2773 nautas
833 2717 892 2773 sibi
947 2719 1205 2790 Hic(tttt)postea,
1222 2723 1282 2774 tam
1292 2719 1399 2774 virtute
1408 2734 1495 2791 quam
1507 2722 1591 2774 artato
1605 2719 1776 2789 proficiens,

55 2807 179 2874 praemia
194 2804 333 2862 afferrent
348 2806 452 2861 callide
468 2808 638 2862 ammonuit.
659 2807 713 2872 Qui
730 2822 807 2876 mox,
825 2809 892 2863 ino·
945 2809 1019 2865 adeo
1043 2809 1137 2880 viguit
1151 2812 1183 2863 ut
1197 2808 1225 2864 ei
1240 2823 1293 2863 rex
1316 2808 1476 2862 Letharius
1492 2808 1595 2863 urbem
1612 2808 1777 2864 Virdunen·

55 2895 128 2964 pina
141 2894 279 2949 mandata
294 2896 459 2967 gaudenter
469 2896 606 2967 amplexi,
622 2897 733 2951 scrinia
750 2899 891 2952 ceteram·
945 2898 1023 2954 sium
1033 2896 1382 2968 captametGodelridum
1392 2894 1777 2967 comitemreddidoritttll)

54 2998 116 3054 que
143 2983 361 3053 supellectilem
388 2985 501 3057 regiam
530 2985 566 3039 ad
595 2986 692 3040 navim
722 2986 891 3056 imperatori
945 2988 1004 3058 (an.
1020 2985 1095 3056 995).
1623 3033 1627 3039 ,

55 3073 200 3140 tuterunt,
228 3086 347 3143 unaque
381 3073 468 3128 etiam
506 3073 729 3129 velocissimum
757 3075 891 3129 rabulum
982 3074 1041 3130 106.
1057 3075 1144 3144 (105.)
1166 3074 1301 3146 Epistola
1325 3090 1408 3146 quam
1435 3073 1620 3128 Larrbienses
1643 3073 1778 3129 rnorracbi

56 3161 265 3230 adduxerunt3
280 3162 378 3216 nautis
389 3177 462 3218 vero
472 3162 508 3218 ad
515 3167 657 3218 convecta
665 3178 787 3217 munera
798 3163 891 3219 inten·
944 3165 1091 3219 miseruut
1120 3163 1267 3234 episcopis
1290 3162 1444 3217 ltotlrardo
1460 3160 1729 3231 Carneracensium,
1746 3167 1776 3216 et

53 3248 206 3317 dentibus,
223 3249 383 3321 imperator
398 3256 480 3306 extra
495 3252 662 3306 naviculam
677 3253 820 3307 vivaciter
830 3254 892 3307 exi·
906 3236 932 3298 0
945 3253 1085 3308 Noclrero
1093 3252 1335 3306 Leodecensium.
1348 3251 1409 3305 Nec
1421 3249 1583 3305 absurdum
1591 3250 1686 3305 videri
1696 3252 1777 3320 puta·

55 3337 97 3408 tit,
113 3353 255 3411 equoque
272 3353 411 3409 ascenso,
429 3341 467 3394 ita
491 3340 605 3395 delusis
629 3341 776 3409 hostibus,
792 3344 893 3412 preter
945 3358 1012 3396 mus
1024 3339 1437 3410 insererequodlaubienses
1448 3338 1777 3410 monacbipamdudum

55 3442 150 3498 spem,
161 3428 265 3498 credo,
273 3428 432 3500 adjuvante
443 3430 566 3485 Domino
573 3429 678 3484 illesus
689 3431 794 3485 evasit.
808 3430 893 3486 Unde
944 3434 1063 3501 pastore
1075 3430 1195 3499 viduati,
1209 3429 1348 3484 domnum
1365 3429 1547 3484 liethardum
1562 3428 1735 3498 episcopum
1749 3432 1779 3482 et

56 3528 123 3572 cam
136 3517 251 3588 probro
267 3518 445 3588 abscedens,
461 3519 574 3590 pudore
589 3534 766 3588 succensus,
778 3519 893 3574 meliori
944 3520 1115 3575 Nocherum
1125 3517 1360 3573 Leodecensium
1372 3518 1570 3587 epistolariter
1578 3517 1718 3589 aggressi
1728 3517 1777 3588 (an

56 3607 185 3661 consilio
200 3606 358 3661 militarem
369 3609 483 3678 copiam
495 3607 554 3663 sibi
569 3609 606 3663 ad
622 3609 893 3680 reparandumpre-
943 3608 1018 3677 990),
1048 3607 1209 3680 subrogari
1234 3606 1293 3661 sibi
1313 3606 1440 3662 abbaten
1464 3607 1644 3678 Herigcrum
1665 3605 1777 3676 scripto

57 3694 130 3750 lium
157 3710 296 3767 quaerere
323 3695 481 3751 estimavit.
516 3696 733 3753 Verumtamem
774 3697 893 3753 interim
944 3696 1118 3770 hujusmodi
1137 3696 1285 3767 petierunt
1302 3711 1308 3749 :
1327 3717 1338 3742 ιι
1356 3695 1491 3750 Dominis
1506 3697 1533 3749 et
1548 3695 1683 3765 patribus
1697 3694 1778 3766 epis·

56 3788 151 3839 noete
181 3787 356 3854 preventus,
372 3785 459 3855 paulo
487 3789 556 3855 post
582 3785 735 3842 intervallo
755 3786 894 3842 occubuit
945 3787 1028 3858 copis
1047 3785 1270 3842 venerabilibus
1292 3784 1441 3840 tlotlrardo
1456 3786 1485 3839 et
1499 3784 1640 3852 Notkero,
1657 3782 1778 3839 humilis

57 3872 116 3939 (aa.
132 3872 199 3942 989,
220 3873 293 3928 Dec.
318 3872 357 3943 7),
374 3874 476 3930 Romae
492 3874 610 3946 quidem
625 3877 655 3930 in
669 3875 783 3947 porticu
798 3875 893 3930 sancti
945 3875 1139 3930 bobiensium
1147 3876 1266 3929 caterva
1276 3873 1470 3928 devotissima
1478 3872 1607 3928 fidelium
1614 3871 1779 3927 orationum

61 3962 139 4017 Petri
154 3962 305 4032 sepultus.
946 3965 1054 4020 munia.
1071 3963 1249 4023 iamdudum
1262 3966 1381 4032 pastore
1392 3962 1511 4030 viduati,
1530 3962 1697 4017 diutissime
1707 3977 1779 4017 vero

87 4051 152 4106 lus.
164 4051 257 4121 (191.)
266 4051 428 4108 Lotltarr'us
437 4052 692 4110 rexKarIensium
706 4060 736 4110 et
749 4054 895 4110 Einricus
946 4054 1073 4110 rectoris
1097 4052 1216 4107 solliciti
1233 4051 1385 4123 diligentia
1403 4051 1546 4120 destituti,
1561 4053 1694 4106 vestram
1708 4066 1781 4107 eon·

59 4140 894 4216 danaJ'oarr'ornmqnisqueprosetenduntaclimperium
946 4142 1083 4199 venimus
1108 4140 1312 4211 paternitatem
1332 4139 1486 4207 submissi,
1503 4139 1642 4209 quoniam
1662 4139 1781 4209 quidem

56 4228 312 4296 Lethariensium,
323 4246 457 4303 puerque
465 4233 570 4304 rapias
581 4231 618 4287 ab
629 4231 755 4287 Einrice
765 4233 892 4304 rapitur,
948 4233 1072 4287 alterum
1092 4232 1224 4284 vestrum
1246 4229 1412 4296 animabus,
1435 4227 1558 4282 alterum
1583 4226 1663 4281 Deus
1685 4226 1780 4288 voluit

56 4317 222 4390 scdpnstea
233 4318 407 4390 vieripitur.
417 4319 600 4391 Qnopassirr.
609 4325 894 4393 comperto,repents
950 4318 1161 4377 subintendere
1175 4316 1351 4388 corporibus
1367 4315 1451 4386 (915),
1464 4317 1570 4370 nteum
1580 4314 1668 4369 nobis
1682 4313 1782 4384 provi·

59 4408 178 4477 genuina
189 4406 353 4463 labesmsli
369 4424 460 4480 regno
471 4409 614 4466 exoritur.
630 4410 705 4464 Nam
716 4414 791 4466 utse
806 4411 895 4466 babet
949 4410 1044 4467 dentis
1063 4409 1209 4475 abbatem,
1235 4406 1285 4478 qui
1306 4407 1362 4461 boc
1385 4406 1424 4460 sit
1442 4405 1521 4476 quod
1537 4405 1661 4474 dicatur,
1678 4403 1707 4458 id
1724 4406 1779 4474 est,

58 4495 231 4568 inquietudo
260 4511 387 4566 morum,
402 4498 493 4554 immo
515 4502 565 4554 aut
588 4499 746 4555 saecularis
760 4500 892 4570 ambitio,
950 4505 982 4555 ut
997 4498 1211 4569 etcorporibus
1222 4500 1344 4567 paterno
1355 4493 1782 4551 atlectunecessariamcuram

59 4584 220 4640 lotharius
236 4601 299 4652 rex,
316 4587 466 4643 Hauricus
482 4605 600 4661 quoque
616 4589 677 4646 dux
690 4589 895 4662 Baj0ariorum
951 4589 1110 4661 impendat,
1126 4590 1155 4642 ct
1168 4587 1333 4641 animarum
1348 4586 1472 4641 salutem
1484 4585 1613 4655 pastoris
1630 4583 1783 4655 vigilantia

61 4673 89 4728 in
103 4675 208 4746 prisca
215 4675 283 4730 odia
294 4677 511 4734 recrudescunt
520 4676 570 4750 171,
579 4692 683 4748 pacem
693 4680 895 4753 quidembelto
950 4697 1008 4735 non
1024 4676 1180 4750 neglegat;
1198 4675 1295 4748 sitque
1305 4675 1479 4731 interiorum
1494 4689 1594 4729 curam
1611 4672 1640 4726 in
1656 4671 1781 4727 exterie-

717 4828 865 4890 VARIAE
889 4826 1123 4891 LECTIONES

96 4953 135 4997 ¹⁷³
148 4954 364 5019 Qui-illesus
378 4957 475 5012 evasit
501 4959 576 5012 rimo
587 4973 643 5013 non
655 4965 741 5014 erant
751 4960 984 5019 int.sedstatim
1014 4959 1139 5043 rigebat
1149 4959 1338 5013 convortitur.
1348 4956 1431 5012 Unde
1440 4970 1505 5010 com
1514 4956 1622 5026 probro
1632 4960 1782 5014 etcetera.

64 5024 405 5097 &danctoripseverbe
421 5027 465 5082 Un
521 5032 773 5086 cum-estimavit
788 5032 976 5086 lineistrans
1000 5029 1379 5100 irotrsrtelevit,ctsipnoffl'
1393 5033 1459 5098 post
1474 5027 1784 5085 convertiturinserto
1843 5042 1849 5050 ’

65 5098 153 5152 oruata
169 5097 222 5152 illa
232 5098 439 5164 Qui-illesus
454 5101 548 5155 evasit
557 5102 588 5155 in
603 5103 724 5158 scedula
739 5109 840 5158 assuta
856 5102 1014 5174 supplevit,
1026 5101 1262 5174 prmdxoeodem
1274 5099 1360 5172 signo
1374 5099 1418 5162 m,
1435 5096 1468 5153 Iu
1483 5097 1509 5154 9.
1521 5098 1548 5154 8.
1568 5101 1669 5156 verba.
1686 5100 1782 5172 Unde,

67 5181 125 5223 cum
137 5199 175 5210 -
189 5168 339 5225 estimavit
353 5170 459 5228 desunt
472 5172 528 5229 sed
541 5169 567 5227 3.
584 5172 610 5227 5.
628 5171 740 5229 liabent
756 5191 800 5229 eu.
839 5172 878 5215 ¹¹⁴¹
892 5173 1101 5229 retrudescunt
1117 5171 1143 5228 1.

860 5296 989 5360 NOTAE

97 5421 168 5489 lala)
184 5421 252 5476 Otto
267 5421 316 5475 111.
951 5426 998 5479 est
1014 5425 1072 5478 nisi
1087 5429 1202 5480 mortuo
1218 5426 1335 5481 demum
1351 5426 1501 5484 bethario.

97 5491 168 5561 illl)
178 5492 374 5548 Godeiridum
384 5494 510 5549 reddere
522 5499 643 5565 paratus
655 5496 709 5551 tuit
720 5496 893 5563 LethariuS,
990 5495 1063 5565 ι915)
1080 5496 1111 5551 tn
1128 5497 1330 5566 spiritualibus
1347 5499 1425 5553 enim
1439 5497 1657 5566 cameracensi,
1669 5495 1699 5551 in
1711 5497 1783 5551 tem·

71 5563 179 5620 sedant)
188 5563 486 5636 quibusdamtantum
495 5568 725 5624 conditionibus.
735 5568 814 5634 Quas
826 5566 896 5638 quia
930 5576 935 5605 ὲ
951 5567 1105 5636 poralibus
1119 5567 1781 5641 Laodicnsiepiscoposubjectumeratmona·

71 5630 240 5694 Godelridus
249 5634 461 5707 subirenoluit,
474 5639 638 5696 libertatem
647 5654 705 5696 non
715 5641 898 5698 consecutus
956 5638 1079 5693 sterium
1094 5639 1271 5695 Laubiense.

262 5728 408 5800 rinos.
425 5733 567 5802 exulx.
1289 5828 1292 5832 Α
1510 5805 1515 5815 .
1586 5738 1607 5802 4
