3900 6112
571 246 979 345 orusoumsrunn
1568 272 1632 345 ,94

87 436 261 511 nterrogans
274 440 350 497 mira
361 444 555 516 secretorum,

87 524 124 581 rit
135 524 279 599 Genitrix,
294 529 366 601 quid
379 531 468 586 nobis
483 532 582 589 iecisti
593 535 609 591 t

87 628 153 687 quse
166 615 265 671 Patris
278 621 358 689 sunt,
373 621 502 675 tractare
516 621 646 679 venisti?

87 715 134 757 sm
148 703 256 774 triduo,
268 720 322 760 cur
336 705 382 762 sic
396 706 532 764 latuisti?

87 834 89 843 .
102 788 274 848 bominibus
288 793 377 850 subdi
391 797 528 853 renuisti.

87 878 124 935 ed
137 879 326 953 trigesimum
340 897 450 939 annum
464 884 628 943 Salvatoris

88 980 124 1024 ee
136 969 287 1027 transtulit
303 970 435 1028 celamus
450 973 617 1046 scriptoris.
647 1040 650 1045 ‚

97 1057 274 1130 suggeritur
286 1059 385 1116 animo
396 1061 528 1133 lectoris,

87 1158 107 1201 s
118 1145 270 1217 publicent
283 1151 349 1204 sota
358 1146 502 1221 junioris.

235 1235 418 1309 Baptismus.

87 1324 314 1395 inpostmodum
329 1325 434 1397 culpes
451 1328 575 1383 nostras
588 1326 670 1399 invit,

87 1408 96 1464 i
108 1412 244 1483 corporis
255 1427 351 1486 squas
365 1416 564 1487 consecrauit,

87 1498 204 1556 audens
218 1499 347 1572 Spiritus
362 1505 485 1559 sanctus
500 1502 668 1572 illustravit,

87 1586 146 1643 tris
159 1587 266 1644 Filium
280 1589 377 1662 palam
392 1589 564 1649 declaravit.

181 1676 330 1748 ieiunium
349 1678 476 1735 deserti.

87 1780 298 1853 ndulcissime,
314 1797 448 1840 eremum
465 1783 585 1857 subisti,

87 1868 147 1926 niis
160 1885 271 1942 corpus
286 1871 431 1942 afflixisti,

87 1956 113 2014 is
127 1955 264 2015 babitans
274 1959 364 2016 Solen
374 1959 547 2032 confudisti,

87 2061 138 2102 um
151 2044 259 2103 eliicax
274 2048 390 2103 cunctis
409 2047 568 2122 reliquisti.

157 2133 276 2192 vocatio
290 2135 498 2208 apostolorum.

87 2224 138 2281 tun
151 2223 261 2296 placuit
275 2223 352 2280 lacta
365 2224 528 2297 declarare,

87 2311 217 2369 itentiam
232 2312 341 2369 mundo
356 2313 532 2385 predicare,

87 2399 196 2473 sipulos
210 2406 307 2457 tecum
322 2418 500 2475 aggregare,

87 2492 107 2545 rt
121 2491 266 2546 seculum
280 2491 357 2546 viles
372 2495 522 2561 reputare.

87 2576 293 2649 philosophos,
309 2594 401 2635 vocas
415 2578 597 2649 piscatores,

87 2666 178 2723 indus
194 2667 330 2738 despicit,
346 2666 443 2722 eiflcis
458 2667 608 2723 doctores.

87 2760 127 2811 'ns
142 2756 239 2826 fortia,
255 2756 385 2827 dissipes
402 2758 544 2827 tumores,

87 2843 98 2899 i
112 2842 241 2916 subjicis
255 2848 402 2899 terrarum
416 2848 562 2900 rectores.

245 2931 378 2987 Miracul
396 2973 403 2987 .

87 3039 110 3096 is
124 3039 260 3095 mirificis
276 3039 416 3094 muudum
431 3038 597 3109 illustrasti,

97 3127 281 3201 conjugium,
298 3127 416 3199 nuptias
430 3127 561 3182 intrasti.

87 3216 257 3288 septimum
273 3231 379 3289 aquam
393 3215 591 3284 commutasti,
683 3293 687 3301 ι

87 3305 122 3360 lte
134 3304 225 3360 millia
235 3305 363 3376 panibus
374 3303 492 3360 cibasti.

87 3393 194 3448 mortui
208 3393 300 3448 verbo
324 3393 517 3464 suscitantur,

87 3480 128 3538 rbi
140 3497 253 3555 genera
265 3483 400 3552 protinus
417 3469 566 3553 curanlu'r,

87 3585 104 3626 s
117 3568 257 3641 imperas,
274 3585 329 3625 neo
339 3569 415 3626 ultre
430 3571 595 3641 turbantur,

87 3658 229 3729 emoniis,
246 3661 274 3714 et
285 3675 354 3715 mox
369 3657 546 3732 effugantur.

140 3743 325 3800 Prndicatio
340 3746 504 3817 passionis.

87 3850 254 3925 ignissime,
270 3855 338 3923 post
357 3854 444 3925 gesta
457 3855 516 3908 tam
531 3852 613 3907 clera

87 3939 213 4012 scipulis,
228 3940 346 3996 intimas
361 3955 471 3996 amaru.

88 4044 156 4087 mox
170 4032 290 4101 pectora
304 4030 405 4085 talium
419 4029 534 4102 ignara,

88 4134 117 4175 m
128 4116 249 4191 judicas
263 4120 292 4174 te
306 4118 406 4174 crucis
420 4118 452 4173 in
466 4133 528 4175 ara.

87 4211 167 4263 nstra
181 4206 291 4263 circuis
307 4208 433 4279 populos
448 4206 600 4280 docendo,

87 4297 192 4366 esuris,
208 4296 276 4351 sitis
286 4295 480 4351 discurrendo
494 4313 502 4362 ;

89 4385 227 4441 crebrius
242 4399 350 4456 aspera
364 4383 488 4440 terendo

87 4474 113 4530 is
128 4473 249 4546 perfidae
264 4473 340 4528 male
355 4470 541 4528 sustinendo.

142 4562 319 4635 Triumphus
332 4560 514 4616 Palmarum.

87 4651 300 4724 ierosolymam
314 4649 345 4705 in
359 4648 452 4706 osello
468 4646 589 4719 sedens,

87 4740 202 4797 undeno
217 4737 354 4809 suscipit,
370 4735 488 4793 obviam
502 4734 669 4808 procedens
676 4753 685 4803 ς

87 4828 249 4899 uestibus,
264 4826 369 4899 palme
388 4840 488 4881 muros
503 4824 633 4895 cedens,

87 4915 238 4975 inientium
257 4918 285 4971 te
299 4914 398 4971 laudat
416 4913 570 4970 incedens.

206 5005 283 5061 Acte
298 5004 329 5060 iu
347 5003 432 5059 urbe.

88 5095 144 5152 des
157 5093 329 5168 praevidens
344 5107 448 5148 casum
462 5089 614 5163 periturae,

87 5183 280 5241 screantibus
293 5181 484 5238 comminaris
500 5178 583 5249 dure,

87 5288 127 5329 ox
141 5271 304 5345 principes,
320 5286 397 5344 gens
412 5268 519 5324 mentis
536 5267 669 5339 impurae,

87 5361 184 5417 etalio
199 5376 259 5433 quo
269 5358 430 5432 proesumis
441 5357 534 5430 jurei

197 5448 337 5506 Proditis
352 5446 447 5504 dudm.

87 5554 115 5596 rs
126 5537 258 5615 quotidie
270 5539 387 5608 tompus
402 5532 597 5607 praestolaris,

87 5631 115 5687 te
131 5625 237 5707 qgculi
251 5629 375 5685 mortem
389 5623 523 5702 patiaris,

754 437 1004 510 l'llacbinantur
1017 454 1159 514 immundi
1178 460 1296 516 modum
1311 478 1371 535 quo
1384 466 1542 541 praedaris,

798 538 949 612 Spondent
963 542 1048 600 indm
1062 547 1200 617 pretium,
1216 552 1298 606 uteo
1313 552 1461 623 prodaris.

1169 635 1268 692 Coena.

834 733 956 792 Goenam
969 751 1036 793 cum
1052 738 1208 810 discipulis
1223 747 1291 812 post
1306 743 1371 800 haec
1387 747 1555 819 celebrasti,

799 821 881 890 Quos
895 824 937 880 tui
952 827 1093 899 mysterio
1109 831 1245 901 corporis
1265 832 1383 903 cibasti,

799 912 898 969 Pedes
912 912 1016 969 lavans
1031 914 1161 989 singulis
1175 920 1204 974 te
1219 918 1379 977 humiliasti
1392 941 1400 989 ;

801 999 888 1073 Ipsos
902 1003 970 1073 post
979 999 1046 1058 bec
1059 1003 1169 1076 pabulo
1183 1007 1267 1064 verbi
1281 1010 1440 1069 roborasti.

1085 1107 1190 1167 Oratio
1207 1112 1239 1167 ia
1253 1112 1350 1171 borlo.

837 1200 1027 1285 Tuncpelnm
1039 1213 1195 1287 discipulis
1210 1221 1334 1275 mortem
1348 1220 1525 1295 predixisti,

801 1297 839 1357 Et
851 1304 1002 1358 auctorem
1016 1302 1151 1359 criminis
1164 1305 1271 1361 iudam
1286 1309 1453 1381 ostendisti,

800 1387 955 1463 Orsnsque
969 1406 1023 1462 pro
1039 1392 1178 1449 omnibus
1192 1395 1305 1467 gratim
1319 1397 1418 1471 egisti,

799 1475 836 1534 lit
850 1491 997 1551 egressus
1011 1480 1148 1551 protinus
1162 1481 1281 1539 hortum
1294 1483 1435 1542 introisti.

834 1563 947 1622 Ducem
961 1580 1021 1622 nox
1035 1568 1239 1641 praecluserat,
1258 1586 1362 1630 omnes
1377 1573 1488 1646 exiere,

798 1653 952 1728 Cupitque
967 1669 1035 1711 cum
1049 1656 1138 1712 trodio
1152 1656 1244 1715 lesus
1258 1676 1377 1733 perere,

799 1742 956 1815 Monetque
971 1743 1135 1816 discipulos
1151 1748 1303 1818 paululum
1317 1751 1434 1821 sedere,

758 1808 786 1873 Β
800 1831 838 1889 Ut
853 1831 957 1888 orandi
969 1834 1097 1905 spatium
1111 1836 1211 1890 valeat
1222 1836 1343 1894 habere.

834 1918 913 1976 Ecce
927 1920 1019 1977 iesus
1033 1920 1144 1995 legitur
1157 1939 1271 1993 pavens
1282 1928 1449 1983 contristari
1463 1948 1470 1993 ;

798 2009 867 2066 Non
881 2011 1046 2081 presumat
1056 2010 1148 2084 igitur
1162 2012 1290 2085 quisque
1304 2015 1463 2088 indignari,

798 2096 996 2154 stertentum
1010 2099 1178 2171 quempiam
1192 2102 1300 2157 viderit
1313 2103 1439 2174 turbari,

798 2185 852 2244 Pie
866 2186 963 2259 megis
977 2186 1095 2243 studeat
1107 2187 1190 2244 illum
1205 2190 1363 2247 consolari.
1390 2190 1397 2203 '

1075 2292 1175 2349 Sudor
1189 2297 1354 2365 sanguinis.

834 2399 918 2455 'luno
931 2400 1106 2470 praecedens
1131 2400 1279 2456 modicum
1294 2401 1384 2458 humo
1407 2418 1441 2459 se
1457 2403 1631 2474 prostravit,

799 2487 834 2542 lit
848 2487 1005 2543 transferri
1020 2487 1142 2543 calicem
1157 2505 1174 2542 a
1188 2504 1221 2543 sc
1235 2491 1396 2560 postulavit
1405 2508 1412 2557 ;

798 2576 857 2632 Sed
871 2577 971 2631 Patris
985 2576 1107 2631 arbitrio
1121 2576 1192 2632 illud
1208 2578 1442 2649 commendavit;

798 2663 876 2720 Ecce
890 2679 960 2720 mox
975 2666 1160 2738 sanguineus
1180 2667 1273 2721 sudor
1287 2668 1445 2723 emanarit.

833 2751 905 2819 Quis
921 2767 1050 2825 unquam
1065 2751 1231 2809 mortalium
1247 2754 1284 2811 ob
1299 2755 1404 2811 mortis
1419 2755 1575 2812 horrorem

797 2841 924 2897 Auditur
934 2842 1130 2915 sanguineum
1146 2841 1261 2898 fudisse
1277 2844 1442 2900 sudorem?

798 2929 843 2985 Ex
856 2929 913 2986 boo
928 2929 1031 2985 forsan
1044 2930 1164 2984 instruit
1178 2930 1330 3001 Scriptura
1345 2933 1496 2990 lectorem.

797 3017 843 3073 llli
853 3032 1004 3090 nunquam
1018 3016 1147 3074 similem
1162 3017 1257 3074 tuisse
1268 3020 1411 3077 dolorem.

1143 3122 1281 3197 Captum.

832 3228 926 3284 Adest
940 3227 1038 3286 statim
1056 3227 1199 3301 proditor,
1215 3230 1376 3304 multisque
1391 3230 1526 3300 vallatur,

799 3317 838 3374 Ut
853 3317 1011 3389 impiorum
1025 3316 1162 3374 monibus
1177 3317 1322 3376 innocens
1335 3319 1476 3391 iradetur,

799 3406 835 3462 lii
844 3407 979 3462 salutans
994 3404 1119 3463 subdole
1132 3406 1237 3463 lesum
1248 3408 1410 3479 osculetur,

798 3495 856 3552 Sed
871 3495 963 3552 lesus
976 3494 1182 3552 blandissimis
1196 3496 1298 3553 verbis
1312 3497 1391 3553 bunc
1408 3494 1522 3553 affatur.

833 3585 878 3640 dd
893 3584 983 3657 quod,
1000 3583 1095 3657 inquit
1109 3584 1264 3658 Dominus,
1279 3586 1384 3658 amice,
1401 3584 1533 3642 venisti?

797 3672 875 3728 Num
889 3677 922 3729 ut
936 3672 1037 3729 trudes
1052 3673 1157 3729 osculo
1166 3690 1254 3747 quem
1265 3673 1328 3748 jem
1342 3673 1524 3730 vendidisti?

796 3760 964 3818 vaieruut
977 3762 1113 3835 protinus
1123 3766 1243 3819 ruentes
1259 3763 1398 3834 ministri,

796 3848 860 3905 Nec
874 3853 1016 3907 verentur
1030 3850 1094 3906 lieri
1108 3856 1312 3923 peremptores
1327 3851 1449 3909 Christi.

831 3937 905 4005 Quis
921 3937 1022 3995 mirari
1035 3938 1147 3995 suflicit
1162 3939 1191 3995 in
1205 3940 1262 3997 boc
1276 3940 1470 4011 Salvatorcm,

798 4026 932 4099 Eiusque
946 4026 1104 4082 mirificum
1118 4027 1249 4099 pectoris
1262 4028 1440 4085 dulcorem?

798 4115 842 4170 En
856 4116 984 4171 amicum
997 4117 1128 4172 nominat
1143 4116 1281 4173 hostibus
1296 4117 1441 4190 pejorem,

797 4204 963 4259 Admittens
974 4204 1011 4259 ad
1026 4202 1162 4259 osculum
1177 4204 1260 4276 pacis
1274 4205 1465 4277 proditorem.

831 4291 946 4348 Oluda
959 4292 1137 4364 miserrime,
1154 4296 1185 4348 ut
1200 4292 1270 4365 quid
1285 4293 1330 4348 sio
1344 4291 1458 4367 egisti?

796 4380 906 4437 Osculo
921 4380 1077 4452 pacificum
1092 4381 1159 4436 neci
1173 4380 1330 4453 tradidisti,
1348 4390 1353 4397 ·

796 4470 892 4537 Quare
902 4469 1057 4526 beneflciis
1072 4468 1118 4525 sic
1132 4470 1258 4527 abutens
1273 4469 1396 4540 Christi,

756 4522 888 4615 ononis
904 4558 979 4613 mala
993 4558 1120 4614 reddere
1135 4574 1195 4615 non
1210 4558 1378 4616 erubuisti?

832 4646 990 4703 utilissime
1004 4662 1079 4703 uoce
1092 4647 1232 4719 postulati

798 4734 890 4802 Quem
905 4737 1049 4808 quaerant,
1067 4737 1206 4793 contiuuo
1221 4739 1363 4794 corruunt
1377 4737 1527 4810 prostrati,

798 4823 874 4879 Hinc
888 4826 1016 4895 pensent
1028 4839 1117 4896 quam
1130 4839 1237 4897 aspera
1251 4824 1307 4882 erit
1317 4840 1376 4882 vox
1385 4825 1451 4881 irsti

799 4910 894 4984 Cujus
909 4912 1000 4968 verbs
1015 4910 1113 4969 dulcia
1126 4914 1325 4988 nequiverunt
1337 4914 1406 4985 pati.

835 4999 1075 5071 comprehensus
1091 5002 1218 5076 denique
1231 5004 1367 5076 nequiter
1381 5003 1531 5073 tractetur,

797 5088 930 5145 Vinculis
946 5090 1108 5161 atrocibus,
1125 5092 1200 5148 diris
1215 5091 1408 5164 mancipatur,

795 5177 845 5233 Sic
859 5193 937 5250 agno
952 5178 1110 5234 mitissimo
1126 5195 1196 5236 vere
1211 5183 1400 5252 comparetur

796 5265 851 5332 Qui
871 5281 926 5322 nec
940 5266 1035 5322 minas
1050 5267 1157 5341 ingerit
1171 5283 1268 5341 neque
1282 5267 1454 5326 reluctatur.

832 5353 968 5410 Salvator
982 5355 1154 5427 mitissime,
1171 5373 1259 5430 quam
1272 5358 1349 5416 mele
1364 5359 1501 5417 vexeris!

832 5443 897 5498 lam
912 5444 997 5500 solus
1016 5443 1207 5518 relinqueris,
1224 5446 1309 5503 solus
1323 5448 1487 5505 infestaris.

795 5531 924 5605 Fugiunt
938 5531 1087 5604 discipuli,
1100 5533 1185 5590 solus
1200 5536 1371 5608 retentaris,

793 5619 971 5702 opprobriis
986 5622 1078 5678 variis
1093 5623 1250 5702 sputisque
1264 5624 1401 5684 fuderis.
