3900 6112
210 160 220 192 t

155 255 212 318 ¹95
600 249 736 313 GESTA
756 247 1018 313 PONTIFIGUM
1041 216 1421 310 CAMERAtiENSIUM.
1789 268 1794 274 ·
1817 246 1878 309 196

92 514 96 520 A
154 454 241 510 ambo
256 453 387 526 ingenui,
404 453 492 508 bonis
508 450 759 519 ornatimoribus,
776 448 863 504 ambo
884 447 987 519 repleti
1001 453 1024 513 Α
1040 448 1101 501 tum
1130 461 1254 500 suorum
1278 445 1440 501 salvatione
1469 446 1619 515 deputavit
1633 446 1729 501 alodia
1753 463 1807 501 sua
1838 449 1875 503 de

155 542 271 597 terrore
288 542 377 595 divini
395 541 529 611 spiritus
541 541 770 609 hrdentesergo
787 554 840 607 per
849 537 988 607 Spiritum
1041 535 1201 589 lietscinis
1215 538 1244 589 et
1264 536 1299 588 de
1316 534 1483 590 Wilrehem
1505 535 1534 589 in
1550 535 1687 590 aeeclesia
1703 536 1797 590 beatae
1814 538 1875 590 hta-

154 633 298 700 sanctum,
316 646 409 700 seque
426 630 599 684 cantitantes
611 628 722 682 habere
738 644 823 681 unam
852 628 989 681 volunta·
1039 624 1102 678 rire.
1129 623 1214 678 Dedit
1238 623 1324 678 etium
1341 624 1452 691 altaria,
1470 640 1596 694 quorum
1618 628 1706 678 carten
1727 625 1874 680 habentur

154 722 212 773 tem
237 721 266 774 et
286 735 376 773 unum
397 718 535 786 animum,
563 717 745 771 confidenter
772 716 987 769 mandaverunt
1040 711 1124 782 (tet),
1142 715 1170 766 et
1183 727 1309 767 neeesse
1325 729 1383 767 neu
1399 716 1446 767 est
1460 716 1490 765 ut
1510 713 1557 766 hic
1573 715 1769 768 nominentur.

153 808 252 877 ipsum
263 808 435 877 episcopum
446 806 548 861 venire
564 805 624 859 illis
646 806 723 875 apud
739 805 881 859 Duaeum.
897 803 984 858 Vota·
1075 801 1100 855 8.
1118 800 1270 871 Hospitule
1287 817 1459 872 pauperum,
1484 802 1564 871 quod
1588 806 1633 856 est
1658 818 1749 857 secus
1766 803 1873 857 atrium

154 895 225 950 bant
239 896 317 949 enim
332 895 398 966 ejus
411 894 641 949 consiliatorum
652 894 773 965 eligere,
784 893 833 946 ubi
849 892 910 945 Deo
921 907 986 960 pos·
1040 892 1150 944 sanetae
1162 889 1278 958 Crucis,
1288 892 1436 959 prostrato
1447 890 1552 958 veteri,
1565 891 1642 944 sicut
1651 906 1728 945 nune
1737 895 1874 961 apparet,

155 986 221 1038 sent
236 983 360 1038 servire.
376 983 407 1036 ln
419 998 474 1038 suo
490 983 587 1053 itaque
599 981 694 1036 alodio
709 982 760 1051 qui
775 980 986 1051 Aquiseinetus
1038 979 1201 1048 renovavit,
1221 982 1249 1032 et
1278 978 1450 1047 capellulam
1474 994 1541 1048 quae
1571 979 1686 1033 inheret
1713 979 1872 1049 hospitali;

155 1071 271 1143 dieitur,
288 1073 318 1126 in
333 1073 400 1126 loco
415 1071 533 1143 quidem
548 1071 682 1125 horroris
697 1072 725 1124 et
740 1071 833 1122 vastae
850 1067 986 1123 solitudi-
1039 1067 1171 1137 quamin
1199 1066 1404 1136 solempnitate
1420 1067 1549 1121 omnium
1578 1067 1784 1122 defunctorum
1804 1084 1873 1123 eum

155 1162 212 1231 nis,
229 1161 375 1232 quendum
391 1159 611 1228 edificaverunt,
635 1158 801 1212 aecclesiam
816 1172 944 1212 assensu
959 1160 987 1210 et
1038 1155 1198 1209 venerabili
1215 1171 1346 1225 expensa
1361 1155 1419 1209 eibi
1435 1158 1463 1209 et
1476 1159 1564 1224 potus
1579 1157 1775 1222 consecravit,
1795 1163 1825 1211 et
1841 1162 1873 1211 ut

153 1249 389 1306 consideratione
400 1247 537 1318 ejusdem
552 1244 938 1318 pontilicis,immoauxilio‚
951 1244 987 1298 de
1038 1244 1078 1298 ibi
1108 1246 1239 1298 cantaret
1266 1244 1461 1314 parrochialis
1489 1244 1638 1314 presbiter
1666 1244 1814 1299 dominica
1845 1249 1873 1300 ct

154 1341 218 1394 suis
235 1339 325 1393 rebus
342 1337 480 1407 propriis.
497 1336 541 1389 hb
554 1336 636 1390 initio
652 1335 729 1390 enim
749 1350 845 1404 usque
858 1334 887 1387 in
899 1333 986 1386 finem
1039 1337 1179 1404 quartaet
1193 1332 1369 1401 sextaterie,
1385 1333 1461 1387 duos
1473 1333 1589 1386 modios
1600 1333 1688 1387 tritici
1698 1334 1732 1387 de
1743 1334 1873 1388 eleemo-

154 1427 208 1482 tuit
223 1427 282 1480 illis
297 1425 439 1479 militibus
455 1425 485 1479 in
500 1425 616 1479 eunctis
627 1423 863 1479 edificationibus
878 1422 985 1477 aeecle—
1039 1423 1103 1476 sina
1121 1421 1276 1492 hospitalis
1287 1422 1484 1492 persingulas
1500 1437 1594 1475 annos
1609 1421 1671 1475 clari
1687 1423 1745 1476 sibi
1761 1425 1873 1476 eonsti-

154 1516 207 1569 siae
219 1514 578 1583 eoeditieatorepiseopus.
592 1513 721 1567 Tandem
730 1516 831 1582 parata
845 1510 982 1579 ecelesia,
1039 1511 1092 1564 tuit
1101 1527 1108 1575 ;
1122 1510 1161 1563 itu
1176 1512 1207 1563 ut
1226 1509 1374 1580 presbiter
1389 1509 1465 1563 idem
1491 1515 1518 1563 ct
1534 1509 1667 1564 infirmes
1682 1510 1828 1581 visitaret,
1845 1515 1873 1564 et

152 1605 181 1657 at
196 1602 243 1657 his
259 1618 325 1673 quae
340 1602 376 1656 ad
393 1601 502 1656 cultum
517 1600 763 1655 aeclesiasticum
779 1600 925 1668 pertinent
939 1599 986 1653 de·
1039 1598 1069 1651 in
1084 1597 1203 1653 Christo
1219 1599 1372 1652 consultos
1388 1601 1415 1652 et
1431 1598 1661 1653 communicatos
1678 1604 1811 1654 mortuos
1829 1616 1873 1653 sc·

153 1694 254 1746 eenter
268 1690 451 1760 compositis,
477 1693 505 1744 et
529 1687 637 1743 ibidem
662 1688 807 1758 deputatis
837 1688 942 1742 abbate
957 1688 986 1741 et
998 1704 1026 1766 Β
1039 1687 1155 1758 poliret.

152 1777 584 1848 monachis,eonsecraviteem
600 1775 984 1846 presolvenerahilisindie
1073 1775 1101 1830 9.
1126 1776 1230 1831 Adhuc
1261 1792 1349 1831 unum
1373 1792 1459 1846 opuS,
1483 1780 1513 1830 ut
1534 1777 1655 1847 sapiens
1677 1777 1869 1846 architectus

154 1868 268 1921 scilieet
289 1866 385 1920 saneti
407 1865 539 1935 Dyonisii
568 1866 706 1935 martyris
730 1865 789 1935 (an.
817 1861 906 1934 1079),
927 1864 983 1918 sub
1038 1863 1109 1919 feeit
1132 1865 1210 1919 idem
1237 1865 1407 1935 episcopus
1430 1865 1509 1935 quod
1541 1864 1718 1920 laudandum
1751 1870 1799 1920 est
1831 1867 1868 1920 ab

155 1954 273 2010 nomine
292 1958 321 2009 et
341 1954 454 2008 honore
470 1953 564 2007 sancti
579 1952 740 2007 Salvatoris
769 1953 823 2007 Dei
850 1952 984 2021 omnipo·
1038 1953 1176 2008 omnibus
1190 1953 1408 2023 presentialiter
1423 1953 1645 2022 aspicientibus
1662 1954 1871 2009 Venerabilem

153 2043 254 2097 tentis.
271 2042 352 2096 Tune
368 2042 491 2111 predicti
506 2041 613 2096 milites
632 2041 785 2096 Walterus
800 2046 828 2095 et
842 2041 984 2095 Sieherus
1037 2041 1204 2097 aeeelesiam
1220 2041 1491 2096 beataeMuriaeolim
1507 2041 1690 2096 combustam
1701 2037 1871 2113 et2dirutam

154 2131 337 2185 tradiderunt
351 2130 387 2184 ad
403 2147 477 2185 usus
493 2129 704 2185 monachorum
720 2130 793 2185 inibi
809 2130 870 2184 Deo
889 2129 985 2184 tamu—
1037 2131 1161 2199 scopite
1177 2130 1323 2199 superiori
1333 2145 1427 2200 usque
1438 2130 1474 2183 ad
1486 2129 1608 2185 eborum
1619 2130 1713 2184 saneti
1723 2130 1871 2187 iohannis

154 2219 276 2274 lentium
290 2220 384 2274 alodia
399 2236 462 2289 sue,
480 2221 575 2273 terras
594 2235 676 2283 sues,
701 2234 806 2273 servos
818 2221 846 2272 et
859 2218 983 2272 ancilias
1037 2219 1159 2290 pulchre
1174 2222 1202 2273 et
1212 2220 1335 2273 honeste
1351 2218 1605 2288 reformaritlpsa
1615 2219 1693 2273 enim
1705 2218 1870 2289 laquearia,

155 2310 184 2362 et
198 2309 340 2379 quiequid
355 2309 546 2377 possidebant
562 2309 591 2362 in
607 2311 694 2363 terre.
711 2308 842 2362 Tradidit
866 2322 984 2378 quoque
1036 2309 1189 2379 plastrum,
1201 2308 1370 2378 brevesque
1380 2306 1528 2362 fenestras
1542 2307 1870 2378 longioresrenoravit‚

105 2440 109 2447 ,
153 2395 263 2451 ibidem
278 2396 984 2465 AnsellusdeiiibodimonteviltusduaS,Ver¹e·
1036 2397 1131 2459 capita
1146 2396 1369 2465 columpnarum
1384 2396 1548 2465 inutraque
1564 2395 1655 2450 latare
1670 2397 1797 2465 turpiter
1811 2396 1872 2450 fixa

151 2484 235 2538 thum
246 2486 275 2539 et
283 2484 505 2540 Obereieurtem
518 2503 525 2549 ;
542 2484 620 2555 quod
630 2485 747 2555 quidem
758 2483 827 2538 iecit
837 2485 983 2538 annuente
1036 2488 1065 2540 et
1080 2483 1363 2555 corruptadeeenter
1373 2483 1768 2553 coronavit.Comparaverat
1780 2485 1872 2539 etiam

149 2573 301 2642 episeopo,
326 2576 426 2642 utpote
455 2589 529 2643 quas
554 2572 584 2626 in
606 2573 692 2628 feodo
714 2573 831 2627 tenebat
855 2573 890 2627 de
920 2572 980 2626 illo.
1036 2573 1152 2628 colores
1174 2573 1299 2642 optimos
1328 2572 1364 2625 ad
1380 2572 1523 2643 agendam
1539 2573 1684 2642 picturam
1703 2588 1756 2642 per
1778 2575 1872 2626 totam

149 2659 296 2714 Fecerunt
320 2660 359 2714 ibi
381 2660 431 2713 alii
454 2662 537 2714 multi
559 2663 648 2715 multa
663 2662 794 2730 donaria,
817 2676 884 2731 quae
904 2660 982 2714 idem
1035 2661 1221 2729 aeeelesaim3
1239 2662 1292 2716 sed
1309 2658 1384 2715 heui
1400 2661 1637 2732 interagendum
1665 2661 1771 2716 accidit
1787 2661 1870 2732 quod

149 2748 310 2818 episeopus
325 2750 509 2819 perpetuavit
519 2749 663 2804 tratribus
675 2765 729 2819 par
739 2749 904 2821 privilegia.
915 2748 982 2819 Ipse
1034 2753 1129 2805 morte
1139 2753 1300 2820 preventus
1317 2749 1435 2819 reliquit
1449 2750 1604 2819 inceptam.
1620 2749 1677 2803 Sed
1689 2751 1755 2820 quia
1767 2749 1872 2803 volun·

149 2850 221 2890 vero
237 2835 450 2906 aquicinensis
467 2838 603 2891 aeeclesia
614 2837 820 2891 Cameracensi
836 2837 981 2891 aecclesiae
1034 2840 1080 2893 tas
1092 2838 1254 2908 bonaapud
1265 2838 1358 2891 Deum
1370 2840 1495 2907 opusest
1504 2838 1790 2907 perfeetum‚seeure
1801 2853 1870 2892 cum

148 2926 279 2979 eternam
287 2925 420 2993 promisit
429 2925 625 2980 obedientiam
634 2925 894 2997 etsubjeetionem.
907 2926 981 2980 Pro·
996 2950 1021 3012 Ο
1034 2926 1294 2997 psalmistapotest
1303 2925 1416 2980 dicere:
1428 2926 1561 2995 Domine,
1571 2925 1811 2980 dilorideeorem
1822 2926 1869 2980 de

147 3011 229 3066 misit
241 3013 353 3082 pariter
368 3013 538 3083 episeopus,
554 3029 587 3069 se
601 3013 642 3068 ibi
653 3029 802 3086 nunquam
816 3015 981 3084 positurum
1035 3032 1098 3069 mus
1110 3020 1165 3069 ture
1178 3021 1207 3069 et
1218 3013 1311 3068 locum
1322 3013 1517 3069 habitationis
1524 3012 1628 3086 pieriae
1638 3020 1704 3068 ture.
1721 3013 1755 3067 Et
1772 3014 1869 3068 credi-

146 3099 292 3170 abbatem‚
309 3101 368 3155 nisi
386 3117 439 3171 per
453 3103 616 3172 eorundem
632 3102 844 3158 monachorum
858 3091 981 3158 electio·
1033 3120 1111 3174 mus,
1123 3103 1191 3174 quia
1202 3102 1268 3174 ejus
1281 3102 1360 3157 Deus
1376 3102 1576 3172 miserebitur,
1596 3118 1662 3156 oum
1675 3103 1752 3156 dieat
1766 3102 1869 3156 divina

147 3203 225 3245 nem.
1032 3193 1138 3257 lectio;
1155 3191 1213 3247 Ubi
1222 3197 1251 3246 te
1261 3192 1383 3246 invenio
1397 3190 1442 3245 ibi
1453 3191 1729 3263 tejudicaboliexit
1744 3190 1868 3260 episeo-

181 3277 208 3330 t.
224 3279 296 3332 Post
312 3279 367 3333 hoe
383 3295 458 3349 opus
487 3279 605 3335 beatum
621 3283 649 3334 et
672 3280 852 3348 memoriale,
870 3280 981 3334 studuit
1032 3283 1131 3351 patum
1156 3296 1316 3352 perennes
1337 3279 1466 3333 sedecim
1488 3282 1574 3349 atque
1604 3279 1764 3334 dimidium.
1788 3278 1869 3333 Obiit

146 3366 305 3435 episeopus
316 3366 445 3421 diversis
457 3368 613 3422 conatibus
623 3370 651 3422 in
661 3370 795 3439 presenti
806 3369 865 3422 vitu
880 3383 981 3438 prepa-
1032 3370 1128 3440 pridie
1138 3369 1286 3423 Kalendas
1307 3369 1435 3439 Augusti
1449 3365 1507 3438 [an.
1531 3364 1608 3437 1092)
1619 3365 1704 3438 (tes),
1730 3367 1868 3436 sepultus

145 3466 222 3522 rare,
238 3456 317 3523 quod
336 3456 483 3524 pertinere
499 3456 641 3510 intellexit
655 3457 691 3509 ad
706 3457 871 3525 protectum
886 3459 914 3511 et
929 3472 979 3510 sa·
1031 3458 1062 3512 in
1082 3457 1178 3513 medio
1195 3458 1341 3512 aeeetesiae
1366 3458 1469 3510 matris
1493 3457 1618 3510 Domini.
1645 3457 1749 3510 Divina
1774 3455 1868 3527 igitur·

145 3536 235 3594 lutem
252 3541 356 3596 animae
377 3558 451 3598 sure.
472 3542 658 3614 Quapropter
671 3560 724 3613 pro
751 3548 848 3600 suaet
871 3560 978 3616 paren·
1031 3547 1219 3601 miseratione
1236 3548 1331 3601 anima
1347 3545 1414 3617 ejus
1430 3545 1598 3617 requiescat
1612 3545 1642 3598 in
1657 3559 1740 3615 paee.
1757 3543 1864 3598 Amen.

431 3669 666 3785 basra
705 3675 1050 3791 Manassls
1081 3676 1171 3787 nt
1200 3676 1577 3790 WdLGHllRl

437 3853 666 3914 EXCERPTA
689 3853 770 3915 PER
792 3855 1043 3921 MONACHUM
1066 3856 1217 3918 SANCTI
1239 3853 1540 3920 GAUGER101³⁵t

181 3985 207 4040 i.
232 3985 304 4040 Post
319 3983 393 4055 (ree)
408 3986 531 4039 mortem
546 3983 668 4039 Gerardi
683 3985 817 4057 episcopi
834 3988 925 4042 multa
948 3991 977 4043 et
991 3963 1018 4024 D
1032 3986 1866 4060 persouaeeligerentur‚quaepostmodumeodemtronore

145 4074 248 4147 grevia
262 4073 337 4127 mala
348 4073 462 4128 intraet
478 4074 673 4129 extraurbem
688 4072 976 4148 Camaracumlongo
1032 4077 1236 4147 privarentur;
1266 4093 1322 4131 non
1344 4077 1441 4130 solum
1466 4079 1573 4144 autem,
1603 4070 1657 4129 sed
1681 4075 1768 4129 etiam
1794 4076 1864 4145 ipsa

142 4165 276 4232 tempore
296 4162 476 4231 aeciderunt,
489 4176 614 4232 quorum
627 4162 740 4217 scilieet
756 4164 900 4219 malorum
916 4181 976 4220 om·
1031 4171 1125 4220 mater
1147 4164 1373 4219 Cameracensis
1399 4163 1550 4232 aeoolesia',
1570 4163 1638 4218 filiae
1655 4179 1733 4232 suaa,
1750 4163 1805 4217 hoe
1816 4167 1866 4219 est

90 4251 94 4256 '
143 4251 224 4306 nium
241 4251 464 4321 caussatorigo
480 4250 537 4305 tuit
552 4250 906 4323 ambiti0,superbia‚nee
917 4269 976 4308 non
1031 4254 1235 4308 Atrebatensis
1266 4253 1422 4319 aecclesiae,
1450 4253 1635 4323 subjectione
1652 4254 1679 4306 et
1695 4251 1865 4306 obedientia

143 4337 299 4393 insolentia
322 4341 424 4393 matris
446 4339 583 4394 acelesiae
606 4341 824 4396 canonicorum.
836 4339 891 4405 Qui
907 4342 975 4395 dum
1031 4341 1187 4397 orbaretur
1207 4339 1256 4396 ³52.
1277 4341 1347 4405 Quae
1361 4341 1500 4395 videlieet
1515 4341 1610 4395 omnia
1640 4341 1788 4410 multaque
1805 4340 1864 4394 alia

143 4441 177 4481 se
193 4427 363 4482 alterutrum
379 4428 514 4497 preferre
529 4430 716 4496 contendunt,
729 4429 798 4483 dum
813 4430 871 4484 sibi
886 4429 975 4482 ulium
1030 4431 1104 4483 mela
1121 4431 1146 4483 si
1162 4432 1229 4501 quis
1244 4431 1361 4500 plenius
1376 4445 1467 4484 nosse
1482 4429 1617 4498 voluerit,
1641 4429 1729 4484 Gesta
1740 4429 1864 4499 pontiti-

142 4515 199 4570 nisi
216 4518 251 4571 od
265 4532 352 4571 suum
368 4516 482 4570 libitum
494 4531 547 4570 seu
564 4518 748 4572 commodum
764 4518 899 4587 praeferri
915 4532 972 4572 non
1030 4534 1097 4573 eum
1112 4519 1250 4590 requirat.
1267 4519 1330 4573 Nos
1346 4521 1442 4572 autem
1461 4519 1672 4573 successiones
1687 4517 1863 4586 pontificum

141 4605 301 4676 patiuntur,
318 4604 469 4659 discordia
484 4619 586 4658 eorum
603 4608 701 4660 aetum
716 4608 772 4675 est,
789 4609 820 4661 ut
837 4609 974 4677 quattuor
1027 4608 1064 4662 ab
1076 4608 1267 4677 illotempore
1283 4622 1380 4679 usque
1395 4609 1430 4661 ad
1438 4622 1565 4676 presens
1575 4610 1691 4677 tempus
1702 4620 1755 4676 per
1765 4622 1862 4661 annos

799 4792 944 4857 VARIAE
966 4794 1200 4859 LECTIONES

174 4971 211 5017 ³5¹
231 4973 345 5030 titulum
355 4973 566 5049 supplevimus.
575 4974 608 5031 In
623 4976 649 5031 ‘l.
661 4975 699 5031 Τ.
715 4977 888 5033 haecomnia
923 4977 1142 5034 recedentibus
1158 4978 1260 5034 Gestis
1276 4976 1407 5034 Gerariti
1417 4978 1554 5036 continuo
1570 4978 1680 5034 calamo
1691 4973 1861 5051 suineiun·

143 5048 191 5099 tur
206 5042 381 5102 discrimine
396 5047 483 5114 nollo,
502 5048 586 5120 qnasi
601 5064 685 5103 unum
696 5055 777 5104 esset
791 5064 871 5120 opus.
913 5047 987 5104 ²vel
1002 5050 1103 5104 orbata
1119 5055 1164 5105 est
1180 5051 1415 5121 superscriptum
1429 5052 1460 5104 in
1478 5050 1504 5106 7.

936 5220 1063 5282 NOTAE

186 5413 250 5482 tbi)
263 5416 349 5484 Apud
364 5416 500 5472 Miraeum
514 5417 586 5489 0pp.
604 5420 674 5491 dipl.
691 5421 713 5475 1.
729 5419 774 5474 75.
824 5489 829 5502 ι
965 5488 970 5498 ¹
1063 5415 1138 5490 (469)
1150 5416 1218 5500 Hoc¹
1230 5416 1325 5500 capud
1338 5416 1486 5509 illflbfflss}
1501 5416 1585 5473 deest
1604 5415 1738 5473 versioni
1753 5414 1861 5499 'Galli-

160 5484 250 5570 dos)
266 5485 302 5542 ΙΙ.
318 5487 363 5543 Id.
387 5488 465 5562 Aup,
483 5490 647 5546 seeundum
670 5491 882 5566 Neerologrum
894 5490 971 5561 Aqui
1029 5504 1090 5571 orep
1104 5505 1164 5570 non
1179 5493 1271 5616 rpitur
1285 5490 1382 5545 surtru
1397 5492 1507 5559 bestie,
1525 5488 1579 5544 sed
1594 5491 1762 5564 excerptum
1776 5486 1860 5548 Gau·

86 5619 91 5629 ,
139 5570 263 5617 eruense
278 5573 304 5615 s.
320 5575 372 5615 xn.
1027 5575 1179 5635 generabo
1210 5560 1322 5618 ebatur.
