3900 6112
83 273 159 337 1465
237 274 288 336 DE
311 272 518 336 CORPORIS
541 274 593 335 ET
615 273 738 336 SANG.
763 274 917 337 DOMINI
939 275 1147 338 VERITATE
1164 276 1269 340 LIBRI
1291 275 1405 341 TRES.
1424 312 1462 323 -
1475 278 1556 344 LlB.
1579 278 1618 341 11.

1707 278 1787 344 1466

79 477 138 526 tum
154 473 289 541 corporis
310 471 433 535 Christi,
452 473 609 527 secundum
618 474 770 544 quemdam
785 457 947 541 modoad
965 471 1018 526 Est
1030 489 1155 544 namque
1166 474 1331 544 baptismus
1348 479 1486 548 exterior,
1501 479 1724 552 apsarisibilis,
1735 496 1800 534 ear·

77 577 183 631 corpus
192 561 308 615 Christi
315 566 403 628 est‚et
410 569 625 616 sacramentum
633 563 788 633 sanguinis
796 562 912 616 Cln·isti
966 562 1181 632 nemabluens;
1197 565 1412 633 estbaptismus
1425 567 1557 635 interior,
1570 569 1644 623 tides
1661 569 1798 623 invisibi-

75 649 235 704 secuudum
249 651 400 720 quemdam
410 650 533 719 modum,
544 652 666 722 sanguis
679 651 795 704 Christi
809 657 854 705 est
868 652 910 704 ita

74 746 293 792 sacramentum
304 737 374 792 hdei
386 737 462 792 hdcs
475 745 530 808 est,
548 755 605 793 uon
621 739 650 792 id
663 740 699 793 dc
714 740 908 793 sacramentis

76 827 171 881 nostri
182 828 285 881 altaris
299 832 344 881 est
355 843 479 882 neeesse
495 829 629 899 intelligi.
641 827 909 882 Generaliterenim

75 916 112 970 de
124 916 318 971 sacramentis
334 917 455 970 dixerat.
467 916 498 970 Si
509 918 586 972 enim
601 922 784 972 sacramenta
805 933 909 988 quam-

75 1005 143 1058 dam
166 1005 388 1060 similitudinem
409 1021 509 1060 earum
538 1021 637 1060 rerum
661 1023 785 1077 quarum
808 1022 910 1061 saera·

75 1097 172 1148 menta
184 1097 262 1164 sunt,
275 1110 333 1148 non
344 1093 497 1164 haberent,
514 1096 631 1149 omnino
651 1099 836 1150 sacramenta
851 1112 910 1150 non

73 1187 188 1236 essent.
212 1182 255 1235 ldx
278 1183 333 1236 hae
348 1184 424 1237 enim
445 1183 636 1237 similitudine
654 1183 826 1255 plerumque
848 1185 910 1255 jam

73 1272 910 1343 sacramentaipsarumrerumnominaaecipiunt.Deinde

72 1376 89 1412 a
108 1375 217 1430 genere
230 1360 265 1412 ad
281 1363 392 1430 partem
408 1360 605 1429 descendens,
623 1377 676 1430 per
688 1361 783 1415 simile
795 1361 822 1414 id
832 1362 911 1432 quod

71 1449 239 1502 intenderat
256 1448 411 1518 conclusit,
425 1449 547 1503 dicens:
565 1449 649 1504 Sient
664 1466 737 1522 erpo
752 1450 911 1504 secundem

72 1537 225 1610 quemdam
235 1538 348 1593 modum
358 1545 575 1592 sacramentum
586 1540 721 1610 corporis
735 1539 852 1593 Christi
865 1544 911 1593 est

71 1642 180 1698 eorpus
192 1627 317 1692 Christi,
328 1630 396 1697 ete,
404 1627 481 1698 quod
493 1628 586 1682 libera
597 1627 733 1682 facultate
744 1627 911 1698 intelligere

70 1731 235 1785 possumus
250 1714 360 1770 dietum
384 1717 504 1771 esseda
523 1733 640 1787 manna,
657 1718 703 1771 vel
727 1716 763 1771 de
791 1733 867 1787 pane
882 1706 911 1773 et

966 650 1014 720 lis,
1024 652 1149 705 animuin
1161 653 1250 706 simili
1262 655 1346 708 mode
1355 656 1527 726 purificans
1544 661 1618 712 teste
1630 659 1715 712 lneato
1727 673 1800 728 apo·
1861 687 1864 701 ·

969 740 1055 809 stolo,
1067 743 1116 812 qui
1128 742 1182 795 ait:
1196 741 1271 796 Fide
1279 743 1421 797 retundens
1432 746 1522 799 cerda
1534 762 1634 800 eorum
1643 748 1721 816 (Act.
1737 747 1797 815 xv).

969 828 1005 883 Et
1014 830 1120 884 iterum
1133 846 1139 884 ι
1152 829 1203 884 Sic
1217 838 1246 885 et
1256 848 1305 885 ros
1315 831 1657 906 salrostacitbaptisma,
1671 850 1727 888 non
1736 851 1801 888 rnr-

971 919 1802 990 nisdepositiosordium,sedconscientiacbonaeinterro

969 1008 1051 1080 patio
1060 1008 1091 1060 in
1100 1007 1191 1063 Deum
1201 1008 1227 1069 tl
1240 1009 1325 1063 Petr.
1338 1010 1391 1079 ιιι).
1402 1010 1528 1065 Proinde
1540 1012 1613 1066 satis
1625 1012 1799 1067 convenien-

969 1097 1014 1149 ter
1029 1097 1057 1148 et
1065 1110 1136 1149 sana
1147 1095 1203 1150 ilde
1218 1096 1384 1168 intelligere
1396 1113 1556 1166 possumus
1567 1098 1682 1153 dixisse
1693 1101 1798 1171 Augu-

969 1184 1089 1252 stinum,
1116 1184 1197 1239 Sient
1216 1190 1431 1240 sacramentum
1462 1189 1597 1257 eorporis
1620 1188 1741 1258 Christi,
1768 1188 1797 1242 id

968 1274 1023 1340 est,
1036 1273 1189 1327 sicutillud
1199 1275 1350 1344 preprium
1362 1274 1427 1328 Filii
1440 1275 1493 1329 Dei
1516 1292 1636 1346 eorpus,
1655 1277 1733 1346 quod
1753 1279 1800 1332 est

968 1366 1184 1415 sacramentum
1199 1363 1332 1432 corporis
1348 1362 1467 1432 Christi,
1494 1381 1560 1435 quaa
1581 1369 1628 1419 est
1652 1364 1797 1434 Ecclesia,

967 1449 1292 1520 secundumquemdnm
1303 1450 1419 1505 modum
1430 1452 1717 1522 eorpusChristiest,
1727 1453 1799 1508 illud

966 1537 1081 1592 seilicet
1095 1539 1182 1609 cujus
1197 1542 1243 1593 est
1258 1544 1484 1609 sacramentum,
1500 1541 1577 1611 qnod
1593 1545 1639 1595 est
1651 1530 1797 1596 Ecclesia.

965 1626 1797 1700 lpseenimspensus,ipseseeundumquemdammodum

964 1718 992 1769 et
1007 1731 1118 1785 sponsa
1128 1734 1134 1781 ;
1150 1717 1188 1769 ita
1203 1721 1421 1771 sacramentum
1439 1717 1517 1786 fidei,
1540 1719 1569 1772 id
1594 1720 1641 1772 est
1664 1720 1796 1773 exterior

71 1805 143 1859 vine
157 1804 550 1874 blelehisedechthn.x1v),
560 1805 605 1859 vel
618 1806 654 1860 do
665 1807 763 1876 aliquo
773 1809 906 1860 veterum
926 1803 1138 1896 Bbaptismus,
1151 1821 1203 1874 pro
1214 1821 1249 1859 eo
1260 1806 1337 1876 qued
1349 1805 1416 1860 fidei
1429 1807 1548 1876 signum
1565 1811 1619 1872 est,
1632 1807 1795 1861 seeundum

70 1893 738 1965 sacrificiorumquesacramentacorporiset
751 1895 908 1966 sanguinis
964 1893 1119 1964 quemdam
1130 1894 1247 1947 modum
1263 1893 1337 1947 sides
1354 1898 1409 1948 est.
1422 1893 1547 1948 Ostendit
1569 1895 1664 1949 adhue
1684 1896 1795 1950 Beren-

69 1982 182 2037 Christi
202 1982 330 2035 fuerunt.
354 1983 485 2037 Possunt
509 1985 587 2037 enim
613 1984 829 2055 quedammodo
854 2000 908 2055 per
963 1981 1078 2053 garium
1093 1985 1214 2036 sanetus
1232 1982 1346 2050 PetrnS,
1364 1983 1400 2036 do
1420 1983 1543 2036 Domino
1562 1983 1682 2038 dicens:
1707 1983 1796 2048 Quem

70 2071 350 2142 figurameorporis
375 2078 402 2125 et
430 2072 586 2142 sanguinis
614 2072 723 2127 Christi
754 2075 905 2145 appellari,
963 2070 1795 2142 oportetcoehimsuscipercusqueintemperarestitutio·

70 2159 151 2214 sieut
165 2162 245 2228 petra
258 2163 381 2212 vocetur
396 2159 543 2214 Christus
561 2159 596 2214 Et
609 2160 673 2215 ideo
690 2177 748 2215 non
768 2162 841 2215 satis
866 2166 908 2216 al·
963 2159 1287 2229 nisomninmtdctnu).
1300 2159 1433 2230 Siusque
1445 2160 1474 2214 in
1485 2161 1630 2230 finem,ait
1641 2161 1794 2232 Berenga-

68 2248 164 2303 tendit
174 2248 261 2302 homo
271 2248 341 2317 quid
356 2251 494 2319 opponat.
511 2248 585 2303 Nam
600 2252 628 2304 et
644 2249 671 2302 si
692 2266 728 2304 ex
746 2249 906 2304 abundanti
962 2247 1036 2316 rius,
1046 2248 1121 2301 coelo
1133 2248 1246 2317 suscipi
1257 2247 1352 2316 debet,
1372 2264 1520 2319 nunqnam
1539 2249 1575 2302 de
1588 2248 1662 2303 coelo
1678 2249 1747 2318 exit,
1766 2253 1795 2303 ut

69 2337 108 2392 de
119 2339 313 2392 sacramentis
324 2352 441 2407 quoque
451 2338 552 2391 altaris
564 2338 656 2392 nostri
668 2339 777 2392 dietum
786 2339 814 2393 id
830 2339 904 2393 veli·
963 2335 992 2388 in
1003 2336 1090 2389 terris
1099 2337 1254 2408 aliquande
1264 2336 1356 2392 teneri
1376 2338 1482 2407 pessit.
1502 2337 1572 2391 Nos
1597 2337 1793 2392 credebamus

68 2441 140 2479 mus
160 2425 305 2496 accipere,
332 2425 429 2480 fidelis
451 2430 478 2480 et
493 2425 588 2480 tacitis
609 2426 799 2498 intelligentia
816 2430 902 2496 patet.
964 2422 1113 2479 Christum
1123 2426 1152 2479 in
1162 2425 1236 2480 coelo
1247 2441 1373 2498 regnare
1383 2445 1390 2492 ;
1407 2427 1462 2481 iste
1475 2441 1544 2480 vero
1561 2427 1598 2479 ita
1614 2425 1794 2480 incarcerari

67 2512 144 2568 Cum
157 2513 234 2567 enim
249 2518 436 2567 sacramenta
451 2517 553 2568 nostra
569 2513 628 2567 sint
643 2515 828 2569 substantive
840 2531 903 2569 cor·
964 2515 995 2565 ut
1002 2513 1117 2566 etiamsi
1127 2512 1196 2567 velit
1206 2514 1399 2583 corporaliter
1407 2529 1502 2584 usque
1516 2513 1640 2568 induem
1666 2513 1793 2568 miseras

67 2617 127 2672 pus
139 2601 209 2655 illud
220 2602 297 2671 quod
310 2604 357 2656 est
371 2602 423 2655 filii
439 2601 491 2655 Dei
506 2603 668 2671 preprium,
681 2606 749 2656 sunt
760 2604 903 2674 quedam·
964 2602 1229 2671 nonpossitterras
1245 2603 1352 2656 visere.
1366 2601 1401 2657 Et
1416 2603 1602 2674 Augustinus
1623 2602 1651 2654 in
1662 2601 1738 2656 libro
1752 2602 1794 2656 De

67 2690 157 2744 modo
172 2706 225 2760 per
236 2690 359 2762 figuram
372 2691 469 2760 ipsum
485 2706 593 2760 eorpus
603 2690 723 2760 Christi,
744 2691 832 2763 eujus
852 2709 903 2746 sa·
963 2689 1080 2743 civitate
1092 2689 1145 2744 Dei
1160 2689 1228 2747 dicit
1243 2690 1305 2760 (lib.
1317 2707 1389 2757 xxii,
1403 2691 1453 2745 ult.
1469 2693 1545 2762 cap.)
1557 2706 1795 2761 ununiquemque

67 2781 218 2833 eramenta
231 2782 309 2847 sunt,
320 2778 404 2832 idest
415 2778 561 2834 Ecclesia.
572 2777 655 2843 Quod
674 2781 702 2834 in
719 2781 903 2851 expositione
962 2781 1133 2833 sanctorum
1144 2780 1180 2833 ad
1193 2783 1300 2834 tantam
1313 2780 1435 2851 gloriam
1445 2785 1665 2850 perventurum,
1678 2782 1709 2834 ut
1727 2779 1795 2834 ubi-

67 2883 161 2938 super
182 2868 324 2922 loannem
349 2868 502 2921 conllrmat
523 2869 709 2940 Augustinus
730 2868 778 2922 his
800 2871 902 2925 verbis
960 2884 1076 2939 cunque
1087 2869 1164 2922 volet
1176 2885 1249 2923 suus
1262 2870 1394 2940 spiritus,
1412 2869 1549 2924 continue
1566 2869 1603 2923 sit
1626 2873 1654 2923 et
1669 2885 1792 2938 cerpus.
1860 2873 1867 2888 '

66 2956 250 3027 (Tract,26):
266 2976 278 3004 a
289 2955 374 3009 llune
385 2957 482 3028 itaque
493 2957 592 3011 cibum
608 2962 636 3011 et
654 2961 753 3029 petum
773 2959 902 3013 sociata·
958 2957 994 3012 Et
1010 2958 1209 3028 Berengarius
1225 2960 1333 3012 asserit
1353 2958 1502 3014 Christum
1516 2959 1552 3013 ad
1569 2960 1677 3013 tantam
1698 2958 1794 3028 impe-

65 3052 126 3100 tem
136 3047 197 3100 vult
212 3045 334 3116 intelligi
345 3046 480 3115 corporis
499 3049 528 3100 et
546 3048 744 3103 membrorum
768 3064 900 3120 suerum,
959 3047 1078 3100 tentiam
1091 3046 1249 3100 (iuvenisse
1265 3047 1354 3117 utqui
1371 3047 1406 3101 de
1422 3050 1502 3100 terra
1514 3062 1600 3100 suum
1612 3061 1721 3115 eorpus
1734 3045 1792 3101 cle·

66 3135 150 3206 quod
160 3138 205 3190 est
223 3137 324 3189 sancta
336 3134 479 3190 Ecclesia.
493 3135 590 3207 Hujus
611 3135 653 3190 rei
673 3141 900 3207 sacramentum,
959 3136 1038 3190 vovit
1051 3137 1087 3189 ad
1104 3136 1220 3203 eoelum,
1237 3152 1295 3190 non
1311 3137 1407 3206 possit
1416 3136 1486 3189 illud
1498 3150 1592 3206 usque
1605 3136 1633 3188 in
1646 3135 1733 3189 linem
1744 3136 1791 3189 vel

64 3224 97 3278 id
118 3227 173 3291 est,
185 3224 303 3278 unitatis
315 3225 449 3294 corporis
458 3227 486 3280 et
501 3226 657 3296 sanguinis
668 3224 777 3280 Christi
795 3227 902 3282 alieubi
960 3226 995 3278 ad
1011 3225 1113 3279 heram
1136 3224 1259 3279 reddere
1276 3225 1373 3279 terris.
1390 3224 1413 3278 Ο
1434 3224 1554 3278 nimium
1572 3239 1650 3278 caeea
1666 3224 1791 3294 vanitas,

64 3312 209 3383 quotidie,
224 3312 332 3367 alicubi
348 3313 439 3367 certis
450 3312 613 3368 intervallis
624 3314 737 3369 dierum
752 3315 781 3368 in
800 3315 901 3369 Demi·
959 3317 987 3368 et
1003 3329 1077 3367 vana
1101 3314 1219 3368 caecitas
1233 3312 1320 3378 {Quis
1332 3314 1410 3368 enim
1420 3314 1589 3383 quotidiano
1602 3328 1657 3367 usu
1666 3312 1792 3383 loquens

65 3401 136 3455 nica
164 3417 266 3455 mensa
293 3405 478 3472 praeparatur
502 3405 530 3456 et
554 3402 589 3456 de
619 3402 770 3457 Dominica
799 3420 901 3459 mensa
933 3398 1793 3472 ⁸diceremetuatzTotmensibus,veltetannisineivi-
1882 3432 1891 3448 ‹

64 3490 221 3545 sumitur.»
231 3490 310 3543 Idem
322 3491 351 3544 in
362 3491 634 3560 quodamsermone
643 3492 678 3546 de
690 3495 899 3548 sacramentis:
957 3495 1015 3547 tate
1026 3492 1074 3546 illa
1090 3492 1196 3545 mansit
1213 3491 1272 3560 ille,
1289 3491 1402 3545 etiamsi
1419 3491 1547 3562 quotidie
1561 3491 1597 3544 ad
1615 3506 1689 3560 opus
1705 3506 1793 3544 suum

67 3578 149 3643 ..Qui
165 3595 275 3649 passus
294 3581 350 3647 est,
372 3579 474 3650 inquit,
497 3596 549 3649 pro
569 3581 665 3645 nobis
685 3581 901 3636 commendavit
958 3582 994 3637 de
1009 3580 1118 3635 ambitu
1134 3575 1218 3634 exeat
1233 3580 1386 3634 civitatis?
1409 3580 1440 3633 ln
1463 3579 1623 3655 Evangelio
1649 3579 1684 3634 de
1709 3579 1794 3632 Anna

64 3667 156 3721 nobis
168 3668 637 3740 inistosacramentesanguinem
648 3671 897 3740 suumetcorpus‚
959 3669 1101 3738 seriptum
1118 3672 1163 3723 est
1177 3670 1245 3740 quia
1257 3685 1314 3724 non
1326 3669 1498 3723 discedebat
1520 3668 1557 3722 de
1574 3668 1682 3737 temple
1707 3667 1791 3736 (Luc.

63 3755 146 3826 quod
161 3756 248 3809 etiam
263 3757 332 3810 lecit
347 3761 375 3810 et
389 3771 443 3810 nos
466 3758 558 3826 ipsos.
581 3757 655 3811 Nam
675 3760 703 3811 et
724 3774 778 3813 nos
803 3759 898 3828 ipsius
959 3773 1001 3826 u),
1016 3774 1082 3812 cum
1099 3762 1195 3812 tamen
1211 3759 1323 3837 saepius
1338 3758 1417 3811 illam
1432 3758 1595 3827 corporalis
1624 3757 1792 3811 necessitas

63 3860 176 3915 eorpus
189 3845 257 3899 tacti
274 3861 389 3915 sumus,
406 3851 435 3900 et
454 3861 509 3916 per
532 3846 766 3901 misericordiam
790 3848 896 3919 ipsius,
960 3847 1175 3912 avocaretQua
1186 3847 1491 3916 proptersiadterras
1502 3846 1652 3901 Christum
1663 3844 1793 3915 quetidie

62 3934 144 4006 quod
159 3934 331 4003 accipimus
344 3950 399 3989 nes
411 3950 543 3989 sumus.»
557 3935 633 3989 Eece
645 3937 790 4007 quomode
800 3937 898 3990 eibum
960 3936 1151 4007 corporaliter
1164 3935 1347 3990 descendere
1363 3936 1541 4003 diceremus,
1557 3935 1635 3989 beati
1649 3934 1728 3987 Petri
1742 3949 1792 4004 op·

61 4026 93 4078 et
109 4026 207 4092 potum
223 4023 323 4077 altaris
337 4024 409 4077 dixit
420 4040 489 4078 esse
501 4025 715 4095 quodammodo
728 4026 898 4080 societatem
959 4025 1053 4096 posita
1069 4024 1154 4080 nobis
1170 4024 1313 4079 sententia
1330 4039 1387 4078 nen
1403 4024 1533 4077 obesset.
1557 4022 1615 4076 Sed
1635 4023 1713 4077 absit
1735 4023 1792 4076 hoe

62 4112 209 4181 eorporis,
221 4112 299 4182 quod
309 4117 356 4167 est
365 4113 509 4167 Ecclesia.
520 4114 585 4167 Non
596 4114 674 4184 quod
688 4115 751 4184 ipse
769 4115 854 4170 cibus
870 4118 899 4170 et
960 4131 976 4168 a
990 4113 1224 4169 Christianorum
1239 4113 1393 4183 prudentia
1410 4154 1416 4180 ,
1433 4116 1464 4166 nt
1485 4111 1530 4165 sic
1551 4111 1684 4165 dicamus
1703 4109 1791 4164 Chri-

60 4204 152 4271 potus
167 4202 205 4254 sit
221 4202 283 4269 ipsa
300 4202 609 4271 societas,sedipsius
624 4205 775 4258 societatis
793 4220 896 4258 sacra·
960 4208 1038 4258 stum
1064 4204 1094 4256 in
1122 4202 1211 4256 terris
1240 4201 1419 4272 sacrificari,
1450 4201 1496 4254 vel
1533 4199 1722 4268 manducari,
1759 4204 1790 4252 ut

61 4294 204 4358 mentum,
215 4293 242 4344 ct
254 4290 308 4344 hoe
325 4291 402 4360 qnod
418 4292 897 4363 accipimus,dixitquodammodo
959 4292 1131 4346 necessario
1146 4291 1261 4346 interitu
1276 4291 1394 4345 deserat
1409 4290 1512 4343 eoelos.
1530 4289 1595 4358 lpse
1619 4302 1744 4359 namque
1760 4286 1791 4340 in

61 4394 214 4444 essenos,
231 4381 298 4448 quin
320 4381 414 4434 nostri
440 4382 485 4434 est
510 4384 736 4435 sacramentum.
763 4382 803 4435 lta
825 4398 897 4453 ergo
957 4381 1041 4435 coelis
1053 4384 1131 4435 totus
1141 4383 1196 4447 est,
1209 4380 1277 4434 dum
1289 4382 1379 4434 totum
1391 4394 1500 4448 corpus
1512 4377 1578 4448 ejus
1588 4392 1657 4431 vere
1669 4376 1792 4430 mandu-

61 4482 173 4536 corpus
188 4467 298 4522 Christi
314 4470 463 4539 proprium
479 4472 524 4522 est
535 4469 750 4540 quodammodo
761 4472 899 4542 perfigu·
956 4470 1075 4525 caturia
1085 4469 1184 4523 terris.
1196 4468 1278 4533 Quod
1294 4484 1351 4522 non
1372 4483 1440 4522 csse
1466 4466 1634 4521 habendum
1658 4464 1790 4520 incredi-

60 4571 126 4609 ram
142 4556 212 4609 illud
228 4572 337 4635 eorpus
357 4557 467 4611 Christi
490 4557 577 4629 eujus
603 4564 648 4611 est
668 4563 895 4630 sacramentum,
917 4537 1013 4613 Dhilc
1028 4575 1065 4613 ex
1080 4559 1187 4612 virtute
1202 4559 1309 4612 divinae
1324 4557 1471 4628 potentiae,
1498 4560 1526 4611 et
1548 4571 1586 4610 ex
1609 4555 1789 4625 supradictis

59 4644 142 4715 quod
157 4648 202 4699 est
215 4644 357 4700 Ecclesia.
375 4646 436 4700 Nec
452 4647 557 4700 mirum
578 4663 643 4701 cum
668 4648 731 4716 ipse
755 4649 897 4703 Dominus

59 4749 116 4803 per
125 4733 298 4803 prephatam
311 4735 403 4788 dieat:
416 4734 589 4790 Indumenta
591 4736 721 4806 justitiae
730 4736 896 4791 circumde-

60 4821 108 4876 dit
127 4839 183 4890 me,
197 4824 281 4895 quasi
295 4839 432 4893 sponsum
450 4824 620 4880 decoratum
636 4840 753 4893 corona,
770 4832 799 4880 et
814 4828 898 4897 quasi

59 4925 198 4982 sponsam
215 4917 346 4964 critalant
361 4912 521 4967 monilibus
535 4914 600 4966 suis
614 4913 684 4981 (Isa.
696 4915 767 4980 ixii.
780 4914 818 4969 Se
828 4915 898 4968 dicit

57 5001 295 5070 sponsumque
310 5001 373 5069 ipse
384 5000 520 5071 Sponsus
534 5004 588 5070 est,
609 5018 642 5055 se
657 5002 727 5055 dicit
742 5018 894 5074 sponsam,

56 5087 128 5159 quia
145 5087 208 5158 ipse
218 5092 263 5142 est
273 5090 486 5158 quodammode
503 5089 574 5144 illud
588 5106 696 5161 eorpus
708 5108 804 5159 suum,
817 5093 895 5163 qued

57 5181 106 5230 est
120 5176 265 5246 Ecclesia,
279 5177 366 5247 cujus
376 5179 440 5249 ipse
456 5182 738 5234 estsaernmentuui.
751 5179 833 5233 Hane
850 5181 895 5234 in-

57 5266 252 5336 telligentiam
267 5268 352 5320 nobis
364 5268 516 5337 aptissime
532 5269 692 5322 similitude
706 5271 806 5323 secuta
818 5285 895 5323 eem-

58 5355 188 5409 uicndat.
205 5356 287 5408 Sicut
303 5357 380 5409 enim
396 5357 521 5411 dicimus
538 5359 687 5427 proprium
702 5373 810 5427 cerpus
836 5359 896 5412 Oo-

58 5444 268 5510 mini,alterius
280 5445 326 5498 sui
338 5447 482 5515 eorporis
494 5447 571 5516 qued
584 5446 780 5513 cstldrelesia,
790 5463 892 5501 sacra-

56 5537 198 5601 mentum,
219 5533 263 5586 sic
279 5534 457 5604 baptismum
473 5535 632 5604 visibilem,
650 5536 771 5589 alterius
788 5537 894 5590 invisi-

56 5622 139 5688 bilis,
154 5623 268 5677 scilicet
281 5623 430 5695 baptismi,
443 5625 655 5696 cognoscimus
664 5627 892 5680 sacramentum.

955 4648 1109 4717 exemphs,
1125 4648 1330 4702 scilicetvecis
1342 4649 1370 4701 ct
1391 4647 1496 4700 animae
1513 4645 1587 4699 satis
1608 4644 1694 4699 facile
1708 4658 1790 4698 eom·

955 4737 1188 4807 probaripotest.
1204 4735 1276 4800 Quis
1289 4735 1460 4791 verorisum
1476 4739 1576 4789 tenere
1594 4735 1658 4804 jam
1684 4731 1789 4800 valeat,

956 4826 1079 4879 audiens
1090 4824 1304 4896 Berengarium
1320 4825 1384 4892 ipsa
1394 4822 1511 4877 Domini
1524 4823 1615 4877 verba
1630 4822 1667 4875 de
1683 4836 1786 4875 sacra-

955 4917 1063 4970 mentis
1077 4915 1317 4983 interpretantem
1332 4914 1346 4966 ἱ)
1372 4935 1382 4958 ι
1400 4912 1473 4981 Hoc,
1490 4911 1595 4982 inquit,
1612 4911 1787 4964 necessario

956 5004 1052 5074 panis,
1076 5006 1123 5058 est
1151 5018 1259 5073 cerpus
1289 5018 1394 5072 meum,
1417 5007 1444 5056 et
1459 5001 1507 5055 hie
1523 4999 1600 5054 calix
1615 4999 1789 5053 necessarie

957 5093 1084 5146 vinum.»
1108 5092 1399 5162 Oimpudentissimu
1420 5090 1552 5158 stultitia,
1563 5093 1591 5144 et
1600 5087 1722 5141 nimium
1732 5102 1785 5156 pa-

956 5186 1032 5250 tens,
1049 5197 1103 5236 nec
1113 5182 1183 5251 quid
1199 5181 1284 5248 dicat,
1296 5196 1348 5233 nec
1366 5178 1605 5249 guarsumtendat
1618 5174 1787 5246 aspiciens!
1833 5224 1836 5231 .

954 5273 1025 5336 Quae
1041 5273 1087 5325 est
1101 5270 1177 5324 euim
1194 5269 1241 5323 hie
1257 5269 1432 5334 necessitas,
1456 5271 1486 5321 ut
1510 5250 1706 5321 subaudiatur
1730 5269 1788 5319 tam

954 5359 1126 5415 necessario
1137 5358 1221 5429 panis
1233 5360 1260 5411 et
1269 5358 1379 5426 vinum,
1390 5373 1456 5411 eum
1469 5357 1565 5426 possit
1578 5358 1698 5408 econtra
1715 5370 1789 5407 con·

952 5449 1109 5521 gruedici:
1123 5448 1188 5510 hoe,
1202 5446 1345 5499 subaudis
1357 5462 1447 5514 corpu
1460 5479 1474 5512 η,
1488 5446 1497 5515 η’
1511 5465 1515 5495 ι
1564 5465 1577 5495 ;·,
1592 5470 1597 5494 ι
1612 5467 1619 5497 ι
1631 5445 1726 5518 panis,
1737 5444 1784 5496 est

952 5552 1168 5607 corpusmenm
1181 5539 1226 5602 ,et
1237 5534 1283 5587 hic
1293 5533 1496 5600 subaudietur,
1518 5533 1627 5602 potius,
1641 5531 1704 5602 ,jam
1725 5545 1783 5584 non

950 5621 1510 5696 vinum,estcalixsanguinismeitl'el
1532 5624 1609 5675 certe
1627 5621 1687 5675 ste:
1710 5617 1784 5684 Hee,
1803 5688 1813 5702 ι
