3900 6112
217 297 275 361 DE
293 295 430 363 RCBUS
453 297 600 361 GENTIS
616 297 834 362 NORMANN.
848 298 897 362 IN
909 297 1070 374 SlCILlA,
1086 298 1177 362 ETC.
1193 334 1231 349 -
1243 302 1322 367 LIB.
1338 305 1393 366 tv.
1586 299 1665 368 1070

87 510 138 553 am
153 497 248 568 spatio
263 502 330 567 post
346 512 541 568 composuere
555 499 660 553 minori
795 476 824 538 Α
837 498 972 568 Amplius
987 498 1078 569 hujus
1093 503 1155 554 erat
1168 500 1236 571 quia
1250 517 1344 573 gnara
1359 503 1498 559 Venetica
1511 504 1581 560 belli

87 585 108 639 tt
121 582 279 653 Amphion,
297 586 325 637 et
338 599 508 654 praecepere
523 586 623 639 vocari
836 585 915 640 Gens
931 587 990 640 ruit
1002 588 1140 641 audacter
1154 586 1240 658 (l08);
1250 588 1357 643 classis
1368 590 1452 647 ducis
1462 592 1662 662 expavefacta.

87 670 164 738 inm3
181 671 267 724 ducis
281 670 338 725 boc
352 671 551 726 circumdatur
562 673 727 728 obsidione.
836 672 881 727 Ad
896 678 1011 743 portum
1027 674 1150 745 fugitiva
1165 675 1239 730 redit
1252 677 1297 731 sic
1312 693 1411 748 pugna
1426 682 1567 736 remansit

88 774 105 812 ι·
119 757 256 813 obsessae
271 773 329 813 non
344 775 454 829 parvus
469 760 585 814 civibus
598 761 692 831 urbis,
835 761 893 814 Ter
907 761 1046 816 redeunte
1061 761 1118 829 die,
1136 778 1210 832 gens
1224 765 1314 818 multa
1330 765 1592 837 Veneticaportum

87 858 109 903 m
125 847 265 910 statuunt,
284 846 417 899 custodia
432 846 487 900 fida
504 863 556 917 per
572 847 676 903 urbem
834 848 960 918 Appetit,
973 853 1001 905 et
1017 864 1109 904 naves
1125 849 1247 905 Roberti
1262 854 1353 906 marte
1369 853 1490 908 lacessit

95 931 221 1002 imperio
237 932 342 987 tactam
353 933 438 988 ducis
454 934 639 989 odsidiouem
833 937 912 990 Gens
928 936 1063 990 comitata
1078 936 1257 993 ducemcum
1273 939 1442 995 Dalmaticis
1454 942 1593 1015 Ragasea

87 1024 118 1091 rt,
133 1023 162 1076 et
177 1035 262 1091 opem
278 1020 385 1091 legetis
401 1037 525 1091 poscere
540 1025 654 1076 curant.
833 1022 971 1078 Telorum
985 1024 1088 1078 densis
1103 1025 1265 1081 consternit
1275 1025 1406 1097 jactibus
1418 1045 1521 1101 aequor

87 1122 126 1163 ue
140 1108 236 1163 modis
252 1108 312 1163 dux
327 1108 427 1162 nititur
443 1111 579 1164 omnibus
595 1110 708 1181 urbem,
833 1111 899 1165 Non
914 1114 1011 1167 tamen
1025 1127 1041 1165 a
1055 1115 1141 1182 portu
1156 1114 1258 1183 procul
1273 1114 1380 1170 audent
1392 1117 1501 1175 ducere
1516 1134 1608 1178 naves

87 1196 159 1267 peris
175 1196 241 1250 miri
257 1197 416 1251 fabricatur
430 1198 527 1270 lignea
543 1198 645 1253 turris.
832 1197 1002 1254 Castrorum
1013 1198 1133 1254 dederat
1147 1203 1239 1256 tutum
1255 1202 1361 1257 vicinia
1372 1208 1498 1273 portum.

87 1298 141 1355 per
155 1286 201 1338 est
214 1286 322 1356 iugens
333 1288 430 1339 erecta
445 1285 571 1355 petraria
584 1302 707 1357 magnos
832 1285 966 1340 Funibus
981 1286 1085 1341 incisis
1101 1288 1242 1358 quasdam
1262 1288 1405 1345 violenter
1418 1292 1455 1346 ab
1469 1294 1536 1363 ipso

87 1387 117 1427 rs
128 1370 228 1442 jactus
241 1376 273 1427 ut
287 1373 394 1427 moenia
414 1374 509 1427 diruat
523 1374 617 1428 urbis.
832 1374 941 1428 Littore
955 1373 1108 1443 propulsat
1119 1375 1147 1428 vi
1157 1376 1242 1429 turba
1258 1376 1396 1431 venetica
1405 1377 1484 1434 ducit
1492 1399 1500 1447 ;

88 1460 170 1515 cives
190 1461 293 1529 augeri
309 1464 407 1514 eastra
420 1461 564 1528 videntes,
831 1462 897 1517 Non
913 1462 970 1516 boo
984 1464 1112 1516 terretur
1126 1462 1210 1517 ducis
1225 1463 1420 1533 imperterrita
1435 1481 1508 1522 casu

87 1548 186 1616 astari,
202 1549 321 1618 praedas
336 1549 477 1603 accedere
492 1564 627 1620 magnes,
832 1549 915 1604 Mens
931 1548 1009 1603 aliud
1023 1548 1178 1618 meditans,
1195 1552 1224 1603 et
1238 1549 1333 1605 adhuc
1346 1555 1460 1608 certare
1472 1560 1572 1625 parata

87 1649 137 1707 que
150 1636 253 1691 domos
267 1652 319 1705 pro
335 1636 459 1708 trigoris
474 1637 615 1692 aedificari
830 1638 935 1710 Majori
951 1641 1094 1707 statuens,
1112 1637 1243 1710 aliasque
1253 1639 1398 1696 adducere
1413 1657 1516 1714 naves,

98 1738 173 1778 vana
187 1739 251 1794 spe,
264 1740 330 1795 quae
346 1725 502 1795 deceperat
513 1725 580 1780 illos
830 1725 901 1791 Quae
916 1725 983 1795 plus
999 1725 1077 1780 serre
1088 1728 1204 1795 queant,
1219 1727 1247 1780 et
1261 1727 1328 1796 plus
1343 1727 1452 1784 inferre
1464 1731 1578 1790 laboris

88 1810 212 1881 redituS,
230 1827 346 1881 coepere
362 1828 465 1867 carere
480 1812 583 1868 coacti.
789 1828 815 1891 Β
830 1811 918 1866 Facta
933 1813 1030 1866 libens
1045 1811 1140 1866 turbae
1159 1812 1290 1866 victricis
1301 1813 1423 1868 alexius
1438 1816 1518 1873 audit

87 1914 149 1955 cem
165 1900 296 1966 credunt,
314 1903 341 1954 et
357 1915 414 1955 non
432 1901 594 1955 abscedere
609 1901 695 1970 velle,
831 1900 961 1955 Roberto
981 1898 1070 1968 soliti,
1085 1914 1160 1970 quos
1174 1899 1271 1952 insula
1285 1916 1410 1972 qumque
1426 1902 1554 1977 fovebat,

87 1986 218 2040 isubdat
232 1991 260 2041 et
270 1987 346 2041 hano
362 1986 435 2040 alius
451 1988 500 2058 qui
523 1988 653 2042 subdidit
672 1988 773 2043 urbes.
830 1988 921 2042 Ferre
936 1986 1054 2053 tributa,
1071 1987 1161 2040 maris
1176 2001 1268 2041 naves
1285 1988 1379 2059 magis
1395 2004 1464 2046 esse
1477 1995 1609 2053 valentes

87 2075 217 2143 mittunt,
234 2090 287 2128 cur
301 2076 414 2128 venerit
429 2077 494 2144 ipse
509 2077 672 2145 requirunt.
830 2076 904 2130 Dum
918 2074 1003 2129 ducis
1018 2074 1180 2145 accipiunt3
1196 2091 1280 2144 aequa
1295 2074 1408 2133 feritate
1422 2080 1550 2137 rebelles

87 2161 145 2217 isse
158 2163 247 2217 refert
262 2177 295 2217 se
310 2164 395 2234 regni
408 2163 478 2216 sede
490 2164 630 2233 repulsus
830 2163 1000 2234 Proponunt
1014 2162 1088 2216 lieri.
1105 2160 1185 2216 Laus
1198 2162 1272 2232 (109)
1284 2169 1424 2232 personat
1437 2166 1597 2238 imperialis

87 2250 241 2319 ›Michaeb
256 2255 287 2305 ut
302 2251 471 2305 restituatur
486 2249 601 2307 honori.
829 2251 945 2322 Imperii
959 2249 1059 2321 jussu,
1076 2264 1111 2303 ae
1126 2248 1196 2303 belli
1210 2248 1355 2318 praescius
1370 2251 1465 2308 hostis

88 2336 174 2393 ittunt
189 2339 274 2392 urbis
290 2354 365 2409 quos
381 2339 444 2408 ipsc
460 2340 578 2409 petebat
830 2339 965 2395 Cautelas
981 2335 1125 2391 adhibens
1139 2338 1263 2391 ventura
1277 2337 1496 2411 pericularitet,

89 2441 115 2494 s,
131 2441 281 2496 nunquam
295 2428 361 2480 viso
378 2425 520 2481 blichaele
539 2427 702 2498 negandos.
828 2427 977 2481 Montibus
991 2428 1020 2479 et
1034 2423 1113 2477 lluvii
1129 2424 1258 2477 munitur
1271 2425 1414 2480 transitus
1428 2427 1534 2484 omnis.

87 2528 132 2580 um
145 2516 243 2569 sonitu
261 2513 461 2568 circumdatus
475 2518 562 2584 atque
578 2515 712 2569 tubarum
827 2514 943 2569 irruere
958 2512 1074 2566 incauto
1090 2511 1135 2564 sic
1146 2513 1246 2580 sperat
1259 2511 1381 2567 alexius
1397 2513 1493 2585 hoste,

87 2601 125 2671 is,
142 2603 191 2672 qui
206 2618 238 2655 se
255 2602 426 2657 blicbaelem
441 2603 565 2657 finxerat
580 2617 659 2671 esse,
827 2601 1029 2670 Invictumque
1044 2599 1148 2653 ducem
1163 2598 1277 2652 assultu
1291 2614 1434 2670 superare
1449 2604 1549 2661 latenti

87 2692 196 2743 onatus
223 2690 377 2744 deducitur
392 2690 545 2759 imperiali,
826 2690 999 2744 Innumeras
1014 2684 1094 2740 ducit
1109 2685 1190 2738 varia
1205 2685 1240 2740 de
1255 2688 1343 2757 gente
1359 2692 1494 2746 catervas

87 2775 186 2830 allatus
197 2776 383 2831 cantantibus
398 2777 528 2848 undiquc
543 2777 649 2832 turbis.
825 2777 951 2830 Maxima
965 2774 1128 2829 barbaricae
1140 2788 1206 2828 cum
1221 2772 1335 2829 Gracia
1346 2776 1430 2845 copia
1440 2780 1544 2849 gentis

94 2864 177 2919 cives
193 2865 270 2919 huno
287 2867 317 2919 ut
331 2865 442 2934 videre,
454 2865 598 2920 cachinno
827 2865 911 2918 Hunc
926 2861 1121 2917 comitabatur
1127 2879 1136 2926 ;
1152 2863 1249 2915 tamen
1273 2861 1319 2916 ire
1341 2862 1470 2920 Basilius
1486 2869 1552 2925 ante

87 2951 195 3007 trident
210 2953 353 3007 dicentes.
373 2952 430 3007 lsle
446 2952 560 3007 solebat
824 2952 993 3008 Electorum
1008 2949 1138 3020 equitum
1155 2963 1256 3003 secum
1273 2949 1429 3004 duomillia
1445 2951 1558 3010 ducens

94 3040 208 3094 mensis
223 3040 327 3110 plenos
341 3041 456 3094 deterre
473 3040 574 3110 ltyaeo,
824 3040 985 3108 Castraque
1007 3036 1129 3091 Doberti
1145 3035 1229 3090 ducis
1245 3034 1399 3106 explorare
1411 3037 1547 3108 jubetur.

87 3129 191 3182 cernis
206 3130 269 3182 erat
282 3127 474 3182 interioribus
490 3143 578 3181 unus.
825 3125 1064 3197 Mesopotamites
1080 3126 1142 3177 erat
1157 3122 1216 3191 hic,
1231 3122 1359 3193 bellique
1375 3124 1493 3181 labores

87 3231 101 3269 u
119 3216 279 3270 Robertum
296 3203 434 3288 cognovit
450 3215 571 3270 Alexius
587 3215 677 3269 urbes
825 3215 971 3284 Expertus
987 3211 1086 3265 varios
1109 3209 1242 3280 sequitur
1257 3213 1403 3280 praecepta
1420 3211 1563 3283 jubentis.

87 3319 93 3356 t
108 3318 191 3371 suas,
207 3304 320 3357 veritus
336 3318 371 3356 ne
384 3302 490 3356 subdat
505 3305 534 3356 et
548 3301 662 3370 urbem,
823 3301 955 3372 Cumque
968 3298 1147 3354 Botrontinae
1159 3295 1310 3367 fieretjam
1323 3298 1476 3367 proximus
1491 3302 1566 3371 urbi,

92 3391 247 3463 Dyrrachii
262 3406 367 3461 magna
383 3406 450 3444 cum
464 3393 550 3462 gente
561 3389 674 3460 paravit
824 3390 937 3444 Rumor
952 3387 1035 3442 adest
1048 3385 1163 3456 equites
1172 3383 1257 3438 ducis
1271 3384 1347 3439 baud
1358 3387 1460 3457 procul
1470 3387 1653 3450 iraterentas

87 3495 105 3533 e
122 3478 188 3532 duci
197 3497 204 3543 ;
226 3479 313 3533 bellis
328 3477 483 3533 navalibus
499 3478 540 3531 illi
824 3476 890 3530 Non
901 3473 1044 3528 modicam
1061 3470 1202 3542 praedam,
1213 3470 1431 3542 cumparsjam
1445 3474 1534 3529 multa
1545 3475 1654 3536 fuisset

87 3568 121 3623 rit
131 3568 242 3623 sociam
258 3567 416 3639 pugnando
431 3567 572 3620 resistere
587 3567 715 3637 gentem.
784 3549 938 3632 CSaucia,
955 3562 1129 3629 Turcorum,
1145 3574 1221 3630 quos
1237 3557 1435 3629 damnatius,
1453 3563 1590 3634 sagittis:
1706 3566 1709 3572 “

87 3672 126 3710 na
140 3657 258 3727 quidem
271 3655 341 3710 belli
357 3655 469 3709 navalis
482 3657 510 3709 et
524 3656 618 3709 audax
823 3651 915 3705 Marte
930 3648 1006 3703 mori
1019 3646 1119 3717 potius
1133 3662 1220 3717 quam
1236 3644 1341 3700 cedere
1356 3646 1480 3715 turpiter
1495 3648 1587 3720 Argis

87 3744 190 3811 tbaec;
207 3744 285 3797 illam
301 3743 444 3812 populosa
460 3743 584 3797 Venetia
601 3743 680 3798 misit
823 3736 985 3793 Unanimes
1001 3735 1142 3799 statuunt,
1158 3737 1186 3787 et
1201 3735 1412 3787 convertuntur
1427 3734 1457 3787 in
1472 3733 1577 3792 hostes

87 3847 169 3899 poca,
182 3832 265 3886 [lives
279 3847 376 3900 opum,
389 3831 532 3902 (rivosque
547 3831 690 3901 virorum,
822 3824 914 3879 Gente
930 3822 1086 3890 coarctata,
1103 3835 1160 3890 quo
1175 3819 1359 3890 praevaluere
1373 3823 1486 3890 paratu.

87 3937 101 3974 s
117 3920 254 3974 adriacis
269 3919 415 3973 interlitas
434 3919 556 3974 ultimus
575 3918 663 3973 undis
822 3911 911 3967 Turci
923 3912 1071 3965 terrentur
1081 3907 1237 3961 conversis
1251 3905 1390 3961 hostibus
1406 3906 1474 3962 illos

93 4007 231 4077 Arcturo,
253 4009 323 4060 sunt
337 4006 428 4077 hujus
444 4008 551 4061 moenia
565 4008 663 4077 gentis
822 4003 939 4058 Acriter
954 3995 1055 4064 obniti,
1072 3993 1260 4065 graviterque
1276 3992 1366 4047 ferire
1380 3992 1516 4050 videntes

87 4099 141 4166 apta
157 4096 239 4164 mari,
260 4110 314 4149 nec
329 4096 365 4149 ab
382 4094 495 4150 aedibus
512 4095 636 4150 altered
653 4094 733 4150 aedes
821 4089 947 4164 Agmine
962 4088 1041 4140 stare
1055 4082 1157 4151 nequit
1172 4079 1303 4151 fugiente
1319 4078 1448 4133 Basilius
1463 4079 1569 4138 horum

87 4184 212 4239 transire
222 4186 320 4254 potest
334 4184 391 4238 nisi
407 4184 493 4237 lintre
513 4183 648 4238 vehatur.
821 4180 857 4235 Et
872 4176 986 4247 capitur
1000 4171 1119 4244 fugiens
1133 4185 1141 4237 3
1161 4166 1451 4221 aciesNormannica
1464 4172 1579 4239 captum

87 4274 162 4344 rquis
177 4272 317 4341 habitant,
335 4288 410 4343 gens
427 4271 504 4326 nulla
522 4271 716 4327 valentiniato
823 4265 1012 4323 Praesentare
1027 4260 1094 4315 duci
1109 4258 1264 4328 properat3
1278 4252 1427 4309 Robcrtus
1442 4255 1479 4308 ab
1495 4255 1544 4309 illo

87 4361 216 4429 sbellis,
232 4361 396 4431 ratiumque
411 4376 465 4430 per
480 4375 599 4431 aequora
613 4359 713 4414 ductu.
821 4354 924 4412 Omnia
939 4347 1082 4421 perquirit
1094 4344 1164 4416 quid
1178 4344 1268 4397 tentet
1280 4340 1402 4395 Alexius
1419 4340 1448 4394 in
1463 4356 1507 4410 se,

86 4449 212 4504 ›bsessis
223 4449 356 4502 bortatur
367 4447 488 4501 alexius
503 4448 572 4501 illos
822 4444 875 4498 Vel
890 4439 960 4513 quid
975 4435 1051 4491 inire
1066 4432 1144 4500 velit,
1161 4433 1286 4502 quantas
1301 4426 1337 4481 ad
1351 4427 1428 4482 bella
1443 4429 1582 4489 cohortes

102 4537 248 4606 conterre,
266 4552 337 4590 suas
354 4539 382 4590 et
396 4537 504 4590 ducere
519 4550 622 4589 naves.
822 4528 962 4586 bloverit‘l
975 4525 1141 4578 Adventum
1147 4520 1303 4589 postquam
1313 4515 1447 4572 duxesee
1455 4520 1652 4594 propinquam

87 4626 219 4682 reducis
235 4641 300 4678 cum
316 4624 452 4693 navibus,
470 4627 501 4677 ut
516 4623 664 4693 superatis
822 4617 966 4674 Hostilem
980 4611 1089 4678 didicit,
1107 4607 1226 4679 quantis
1241 4608 1269 4660 et
1279 4604 1401 4660 alexius
1411 4604 1492 4660 illum

100 4713 147 4768 his
164 4713 251 4779 bello,
272 4712 368 4766 facilis
379 4712 464 4766 labor
478 4714 560 4765 esset
575 4711 650 4766 inire
822 4707 943 4775 Impetat
958 4698 1143 4774 agminibus,
1158 4708 1299 4765 proceres
1315 4708 1391 4764 quos
1410 4694 1533 4750 duxerat
1548 4711 1652 4756 omnes

89 4801 208 4857 bellum.
226 4800 338 4870 l‘opulo
353 4801 438 4855 ducis
455 4803 610 4854 extenuato
822 4794 986 4860 Convocat;
1001 4787 1104 4842 accitis
1117 4800 1183 4856 quae
1198 4783 1320 4837 noverat
1336 4782 1431 4835 omnia
1445 4783 1546 4851 pandit

87 4892 193 4959 ¹tarent,
207 4890 291 4943 ducis
308 4891 414 4943 etcum
431 4889 557 4942 navibus
571 4888 612 4941 ire
823 4883 859 4937 Et
873 4880 942 4952 quid
959 4893 1034 4948 opus
1050 4875 1124 4929 iacto
1140 4872 1180 4926 sit
1194 4869 1331 4925 consulit.
1347 4866 1443 4923 Effera
1463 4886 1590 4940 quorum

87 4981 292 5047 npropcrnnt3
308 4977 369 5049 jam
386 4992 494 5047 vesper
508 4976 616 5030 adesse
629 4975 686 5029 diei
823 4970 908 5024 Mens
922 4969 995 5035 erat,
1006 4962 1111 5020 audaci
1123 4959 1268 5014 dimittere
1284 4960 1381 5053 costra
1395 4957 1574 5054 quibusdam
1680 5025 1685 5034 .

100 5069 261 5120 occurrunt
275 5081 366 5120 naves
382 5065 484 5135 nuris,
500 5070 528 5118 at
539 5064 607 5134 quia
617 5062 714 5118 noctis
782 5067 810 5129 Ι)
824 5057 953 5115 Consilio
969 5051 1087 5125 placuit,
1104 5045 1290 5103 venientibus
1306 5044 1504 5142 indubitanter

88 5154 256 5225 pinquabat,
277 5153 386 5208 bellum
403 5153 535 5208 differtur
548 5153 695 5222 utrinque.
824 5144 969 5201 Hostibus
985 5151 1158 5201 occurrens,
1176 5136 1207 5187 ut
1220 5133 1331 5185 terreat
1343 5133 1471 5200 impetus
1487 5132 1566 5190 illos.

87 5242 283 5314 progrediens
298 5257 403 5296 amora
419 5242 573 5313 fugaverat
587 5240 719 5309 umbras,
824 5235 900 5289 Esse
911 5231 1003 5286 roicrt
1018 5226 1124 5281 melius
1140 5223 1199 5276 dux
1213 5234 1269 5273 non
1285 5217 1449 5316 abscedere
1464 5223 1572 5320 castris

87 5348 110 5386 n
122 5331 250 5401 populus
265 5330 368 5384 navale
378 5334 498 5400 paratur
512 5331 647 5400 uterque.
823 5323 913 5393 Copia
928 5319 997 5374 dum
1012 5313 1150 5386 proprius
1165 5308 1324 5376 conspecta
1340 5308 1379 5360 stt
1392 5309 1565 5381 imperialis,

89 5576 241 5630 enatorum
256 5572 317 5628 dux
331 5576 395 5629 erat
405 5570 577 5627 Dominious
586 5567 715 5640 Sylvius.
729 5567 844 5621 Trnrm.

87 5647 206 5702 dictum.
222 5645 295 5699 Lern
