3900 6112
55 307 133 368 4437
216 305 272 366 DE
293 268 506 367 CORPORIS
528 304 580 367 ET
602 302 723 365 SANG.
749 299 902 365 DOMINl
925 299 1141 363 VERI'PATE
1164 300 1274 365 LIBRI
1297 272 1562 367 raes-'lile
1585 304 1610 364 Ι.
1695 303 1773 367 1438

55 505 156 559 minus
172 506 293 574 apparet
308 519 417 574 corpus
434 503 548 558 llomini
563 519 651 573 quam
674 503 703 556 in
719 502 803 556 coelis
818 515 887 556 esse
905 487 929 549 Α
944 503 1002 554 tam
1014 502 1185 556 necessario
1197 503 1495 574 sacramentoagitur,
1507 503 1657 558 discamus
1671 507 1774 562 visibi-

55 594 205 648 crcdatur.
223 594 281 648 Sed
298 594 355 648 hoc
367 596 479 647 tantum
499 591 612 664 [totum]
635 592 799 647 secuudum
821 604 888 643 sen-

56 697 131 748 sus,·
147 683 196 753 qui
212 683 326 737 sicutin
339 683 438 736 multis
454 682 544 735 rebus
556 681 622 734 aliis
637 696 729 750 saepe,
745 681 783 734 ita
795 679 823 732 in
833 678 888 732 hac

53 787 88 826 rc
114 787 232 842 semper
255 772 403 826 falluntur.
430 770 487 824 Sed
504 771 636 839 nunquid
658 770 684 823 si
703 769 760 823 hoc
783 782 887 837 capere

54 877 115 914 non
129 863 226 930 polest
250 861 354 914 oculus
370 860 479 926 carnis,
504 859 741 931 exstinguendus
761 858 826 911 ideo
843 859 887 910 esi

55 948 164 1003 oculus
189 949 320 1003 mentis?
344 948 416 1002 Cum
441 948 518 1003 enim
541 947 633 1001 Maria
658 946 830 1018 llagdalene
851 943 888 997 ad

55 1042 278 1092 monumentum
304 1038 420 1092 Domini
444 1037 584 1107 plorans,
612 1037 709 1105 ipsum
733 1035 888 1090 Dominum

55 1130 207 1194 cernerct;
224 1126 356 1197 nunquid
368 1141 425 1180 non
434 1126 499 1195 ipse
510 1141 614 1181 revera
625 1125 715 1179 lesus
735 1128 806 1191 erat,
820 1122 887 1192 quia

55 1214 106 1268 illa
119 1215 283 1269 secundum
293 1216 397 1270 oculos
406 1216 527 1283 decepta
541 1214 727 1269 hortulanum
744 1228 777 1267 se
788 1213 888 1266 videro

56 1304 198 1374 putabat?
212 1305 318 1373 (dcam,
335 1305 398 1373 xx.)
411 1305 468 1358 Aut
483 1305 623 1374 cumipse
639 1304 685 1358 die
701 1300 891 1357 resurreetio-

58 1394 107 1446 nis
132 1409 206 1462 suae,
227 1393 345 1448 duobus
362 1393 518 1463 discipulis
544 1392 763 1447 ambulantibus
791 1390 820 1443 in
845 1389 891 1443 via

56 1482 230 1551 Scripturas
239 1487 377 1553 tanquam
387 1482 566 1554 peregrinus
578 1485 747 1551 exponeret,
760 1478 892 1549 nunquid

57 1570 139 1624 aliud
164 1586 250 1642 quam
276 1571 340 1641 ipse
362 1576 443 1638 erat;
468 1571 535 1642 quia
558 1571 700 1640 scriptum
722 1572 790 1624 est:
810 1566 894 1621 Ocul'

59 1659 894 1730 eorumtcnebantur,ueeumaqnoscerenfftduc.xxiv.)

58 1751 119 1803 Aut
135 1765 199 1803 cum
216 1748 354 1818 discipuli
371 1750 400 1803 in
420 1749 494 1802 mari
512 1749 694 1816 laborantes,
717 1763 782 1802 eum
803 1761 895 1817 super

944 588 981 643 lia
996 591 1218 660 transcendere,
1239 593 1274 646 ad
1291 593 1451 646 invisibilia
1466 593 1618 663 festinare,
1635 599 1663 649 et
1674 601 1775 669 tenera

945 681 1054 734 certius
1078 680 1201 749 occulta,
1231 697 1298 752 quae
1322 698 1472 752 nunquam
1496 683 1641 736 mentiens
1663 686 1775 742 veritas
1868 752 1875 762 ³

947 767 1053 834 docuit,
1065 784 1152 839 quam
1162 786 1228 840 quae
1240 786 1337 824 coram
1348 770 1433 825 nobis
1445 770 1534 824 fallax
1549 772 1653 827 oculus
1664 775 1774 844 pandit.

947 856 1129 927 Quapropter
1138 859 1275 928 queniam
1287 859 1501 913 tibiostensum
1511 864 1555 913 cst
1565 860 1642 914 idem
1659 877 1729 917 esse
1747 865 1776 920 in

949 946 1100 1014 particulis
1111 948 1198 1002 unius
1209 947 1315 1002 hostiae
1332 947 1410 1017 quod
1422 952 1467 1002 est
1482 947 1510 1002 in
1525 949 1661 1019 pluribus
1674 953 1777 1008 missis

950 1049 1016 1103 quae
1032 1036 1119 1089 simul
1133 1036 1329 1105 celebrantur,
1339 1037 1375 1090 de
1389 1037 1496 1107 quibus
1509 1038 1581 1091 satis
1598 1039 1778 1095 declaratum

950 1138 1019 1177 esse
1033 1124 1144 1193 dixisti,
1161 1139 1215 1178 nec
1232 1125 1778 1184 secundumvisionemoculorumcar·

950 1213 1058 1266 nalium
1074 1212 1184 1267 debere
1199 1216 1226 1267 te
1239 1212 1374 1284 judicare
1390 1215 1571 1285 evangelicis
1591 1218 1734 1288 exemplis
1751 1222 1779 1274 et

950 1301 1063 1355 ratione
1089 1306 1283 1356 menstratum
1312 1308 1368 1357 est.
1387 1303 1489 1357 Utrum
1506 1305 1579 1357 salis
1604 1305 1700 1361 adhuc
1714 1307 1779 1360 dic-

950 1393 1010 1443 tum
1028 1389 1194 1458 arbitraris,
1211 1406 1335 1461 expone.

1287 1496 1444 1535 nocemus.

988 1569 1106 1623 Videris
1123 1569 1259 1641 equidem
1275 1570 1358 1638 mihi,
1375 1570 1477 1640 faleor,
1487 1572 1614 1626 sincerae
1624 1572 1692 1628 fidei
1702 1576 1782 1629 veri·

950 1660 1038 1712 talem
1055 1674 1185 1730 congrua
1201 1661 1341 1728 prosequi
1359 1660 1489 1715 ratione:
1506 1664 1783 1732 veruntamen,illud

951 1747 1028 1818 quod
1041 1763 1087 1801 me
1102 1748 1201 1817 aliquo
1216 1749 1303 1802 modo
1320 1748 1415 1802 adlruc
1432 1749 1516 1813 rodit,
1536 1766 1594 1804 noa
1606 1753 1783 1807 taceboSu-

60 1839 158 1893 undas
173 1841 328 1892 cernerent
343 1838 558 1907 ambulantem,
583 1839 650 1908 quis
666 1837 771 1890 audeat
795 1836 893 1889 dicere
912 1863 933 1921 Β
951 1836 1053 1904 perias
1083 1837 1191 1906 quippe
1208 1836 1308 1890 dixisti
1323 1837 1391 1907 quia
1407 1838 1550 1893 sacerdos
1567 1839 1684 1895 videtur
1698 1842 1784 1912 quasi

60 1944 120 1981 non
144 1929 241 1997 ipsum
257 1942 327 1981 vere
350 1927 455 1995 luisse,
479 1927 547 1998 quia
572 1927 629 1996 ipsi
650 1926 782 1995 deceptis
798 1923 894 1978 oculis

58 2017 236 2086 phantasma
251 2031 320 2070 esse
331 2017 528 2085 putaverunt?
544 2015 662 2084 (Mattlr.
682 2014 776 2082 xxiv.)
792 2013 850 2067 Sed
866 2016 894 2066 et

60 2106 280 2160 secuminnavi
291 2105 352 2174 jam
368 2106 496 2174 positum
514 2104 660 2172 videntes,
677 2107 706 2157 et
720 2102 894 2157 miraculum

62 2195 131 2265 ejus
143 2195 172 2247 in
188 2193 290 2248 sedato
305 2193 379 2247 mari
393 2193 584 2261 admirantes,
595 2194 672 2247 sieut
683 2207 721 2246 ex
732 2190 893 2263 Evangelio

60 2286 162 2355 potest
176 2283 296 2354 conjici,
310 2299 368 2336 non
384 2285 589 2354 cognoverunt
603 2297 670 2336 aum
686 2282 779 2335 donec
795 2280 895 2334 adter-

61 2390 126 2428 ram
150 2374 292 2428 venirent.
321 2372 370 2425 Sic
392 2373 469 2426 cnim
493 2373 704 2442 scriptumest
733 2389 739 2425 ε
768 2371 894 2442 Gaioque

62 2465 183 2535 epressi
199 2468 300 2517 essent
316 2463 353 2515 de
368 2463 448 2530 navi,
463 2462 600 2516 continuo
615 2466 816 2533 caprorerunt
831 2476 895 2514 eum

61 2553 170 2621 (Mare.
196 2555 246 2618 vi).
273 2551 387 2615 Quibus
411 2566 449 2605 ex
464 2551 566 2604 verbis
581 2554 677 2620 potest
699 2553 742 2618 (ut
756 2551 895 2618 diximus)
921 2562 923 2567 ⁴

62 2639 172 2709 conjici
189 2639 266 2709 quod
282 2639 311 2691 in
327 2639 404 2707 navi,
422 2639 561 2692 fortassis
582 2639 778 2706 obstupescat
800 2637 896 2692 adhuc

62 2729 175 2785 recenti
201 2728 353 2796 miraculo,
382 2728 471 2797 aliqui
495 2743 554 2781 non
584 2731 797 2798 cognoverunt.
822 2726 896 2791 Quid

63 2818 175 2891 igitur?
190 2817 322 2886 nunquid
333 2816 480 2885 putandus
495 2820 541 2870 est
558 2831 610 2869 eos
627 2815 801 2886 joculariter
815 2816 897 2870 delu-

63 2908 166 2962 sisse?
180 2903 280 2972 Absit!
294 2905 360 2974 lpse
370 2904 447 2958 enim
459 2905 568 2974 ubique
577 2904 654 2959 idem
664 2904 743 2974 erat;
754 2905 819 2974 ipse
830 2906 897 2960 nbi·

63 3009 123 3066 que
138 2993 250 3047 veritas
275 2994 353 3056 erat;
378 2994 441 3060 ipse
457 2991 566 3061 ubique
591 2992 733 3061 sapientia
753 2995 824 3046 erat.
840 2992 899 3047 Sed

63 3083 153 3138 nobis
169 3098 222 3151 per
238 3082 299 3135 haec
316 3081 470 3151 oportebat
483 3080 597 3135 ostendi
609 3081 757 3150 quoniam,
770 3082 898 3151 quandiu

64 3188 133 3227 cum
150 3171 244 3224 llaria
271 3171 367 3239 llenle,
385 3170 464 3223 velut
483 3169 518 3222 ad
542 3172 760 3223 monumentum
784 3170 899 3223 ltomini

64 3266 180 3316 stamus
194 3260 290 3329 (doen.
311 3259 372 3327 xx),
394 3259 597 3328 nosmetipsos
613 3259 814 3314 mortificando
829 3260 899 3328 (Co-

65 3351 138 3405 loss
155 3354 197 3416 nr)
221 3351 249 3402 et
279 3350 404 3401 mortem
426 3347 541 3401 Domini
557 3348 651 3402 donec
676 3348 773 3402 veniat
791 3363 902 3402 annun·

65 3438 166 3492 tiendo
183 3436 209 3506 (l
225 3436 293 3491 Cor.
309 3439 360 3503 xi),
379 3436 507 3506 quaudiu
524 3436 552 3488 in
568 3437 615 3490 via
629 3437 718 3506 positi
734 3436 902 3508 peregrina·

67 3541 165 3582 mura
182 3525 304 3578 Domino
321 3523 364 3591 (II
379 3524 446 3578 Cor.
464 3525 504 3593 v),
525 3524 654 3594 quandiu
674 3524 703 3577 in
720 3525 792 3578 mari
810 3524 902 3596 liujus

67 3614 174 3670 saeculi
203 3614 385 3683 laboramus,
415 3618 442 3665 ct
471 3615 577 3667 ventus
602 3612 688 3667 nobis
709 3614 902 3668 tentationum

67 3703 238 3758 contrarius
263 3707 319 3770 cst,
337 3702 466 3771 quandiu
488 3701 674 3755 ambulamus
693 3702 857 3772 perfidem,
875 3705 904 3757 et

67 3789 439 3861 nonperspeciemtlbid.)
454 3807 459 3843 :
473 3791 609 3860 quamvis
619 3791 769 3859 plorantes
787 3790 822 3844 ad
838 3807 903 3846 mo·

68 3879 905 3951 numentumsuumsemperDominusconsoletur,quam·

68 3968 904 4040 visinviapositissemperScripturasexponat,quamvis

70 4059 208 4114 turbatos
225 4059 253 4110 in
269 4059 342 4110 mari
357 4057 536 4127 tranquillet,
553 4059 689 4127 quamvis
705 4073 840 4126 praesens
856 4074 906 4113 uo·

71 4148 190 4203 biacum
200 4148 237 4200 sit
249 4162 369 4216 semper
379 4146 408 4200 in
417 4146 485 4199 navi
495 4150 606 4200 sanctae
616 4145 758 4201 Ecclesiae
771 4146 904 4219 usquead

70 4238 350 4292 consummationem
366 4235 467 4289 saeculi
476 4254 485 4299 ,·
500 4238 664 4290 nontamen
681 4235 824 4290 habemus
835 4251 902 4290 eum

72 4341 197 4380 cernere
212 4325 270 4379 nisi
296 4325 324 4378 in
346 4325 503 4395 peregrine
528 4325 637 4394 specie,
663 4325 788 4379 maxime
810 4325 904 4380 oculis

70 4414 190 4478 carnis;
203 4414 271 4467 licet
282 4429 339 4466 non
351 4412 428 4467 aliud
439 4428 526 4482 quam
538 4413 634 4483 ipsum
644 4413 806 4467 habeamus
818 4414 846 4467 in
858 4414 905 4468 liis

70 4502 280 4557 sacramentis.
307 4501 341 4555 Et
355 4503 469 4556 merito.
486 4502 560 4555 Nam
576 4502 644 4572 quia
669 4502 783 4557 fructus
808 4503 907 4557 morti·

70 4594 146 4646 ierac
161 4592 277 4645 arboris
292 4592 421 4661 antiquis
443 4590 612 4645 hominibus
632 4591 803 4660 spirituales
818 4607 904 4646 vera·

72 4695 186 4751 cesque
202 4680 304 4735 oculos
320 4679 477 4750 clauserat,
495 4679 629 4734 ceruales
645 4681 825 4751 fallacesque
841 4698 909 4752 ape-

72 4773 176 4824 ruerat
187 4786 195 4838 3
208 4768 323 4838 justum
338 4771 426 4822 estut
443 4768 560 4822 fructus
575 4769 702 4824 vivificae
715 4771 813 4825 crucis
823 4772 910 4825 novis

73 4858 248 4913 bominibus
261 4859 344 4927 ipsos
360 4859 461 4912 caruis
482 4859 585 4912 oculos
601 4858 726 4926 claudat,
744 4862 771 4913 ct
785 4875 910 4914 veraces

73 4947 183 5003 mentis
213 4946 327 5015 oculos,
361 4948 470 5017 quibus
498 4947 608 5001 veritas
637 4947 762 5016 videtur,
788 4949 909 5016 aperiat.

72 5037 326 5102 Quemadmodum
338 5037 428 5107 igitur
439 5036 592 5108 oegrotunli
609 5036 714 5106 palato,
727 5053 826 5090 amara
843 5053 910 5090 cen·

75 5125 156 5180 senti
169 5141 235 5195 quae
247 5141 320 5179 sano
332 5125 429 5178 dulcia
440 5129 518 5192 suut,
536 5140 621 5179 nemo
633 5140 726 5180 sanus
742 5125 848 5189 credit;
872 5125 911 5178 ita

72 5214 203 5268 intirmis
226 5214 395 5268 carnalibus
415 5214 510 5268 oculis
533 5218 634 5268 contra
662 5219 782 5268 sanatos
804 5214 911 5268 mentis

74 5303 193 5369 oeulos,
207 5303 242 5357 de
256 5304 320 5372 ipsa
329 5302 474 5356 medicina
486 5303 634 5356 interioris
646 5303 912 5375 luminisJ'udican-

74 5392 171 5460 tibus,
186 5407 271 5446 nemo
286 5392 343 5446 nisi
353 5393 478 5446 insanus
490 5392 645 5446 consentit.
663 5392 736 5446 Nam
749 5396 776 5446 et
788 5409 836 5447 ros
848 5392 912 5448 haec

76 5483 158 5535 tenta
169 5483 228 5547 est,
243 5484 273 5534 ut
294 5480 409 5534 infirmo
423 5481 491 5534 visu
506 5495 563 5534 non
578 5480 674 5535 valcat
689 5481 911 5553 comprehendi,

75 5573 107 5625 et
123 5568 210 5624 fidem
225 5574 357 5624 nostram
373 5569 413 5623 ila
434 5569 536 5624 utilius
556 5572 602 5623 est
623 5569 740 5624 interim
760 5570 913 5641 exerceri3

78 5661 112 5720 ut
118 5672 172 5733 per
182 5658 239 5716 hoc
250 5659 387 5717 videlicet
395 5658 474 5736 quod
488 5660 590 5716 contra
604 5658 810 5719 visumcaruis
820 5659 914 5720 inhoc

952 1923 1083 1978 dividere
1099 1924 1225 1978 bostiam
1241 1930 1362 1994 propter
1376 1927 1559 1996 mysterium,
1576 1929 1784 1998 quoditacele-

952 2012 1032 2066 brari
1048 2013 1507 2085 oportetSiergcvideremquod
1520 2016 1616 2070 hostia
1628 2021 1784 2093 postquam

952 2106 998 2156 est
1009 2107 1193 2170 consecrata,
1207 2101 1268 2172 jam
1285 2118 1343 2157 non
1359 2118 1450 2173 posse
1477 2104 1604 2174 amplius
1620 2107 1784 2175 dividi,nisi
1804 2136 1809 2145 =

953 2189 990 2243 oh
1006 2191 1138 2261 mysterii
1154 2191 1373 2262 gratiam,quod
1390 2192 1467 2246 sicut
1483 2193 1594 2263 dixisti,
1615 2194 1653 2248 ita
1670 2198 1786 2264 oportet

953 2279 1111 2334 celebrari:
1143 2295 1256 2333 omnem
1288 2296 1414 2349 prorsus
1442 2281 1651 2350 disputationis
1676 2284 1785 2339 seriem

954 2372 1133 2424 inconcussa
1150 2369 1270 2423 veritate
1286 2373 1375 2423 ratam
1393 2385 1462 2424 esse
1478 2371 1784 2443 conlllererSedquo·

955 2458 1031 2512 niam
1047 2458 1170 2529 quilibet
1185 2458 1295 2512 nullius
1311 2458 1547 2513 consideratione
1558 2461 1691 2530 mysterii
1699 2467 1786 2531 prout

956 2548 1027 2616 vult,
1045 2548 1102 2601 sibi
1118 2547 1558 2616 camdividerepossevidetur:
1575 2549 1671 2605 adhuc
1683 2551 1786 2607 nescio

957 2652 1031 2707 quas
1047 2637 1115 2689 binc
1131 2637 1268 2706 cogitatio
1284 2651 1348 2690 mea
1364 2637 1502 2690 tenebras
1515 2638 1651 2707 sustinet,
1668 2655 1743 2709 quas
1759 2644 1787 2695 et

959 2726 1106 2796 expellere
1127 2725 1226 2796 gestit,
1256 2729 1285 2779 ct
1317 2728 1414 2780 tamen
1446 2726 1538 2782 libere
1577 2728 1695 2782 omnino
1728 2744 1787 2784 non

958 2816 1046 2869 velet.

1280 2919 1465 2959 eurrxnunus

991 2993 1022 3047 Si
1049 2992 1135 3064 plene
1151 2992 1248 3047 animo
1263 3008 1353 3062 supra
1369 2994 1444 3047 dicta
1463 2994 1610 3062 revolvas,
1628 2995 1700 3049 nihil
1717 2994 1785 3050 hine

955 3082 1154 3149 tenebrarum,
1186 3084 1216 3135 ut
1240 3082 1365 3149 aestim0,
1391 3081 1443 3135 tibi
1459 3082 1592 3137 residere
1608 3097 1786 3155 cognosces.

956 3171 1031 3224 Nam
1048 3186 1157 3224 sensus
1165 3185 1299 3239 persaepe
1308 3170 1450 3238 follicum
1458 3172 1789 3242 veterumphilosopho·

957 3276 1022 3314 rum
1038 3259 1127 3313 multa
1142 3262 1315 3330 argumenta
1329 3264 1389 3313 tum
1405 3259 1574 3329 quotidiana
1587 3261 1789 3330 experimenta

957 3348 1130 3419 plenissime
1146 3347 1262 3402 docent.
1278 3346 1377 3418 AEque
1393 3348 1481 3415 enim,
1498 3349 1786 3418 ulaitBoetius,sen-

959 3453 1012 3491 sus
1027 3441 1055 3490 et
1070 3437 1100 3489 in
1114 3436 1251 3490 maximis
1266 3440 1294 3490 et
1311 3436 1439 3491 minimis
1456 3438 1685 3493 contunduntur.
1704 3438 1788 3494 Unde

960 3527 991 3580 lit
1005 3530 1045 3595 ut,
1078 3525 1125 3579 his
1140 3527 1169 3578 in
1185 3526 1295 3595 quibus
1310 3527 1540 3596 contunduntur,
1561 3543 1674 3583 merum
1690 3528 1790 3583 since-

960 3630 1084 3685 rumque
1098 3614 1242 3686 judicium
1259 3614 1368 3670 hahere
1383 3631 1439 3670 non
1457 3616 1582 3685 possint.
1590 3616 1794 3682 Demadiocri·

960 3704 1017 3758 bus
1033 3718 1151 3774 quoque
1167 3703 1258 3758 rebus
1274 3720 1331 3758 non
1346 3704 1431 3774 juxta
1446 3721 1544 3759 rerum
1562 3689 1723 3774 veritatem,
1738 3706 1794 3761 sed
1862 3751 1864 3753 >

960 3809 1014 3863 pro
1027 3791 1537 3862 ellectujudicantsentientisSano
1553 3810 1680 3865 namque
1696 3795 1792 3850 cuivis

961 3880 1165 3947 comedenti,si
1182 3880 1303 3933 multum
1323 3880 1445 3948 esuriat,
1464 3883 1550 3935 etiam
1574 3898 1672 3937 amara
1691 3883 1792 3938 dulcia

963 3970 1114 4037 videntur,
1130 3971 1242 4039 aegroto
1254 3971 1361 4036 autem,
1379 3973 1429 4023 aut
1442 3969 1565 4024 multum
1576 3976 1687 4041 saturo,
1703 3972 1790 4026 etiam

963 4057 1058 4112 dulcia
1074 4061 1143 4111 sunt
1158 4072 1265 4111 amara.
1292 4056 1362 4110 ltem
1382 4058 1407 4111 si
1424 4059 1491 4127 quis
1506 4059 1649 4113 deformis
1665 4059 1793 4130 alicqjus

963 4147 1054 4202 scorti
1064 4160 1163 4200 amore
1181 4145 1328 4214 depereat,
1341 4146 1504 4216 nonne,illa
1517 4145 1581 4200 talis
1594 4148 1686 4202 forma
1699 4147 1794 4202 oeulis

964 4236 1031 4307 ejus
1046 4251 1160 4289 summe
1175 4234 1346 4306 gratissima
1363 4237 1419 4302 est,
1437 4250 1503 4289 cum
1518 4237 1650 4290 omnium
1666 4235 1793 4306 peccin-

964 4325 1116 4393 tuentium,
1138 4338 1264 4394 quorum
1283 4339 1368 4378 mens
1390 4324 1491 4377 eadem
1508 4324 1628 4378 miseria
1650 4324 1796 4394 captivata

964 4415 1086 4482 nonest,
1097 4410 1600 4467 nonmediocritcrvisusoffendat?
1617 4412 1741 4466 Remum
1762 4411 1791 4465 in

964 4519 1050 4573 aqua,
1064 4503 1089 4555 si
1101 4503 1269 4572 interrogas
1281 4501 1527 4570 oculos,lractum
1542 4504 1693 4570 asserunt,
1710 4516 1798 4571 quem

966 4589 1800 4662 moxextractummansisseintegrumtestantibusoculis
1833 4655 1840 4664 ι

967 4682 1040 4737 ratio
1057 4678 1171 4751 probat.
1190 4679 1263 4745 Quid
1285 4679 1320 4734 de
1334 4678 1448 4750 judicio
1464 4680 1600 4734 aurium?
1615 4678 1801 4749 quandoqui-

968 4770 1089 4826 demilla
1098 4769 1200 4840 quaein
1212 4768 1334 4822 auribus
1342 4767 1435 4821 sobrii
1444 4767 1797 4837 absurdissimaresonat,

969 4854 1797 4927 lascivamquemlibetmimumcantilenamollisoblectat.

969 4946 1027 5001 Sed
1043 4946 1112 5016 quid
1131 4947 1159 4999 in
1175 4945 1222 4998 liis
1234 4945 1344 4998 diutius
1357 4944 1517 4997 immoror?
1531 4943 1603 5007 Quis
1613 4943 1690 4996 enim
1698 4943 1799 4998 mirari

968 5031 1803 5104 debeat,siscnsusexteriorfrequenterlallitur,cumin-

970 5125 1060 5178 terior
1074 5127 1160 5194 etque
1176 5122 1303 5176 omnium
1318 5120 1411 5192 judex
1431 5136 1575 5174 sensuum
1598 5119 1725 5188 animus,
1743 5120 1802 5175 nisi

967 5214 1044 5267 hunc
1055 5213 1106 5266 Dei
1119 5213 1317 5283 gratiaregat,
1335 5210 1420 5264 toties
1432 5212 1459 5263 et
1472 5212 1583 5262 tantum
1595 5209 1803 5279 periclitetur?

967 5303 1010 5357 Ex
1026 5316 1085 5373 quo
1097 5301 1127 5354 ln
1138 5303 1178 5369 ut,
1199 5303 1300 5353 contra
1311 5297 1513 5352 rationabilem
1528 5303 1640 5353 sanctae
1658 5297 1803 5354 Ecclesia

967 5393 1065 5458 sidem,
1082 5405 1136 5459 per
1151 5390 1207 5444 hoc
1222 5388 1299 5459 quod
1325 5387 1459 5441 infirmus
1472 5390 1501 5442 et
1525 5387 1623 5457 lippus
1647 5387 1752 5442 oculus
1769 5401 1803 5441 se

968 5482 1070 5536 videre
1085 5482 1176 5548 putat,
1193 5476 1360 5531 nullatcnus
1375 5477 1485 5532 debeas
1500 5476 1654 5548 impediri3
1671 5477 1802 5549 quaudo·

969 5569 1087 5641 quidem
1100 5580 1243 5638 eosquos
1254 5565 1462 5621 inobedientiae
1472 5566 1558 5627 cibus
1568 5567 1673 5622 oculos
1684 5577 1804 5636 aperue-

972 5661 1017 5717 rat
1030 5656 1118 5730 (Geu.
1134 5660 1188 5727 in),
1204 5670 1258 5729 per
1273 5653 1352 5713 hunc
1368 5653 1545 5712 obedientiae
1557 5654 1656 5713 cibum
1666 5652 1805 5729 oqortere
