3900 6112
116 244 157 310 83
557 242 695 306 GESTA
720 240 984 309 PONTIFICUM
1012 242 1393 309 OAMERAGENSIUM.
1797 246 1838 312 84

107 461 177 502 vum
184 460 281 518 genus
292 444 453 514 spectaculi
467 444 473 500 l
486 443 630 499 Continuo
647 441 895 516 namquejurmati
915 445 946 498 li·
960 427 989 488 Α
1003 444 1116 501 relictis
1127 446 1245 518 quidem
1264 446 1483 517 pontificalibus
1509 445 1689 502 ornamentis
1712 446 1835 519 aufuge·

105 551 173 591 men
184 534 382 589 sanctissimae
394 533 468 588 aedis
479 534 593 604 absque
606 534 780 588 reverentiae
797 534 882 588 modo
902 535 944 588 ir·
1003 539 1080 589 runt.

105 626 287 693 campeniae,
299 622 606 692 uliosinterfccerunt,
619 622 694 676 alios
711 623 855 677 truncatis
881 638 944 676 ma·
1036 625 1080 677 85.
1090 624 1158 695 (81.)
1168 625 1351 696 Engrmmus
1366 625 1569 681 substituitur.
1586 626 1657 682 Post
1672 624 1766 698 hujus
1782 640 1834 680 ex-

109 713 198 768 nibus
218 710 383 783 etpedibus
405 711 848 782 demembraruut3quibusdam
872 727 944 765 vero
999 728 1119 767 cessum
1131 713 1320 785 Engrannus,
1332 719 1399 769 ante
1409 713 1584 769 Corbiensis
1600 713 1716 770 cenobii
1740 714 1835 768 suncti

108 802 211 858 oculos
224 799 383 869 fodiebant,
394 800 571 870 quibusdam
584 799 697 854 frontes
720 801 798 854 ferro
824 799 944 854 ardente
999 802 1549 872 Petrimeuachus,obtentuBrunonis
1568 803 1674 874 prefati
1698 803 1837 874 archipa-

108 890 256 944 notabant.
267 888 378 943 Deinde
403 891 501 943 autem
524 890 643 944 lanceas
667 888 889 943 interfectorum
915 893 943 943 et
998 893 1063 959 tris,
1077 906 1210 962 cumque
1226 908 1279 962 pro
1296 891 1387 946 rebus
1404 892 1529 946 fratrum
1550 909 1625 963 quas
1652 896 1733 946 trans
1754 891 1837 946 Rhe·

108 979 233 1033 aliorum
248 982 358 1048 captae,
376 978 464 1032 sicuti
487 978 621 1031 furiosus
646 979 718 1046 erat,
745 980 884 1046 carpento
906 978 943 1032 ad
998 995 1068 1033 num
1078 980 1266 1050 procurabat,
1276 980 1408 1035 notitiam
1419 984 1447 1035 et
1459 980 1684 1035 familiaritatem
1696 980 1835 1048 habebat,

110 1068 258 1121 cumulum
269 1067 379 1137 imponi
391 1067 531 1136 precepit,
549 1069 577 1120 ct
592 1066 627 1120 ad
649 1065 855 1119 insinuandam
879 1082 942 1120 suae
998 1067 1033 1121 ad
1041 1068 1208 1137 episcopale
1220 1068 1327 1123 solium
1337 1072 1537 1139 promovetur.
1550 1069 1604 1122 Hic
1614 1072 1673 1122 tam
1683 1068 1838 1123 eecclesia-

109 1157 228 1212 ultionis
239 1156 467 1226 atquevictoriee
478 1171 614 1225 pompam
631 1155 667 1208 ad
687 1154 822 1225 predium
844 1171 941 1224 suum,
1000 1156 1180 1227 sticisquam
1191 1158 1387 1213 saecularibus
1403 1149 1572 1227 disciplinis
1588 1156 1774 1212 sufficienter
1797 1157 1840 1210 in·

108 1245 249 1299 invillam
264 1244 401 1298 videlicet
420 1245 467 1298 cui
483 1260 589 1299 nomen
600 1243 781 1297 Betendorth
794 1241 855 1312 ¹³⁰,
879 1245 943 1299 suis

109 1333 305 1389 familiaribus
317 1333 430 1386 mittere
443 1332 604 1386 festinavit.

1001 1248 1134 1301 structus
1143 1246 1216 1300 mira
1227 1263 1299 1318 erga
1311 1263 1434 1319 gregem
1444 1247 1567 1301 karitate
1583 1246 1728 1316 pollebat,
1742 1244 1837 1300 omni-

1000 1350 1057 1405 que
1069 1335 1294 1390 mansuetudine
1305 1335 1422 1406 plenae,
1439 1339 1518 1389 tanto
1545 1335 1655 1388 ambitu
1676 1333 1837 1405 religionis

145 1423 189 1477 81.
203 1423 271 1492 (88.)
282 1421 363 1486 Quod
373 1428 457 1476 nocte
466 1439 481 1475 a
490 1427 593 1476 sancto
604 1422 769 1493 Gangerieu
782 1437 945 1494 parnassus
1000 1424 1143 1493 episcopii
1154 1424 1325 1496 dignitatem
1336 1423 1484 1493 implebat,
1501 1423 1724 1493 utpropositum
1739 1437 1838 1476 mona-

110 1511 194 1566 obiit.
206 1510 269 1564 Nec
279 1509 369 1581 hujus
380 1510 529 1579 pontificis
542 1511 650 1565 fantiam
666 1511 771 1565 desino
793 1511 942 1582 demirari,
1001 1512 1136 1566 chinullo
1147 1513 1233 1567 modo
1244 1512 1388 1567 excedere
1397 1512 1556 1567 videretur.
1570 1511 1697 1579 Semper
1708 1525 1837 1581 namque

110 1599 160 1670 qui
171 1599 312 1670 templum
323 1599 489 1654 beatissimi
498 1599 651 1654 confessor
660 1600 684 1653 Is
697 1600 805 1653 uiolare
829 1616 887 1654 nou
909 1601 943 1653 ti·
1001 1601 1031 1654 in
1043 1600 1263 1655 aecclesiasticae
1275 1601 1397 1655 culturae
1409 1600 1505 1655 studio
1517 1599 1684 1669 insudabat,
1698 1614 1838 1671 gregem·

110 1688 192 1756 muit,
210 1703 297 1759 quem
312 1688 449 1742 valterus
474 1689 663 1758 castellanus
686 1690 742 1743 tiro
758 1689 943 1744 inhumanis·
1003 1688 1838 1760 quacommissumexemplovitaeiunocentismorumque

112 1778 217 1846 simus,
226 1778 256 1832 in
267 1777 356 1832 simili
367 1778 491 1849 negocio
503 1779 616 1832 nostris
628 1779 733 1832 diebus
745 1794 803 1832 aon
811 1778 943 1832 revereri
960 1767 988 1848 Β
1002 1778 1147 1833 benorum
1157 1779 1363 1834 informatione
1372 1778 1567 1833 doctrinabat.

112 1867 249 1921 nescivit.
262 1865 392 1930 Quadam
410 1882 536 1937 namque
560 1867 606 1921 die
631 1867 765 1922 alicunde
790 1883 856 1922 cum
879 1867 943 1922 suis
1038 1866 1082 1922 86.
1095 1869 1163 1938 (85.)
1174 1868 1222 1922 Ad
1230 1874 1405 1923 conventum
1414 1866 1584 1940 generalem
1606 1864 1705 1920 villum
1723 1864 1840 1920 Perru-

113 1955 247 2020 veniens,
259 1954 334 2010 duos
345 1955 463 2024 fratrea,
475 1956 618 2011 Aldonem
630 1956 767 2011 videlicet
782 1960 811 2010 et
824 1956 944 2010 Baldui-

1003 1974 1070 2011 aum
1079 1957 1258 2012 clamaturus
1261 1958 1410 2029 perrexit,
1421 1972 1530 2028 sueque
1537 1955 1656 2023 clerieo,
1665 1954 1730 2027 quia
1738 1970 1839 2009 secum

113 2060 183 2099 num
191 2045 249 2098 sibi
258 2043 481 2099 inimicissimos
490 2045 565 2099 ferte
576 2046 682 2100 obvies
692 2045 793 2100 habuit
800 2065 807 2112 ;
819 2061 946 2116 moxque
1000 2053 1170 2118 preceptum
1178 2062 1233 2100 non
1239 2046 1362 2117 pressit,
1370 2043 1537 2100 aecclesiam
1545 2043 1678 2099 abstulit.
1689 2043 1840 2097 Hicetiam

113 2133 227 2189 caballo
239 2133 286 2187 cui
297 2132 450 2188 insedebat
461 2134 626 2190 calcaribus
635 2135 720 2190 fosso
731 2151 783 2190 eos
800 2136 944 2202 involans,

1002 2135 1131 2205 propriis
1139 2135 1230 2189 rebus
1246 2135 1413 2189 aecclesiam
1429 2133 1567 2206 augebat,
1583 2136 1612 2186 et
1635 2133 1662 2186 si
1686 2148 1744 2203 qua
1766 2132 1839 2187 sub-

115 2224 259 2294 hastaque
269 2223 369 2277 dorsis
378 2238 453 2293 pene
479 2225 617 2296 contigua
637 2224 761 2296 jamjam
778 2225 946 2294 imminens,
1001 2225 1199 2294 traherentur,
1212 2224 1451 2295 publicojudicio
1461 2223 1628 2277 evindicare
1640 2224 1668 2276 et
1679 2221 1839 2275 restituero

111 2311 235 2384 januam
246 2316 370 2366 mortem
380 2312 528 2381 minitans,
546 2312 680 2383 adusque
695 2314 825 2368 radicem
841 2314 948 2368 montis

114 2402 263 2474 fugientes
275 2402 476 2472 persequitur,
490 2401 633 2457 distantes
649 2418 721 2457 sane
737 2420 753 2457 a
767 2403 948 2457 monasterio

115 2490 177 2545 fere
189 2506 294 2545 noveru
305 2490 458 2559 passibus.
472 2491 583 2545 Videas
594 2495 691 2546 autern
702 2507 755 2546 eos
767 2491 876 2564 effugio
886 2508 950 2546 san-

117 2580 950 2652 cussinitemplipropinquantessanctumquejconfesso-

117 2684 179 2722 rem
195 2667 303 2722 auxilio
319 2669 514 2739 geminantes,
531 2671 617 2740 sequi
633 2670 756 2724 ulterius
781 2670 950 2725 formidavit

116 2757 496 2826 tandemqueprorumpens
505 2759 595 2813 inhac
605 2774 690 2828 voce,
703 2760 741 2813 ait
755 2775 760 2814 :
774 2759 889 2813 Scitote
901 2775 952 2813 vos

1004 2313 1165 2384 satagebat.
1190 2312 1341 2382 Siquidem
1350 2328 1385 2367 eo
1395 2317 1525 2380 ternpore
1535 2311 1635 2365 Bruno
1647 2311 1705 2364 dux
1717 2311 1782 2364 sive
1794 2325 1842 2362 ar·

1004 2401 1214 2472 chiepiscopus
1241 2405 1418 2456 conventum
1442 2403 1614 2473 generalem
1640 2416 1707 2453 cum
1735 2399 1839 2454 multis

1004 2490 1188 2561 principibus
1198 2490 1464 2563 etepiscopisapud
1474 2488 1734 2562 quandamvillam,
1749 2487 1840 2559 cirjus

1005 2595 1112 2634 nomen
1123 2594 1180 2633 non
1191 2579 1330 2634 subvenit
1340 2579 1424 2649 (113),
1435 2580 1578 2634 habuisse
1593 2578 1710 2648 dicitur,
1727 2578 1757 2631 in
1779 2593 1840 2649 quo

1006 2668 1041 2722 de
1052 2683 1123 2737 pace
1134 2671 1162 2722 et
1173 2668 1316 2739 religione
1331 2670 1443 2723 sanctae
1460 2669 1512 2723 Dei
1527 2667 1673 2722 aecclesiae
1697 2669 1838 2736 statuque

1005 2758 1091 2828 regni
1106 2756 1264 2811 salubriter
1279 2760 1307 2811 et
1326 2759 1525 2827 competenter
1535 2760 1690 2811 tractatum
1706 2759 1763 2810 est.
1781 2755 1841 2809 Ubi

118 2846 499 2917 liudiemilriereptesbeati
507 2846 951 2921 Gangericisutfragietsiergo
1007 2846 1092 2900 etiam
1101 2846 1278 2917 Engrannus
1290 2846 1449 2916 episcopus
1464 2847 1507 2900 irc
1522 2845 1679 2917 disposuit,
1697 2843 1841 2898 clamatu-

118 2933 271 2989 virmultae
283 2934 471 2991 immanitatis
483 2937 520 2991 ob
530 2953 659 2993 amorem
670 2939 722 2992 Dei
738 2943 765 2993 el
792 2939 953 2993 veneratio·
1007 2950 1059 2989 rus
1070 2935 1206 2989 videlicet
1217 2935 1316 2989 villam
1327 2938 1437 2990 sanctae
1448 2935 1549 2989 Mariae
1568 2935 1729 2989 l’arronam
1753 2932 1841 3004 (174),

118 3039 184 3076 rrum
197 3024 241 3075 sui
253 3023 437 3078 confessoris
449 3026 576 3081 inimicis
594 3042 720 3096 parcens
745 3029 855 3083 habere
876 3029 950 3082 tele-
968 3012 995 3080 ὓ
1008 3040 1095 3095 quam
1107 3024 1329 3079 Hasbanienses
1340 3039 1423 3078 more
1432 3023 1598 3078 beneficiali
1607 3022 1758 3091 tenebant3
1774 3037 1842 3090 pre·

118 3114 241 3167 nuntiem
253 3114 363 3183 didicit,
375 3117 590 3187 quantomagis
606 3118 736 3186 pontifex
751 3119 797 3172 vel
822 3124 951 3173 contem·
1010 3113 1143 3184 cepitque
1155 3113 1276 3168 Widoni
1290 3129 1345 3168 suo
1357 3112 1542 3182 cancellario,
1566 3114 1598 3165 ut
1619 3112 1731 3165 kartam
1755 3109 1843 3181 ejus-

117 3204 245 3275 piatione
252 3204 553 3273 sacerdotalisefficii,
564 3221 621 3276 quo
638 3207 825 3279 fungebatur,
843 3209 951 3264 debue-
1009 3202 1074 3256 dem
1086 3202 1174 3271 villae,
1187 3202 1441 3273 quaminurchivo
1451 3201 1783 3270 aecclesiaereppeterat,
1797 3214 1844 3253 se·

118 3295 315 3348 ritfdttamen
323 3294 476 3363 quintanio
486 3295 592 3348 sceleri
601 3294 742 3366 effugium
750 3300 798 3351 aut
807 3297 952 3353 latebram
1006 3307 1074 3345 cum
1083 3296 1210 3362 gereret,
1223 3296 1253 3346 ut
1263 3291 1400 3361 perhanc
1411 3290 1541 3361 apertius
1552 3290 1721 3359 certiusque
1733 3289 1842 3342 clama-

119 3383 365 3453 velperaliquem
381 3383 560 3451 poenitentiae
576 3385 694 3440 modum
720 3402 778 3441 non
802 3389 950 3459 quaesivit,
1009 3380 1207 3434 revideretur.
1218 3380 1542 3448 Quocumperveniens
1554 3381 1581 3434 et
1596 3378 1632 3432 ad
1648 3377 1843 3433 evolvendam

120 3473 242 3542 dignum
254 3486 326 3524 sane
338 3471 534 3540 conpendium
550 3474 689 3544 supplicii
699 3490 758 3529 non
774 3476 862 3546 longo
886 3481 953 3546 post
1009 3468 1387 3538 declamationemparatus,
1400 3468 1513 3522 kartam
1528 3467 1678 3538 capellano
1694 3470 1815 3537 rogaret
1835 3480 1840 3517 :

120 3564 251 3629 tempore
266 3559 363 3613 solvit.
389 3559 541 3616 Coloniam
560 3577 686 3633 namque
710 3565 863 3634 profectus
887 3582 953 3620 eum
1008 3558 1146 3612 nimirum
1157 3557 1447 3627 accrilepreeaptum
1458 3555 1598 3611 oblivioni
1614 3554 1772 3609 tradidisse
1787 3553 1842 3607 ad·

120 3648 246 3719 quadam
255 3652 341 3703 necte
350 3650 381 3702 in
391 3649 499 3704 lectulo
509 3655 658 3720 pausaret,
670 3654 805 3724 apparuit
819 3655 845 3707 ei
863 3656 954 3709 semi·
1008 3649 1138 3713 vertens
1164 3645 1277 3717 ingenti
1304 3649 1424 3716 stupore
1446 3644 1577 3717 diriguit,
1604 3643 1778 3713 tandemque
1809 3657 1843 3697 se

120 3736 256 3809 vigilanti
263 3737 368 3793 beatus
379 3737 574 3810 Gangericus,
588 3741 695 3811 quippe
706 3741 791 3796 visus
817 3758 884 3797 eum
901 3761 954 3812 pro
1009 3735 1131 3790 oblitum
1143 3733 1408 3805 fuisserespendit.
1422 3733 1506 3788 Unde
1522 3733 1666 3788 confusus
1681 3732 1843 3802 episcopus
1866 3770 1889 3791 .,.,

121 3827 262 3882 admissis
274 3828 437 3898 increpare,
450 3827 632 3901 bacculoque
641 3846 728 3901 quem
739 3847 826 3887 manu
851 3838 953 3904 gesta·
1008 3823 1045 3878 ad
1057 3840 1110 3878 sua
1122 3823 1264 3878 remeavit
1275 3823 1408 3893 ;hecque
1416 3823 1603 3892 impatienter
1617 3821 1727 3887 ferens,
1745 3819 1843 3891 capel·

119 3916 180 3986 bat,
191 3917 380 3987 postmodum
389 3918 520 3989 graviter
531 3920 660 3988 pulsare.
677 3918 732 3984 Qui
754 3936 820 3975 mex
845 3938 953 3992 exper-
1009 3913 1335 3983 lanoaecclesiam,quae
1347 3911 1430 3966 estin
1445 3910 1513 3964 villa
1528 3909 1654 3965 Salliaco
1669 3909 1753 3979 (115),
1769 3908 1843 3963 abs·

121 4006 269 4078 gefactus,
282 4021 349 4060 uum
360 4008 444 4078 gravi
460 4006 580 4077 planctu
603 4008 756 4081 ingemuit,
780 4013 954 4082 vocatisque
1009 4003 1084 4058 tulit·

22 4133 28 4144 ,
122 4093 508 4152 cubiculariisvisionemin
521 4097 625 4152 ordine
636 4099 780 4169 pandens,
793 4116 895 4155 casum
906 4103 954 4156 sui
1046 4107 1383 4180 87‚(86,)Glausitdiem
1408 4107 1591 4178 liupr-annus
1615 4105 1778 4177 episeopus,
1807 4104 1844 4159 ab

121 4183 406 4256 perieuliissdissfll'il·
419 4184 462 4239 Ex
486 4202 543 4257 (1⁰⁸
566 4189 763 4257 P0t0u⁸8i0110
785 4189 953 4261 aliquandiu
1012 4194 1689 4267 HadulfoNuviemensiumepiscoposepultus.
1710 4193 1845 4264 Denique

121 4274 821 4350 elaborans-certarcsest-nonmultopost
846 4257 996 4336 interiitD
1012 4303 1172 4357 ver0,cum
1184 4285 1512 4341 monesteriumsansslae
1536 4284 1637 4338 Muriae
1661 4299 1727 4338 0⁰⁰¹
1752 4283 1844 4337 l⁰tius

121 4368 206 4441 (lli),
218 4369 249 4425 in
257 4369 381 4425 basilica
396 4371 514 4442 quidem
529 4374 625 4428 sancti
640 4371 785 4431 Gereonis
808 4378 953 4446 sepultus.
1011 4378 1101 4432 studii
1112 4376 1245 4431 accinctu
1253 4375 1289 4429 ad
1306 4372 1516 4428 occidentalem
1538 4373 1655 4445 plagam
1678 4371 1842 4442 ampliaret,

121 4458 953 4536 Capelianivero,hujus(172)videlicotecclcsiaeclerici,

122 4549 225 4605 nescio
247 4547 358 4619 quibus
383 4547 655 4606 insimulationibus
679 4555 789 4608 temere
809 4555 954 4624 suspecti,

1011 4466 1107 4536 culpis
1117 4465 1234 4536 quidem
1245 4464 1354 4518 civium
1365 4462 1565 4534 exigentibus
1579 4463 1670 4517 morte
1679 4464 1844 4530 preventus

1010 4555 1298 4626 opusimperfectum
1315 4552 1446 4623 reliquit;
1466 4552 1653 4622 triennioque
1675 4548 1844 4605 aecclesiam

774 4725 922 4792 vaura
944 4727 1189 4810 nannenus

167 4899 206 4943 ¹³⁰
243 4904 295 4958 ita.
312 4900 338 4957 1.
354 4901 381 4959 8.
399 4902 576 4960 Beteucerth
590 4904 692 4977 Coun,
710 4908 785 4979 quod
800 4908 880 4965 foret
895 4909 1094 4967 Betheneourt
1110 4912 1192 4966 inter
1204 4909 1393 4964 Gameracum
1410 4912 1439 4960 et
1452 4902 1759 4960 Cdteau-Gambresis.

920 5003 1059 5068 NOTAE.

157 5103 233 5178 (171)
248 5104 322 5160 Eum
337 5122 364 5161 a.
379 5107 433 5163 958
448 5109 543 5163 adhuc
559 5108 683 5181 vixisse,
702 5110 847 5166 discimus
871 5127 887 5166 e
912 5113 957 5166 di·
1009 5111 1121 5167 frustra
1137 5111 1274 5184 quaesivi.
1640 5174 1645 5185 Ι

122 5176 625 5262 plumataOttonisl,quodprirnus
646 5182 891 5254 protulitLeglay
921 5199 957 5237 ex
1046 5183 1152 5252 (171)(
1169 5199 1196 5237 a.
1212 5183 1306 5237 beatae
1320 5179 1424 5234 blariae
1439 5178 1674 5261 ¹Cameracensis.

123 5248 469 5318 archivoCameracensi,
481 5251 648 5306 Coloniaeld
659 5253 739 5306 lunii
749 5251 801 5307 958
813 5270 957 5309 concesso
1046 5254 1274 5325 (lldjllortasse
1290 5251 1512 5322 Compendrum,
1529 5265 1555 5303 a.
1580 5246 1650 5316 959,
1676 5244 1754 5299 conf.
1781 5244 1847 5299 Flo·

124 5320 959 5402 eeclesiaeCameraccnsi,ubivenerabilisepiscopusBe-
1010 5325 1111 5380 dcardi
1127 5324 1269 5379 Annales
1409 5393 1414 5403 ⁶
1830 5387 1835 5396 ,

125 5407 287 5517 rengqrrus
307 5395 956 5522 pripeqsecopqqscrquuEingrangqs'sidrq
1010 5395 1232 5521 ΙΑ(1[’ζ13)1)ι·()))ο
1256 5393 1377 5518 lliiqth,
1407 5396 1484 5447 inter
1509 5391 1596 5445 lions
1625 5392 1652 5442 et
1680 5386 1847 5442 Cherlarur.

123 5479 197 5518 vera
224 5479 338 5518 nennio
366 5479 546 5519 anumser
589 5482 607 5518 u
634 5481 776 5521 noserc.
866 5482 933 5519 rai
1036 5483 1053 5521 u
1097 5483 1163 5521 nav.
1197 5482 1268 5521 ..c.
1321 5503 1347 5518 ..

123 5535 330 5607 Berengerum
345 5534 459 5591 obiisse
487 5505 602 5606 oportet
623 5553 649 5593 a.
664 5537 717 5594 968
733 5539 779 5592 vel
809 5508 955 5606 sequentis
1046 5535 1120 5606 (175)
1137 5536 1236 5608 Saillp.

123 5604 209 5663 Diem
223 5609 320 5665 autem
335 5607 434 5666 obdua
447 5606 478 5665 in
492 5607 680 5680 Necrolegiis
690 5607 956 5665 cameracensibus
