3900 6112
106 322 168 391 ete

569 325 796 388 coenosae
817 321 1105 386 sraeuauusis
1130 321 1345 386 uonncuu
1397 290 1403 303 '

1768 322 1831 386 320

108 540 184 597 quos
201 526 287 581 etiarn
301 527 396 596 pudor
411 530 457 580 est
471 526 566 596 palam
580 526 695 579 audire.
712 524 760 579 Sic
776 539 828 577 rex
840 526 938 591 spreta
956 503 1741 592 Ahoespeetaeulum.ndcomprobanuamigitarrem
1751 520 1828 574 diri·

108 629 211 669 mensa
226 615 387 684 prosiliens
403 631 471 669 enm
495 615 559 668 suis
585 615 738 676 omnibus,
755 612 940 668 inconsultas

108 718 175 772 uos,
193 703 246 757 sed
262 718 320 757 non
336 703 476 757 delesses
493 705 610 774 reliquit
624 707 653 758 et
668 704 732 773 ipse
743 702 939 768 inconsultus,

110 791 254 845 habentes
270 791 426 845 nobiseum
442 793 520 846 illam
536 792 683 860 lldueiani,
701 808 757 862 qua
772 791 812 845 nil
827 794 942 860 poterat

109 895 179 934 esse
192 880 340 948 securius,
351 882 420 950 quid
438 885 506 936 tunc
517 882 599 935 tieret
615 881 644 934 ia
658 884 793 950 promptu
804 896 861 934 non
877 881 940 932 erat

109 968 267 1022 eonsilium
283 969 341 1022 nisi
356 985 466 1040 regem,
482 985 536 1038 pro
551 984 608 1039 quo
623 984 810 1036 vererumne,
823 969 849 1022 si
866 967 940 1021 sorte

107 1056 275 1126 prodesset,
289 1058 443 1112 abeuntem
466 1059 551 1128 sequi
577 1059 605 1111 in
631 1057 780 1126 palatium,
797 1073 855 1127 quo
871 1057 939 1111 dum

108 1144 215 1198 luisset
239 1150 421 1214 perventum,
438 1147 641 1215 praecedentes
666 1147 840 1200 cubicularii
860 1144 939 1198 indi-

107 1247 195 1304 gnam
212 1236 314 1288 sancto
332 1235 465 1288 iecerunt
480 1236 628 1304 repulsam
644 1236 679 1289 ad
696 1235 857 1288 introitum.

144 1319 217 1385 Quis
232 1337 304 1376 vero
315 1323 449 1391 planctus
465 1327 585 1391 repente
597 1327 762 1394 quantusve
773 1339 882 1377 maeror
890 1338 939 1377 ex·

67 1448 70 1453 -
109 1411 238 1464 creverit
249 1411 568 1480 nostrerumomnium,
577 1416 703 1482 quantus
712 1412 837 1481 denique
846 1412 872 1464 in
885 1426 940 1464 coe·

108 1499 167 1551 lum
179 1500 291 1554 elamor
303 1499 499 1569 popularium,
508 1500 670 1570 qualesque
679 1515 768 1554 voces
777 1501 852 1553 lianc
865 1499 939 1569 inju-

107 1587 217 1641 stitiam
227 1587 286 1641 Dco
298 1587 549 1657 proclamantium,
563 1589 630 1659 quis
643 1590 749 1642 ssiretus
766 1589 940 1659 eloquentiae

108 1691 174 1745 quae
185 1676 287 1747 lingua
302 1679 398 1744 petest
408 1675 796 1746 evolverelCumquointcr
811 1678 940 1732 heeenon

994 625 1039 663 naa
1054 611 1233 678 operationis
1250 610 1424 664 discalceari
1439 610 1579 681 invenem
1591 611 1736 678 lecerunt,
1753 613 1784 664 et
1799 610 1828 663 in

993 698 1059 752 loco
1073 700 1207 753 laesionis
1222 715 1275 769 pro
1288 700 1425 755 cicatrice
1438 699 1585 769 quoddam
1595 701 1717 771 signum
1734 700 1830 752 instar

994 787 1076 841 rubri
1092 788 1131 841 lili
1147 787 1226 842 tibiae
1247 789 1439 842 circumducti
1461 805 1518 842 non
1542 790 1607 842 sine
1631 787 1829 841 admiratione

996 881 1225 945 conspexerunt.
1235 877 1368 948 lleiergo
1378 877 1828 931 veritatemaddominnmsuum

996 980 1098 1035 regem
1112 966 1249 1018 continuo
1265 965 1442 1033 retulerunt,
1455 967 1612 1036 ipsumque
1624 979 1721 1034 usque
1731 964 1769 1017 ad
1781 979 1829 1018 re·

996 1055 1208 1125 giassorespro
1216 1057 1290 1108 teste
1301 1055 1495 1108 deduxerunt.
1510 1055 1569 1107 Sed
1575 1054 1829 1123 prepterimpres-

996 1141 1826 1209 sionemconcurrentium,nonestadmissnsinmedium.

1306 1232 1431 1286 CAPUT
1452 1232 1516 1285 xll.

1143 1319 1227 1374 Cerea
1244 1320 1351 1374 mulier
1367 1320 1477 1374 ibidem
1489 1319 1683 1374 illuminatur.

1034 1407 1829 1478 intereaclarescentilmsmeritisglorilleandieonios·

997 1496 1086 1560 soris,
1104 1497 1211 1549 lactum
1228 1500 1274 1550 est
1288 1498 1435 1567 quoddam
1450 1497 1529 1550 aliud
1545 1496 1679 1550 mirabile
1704 1497 1733 1549 in
1749 1511 1830 1564 ρη-

997 1584 1091 1637 sentia
1117 1585 1252 1639 videlieet
1267 1586 1394 1638 omnium
1412 1585 1461 1655 qui
1477 1586 1597 1638 aderant
1621 1587 1649 1638 in
1673 1585 1741 1654 ipso
1765 1585 1830 1638 loeo

997 1673 1831 1743 quocorpusjaeeliatvenerabiletloecamulierdeprexi-

107 1767 220 1833 pateret
235 1763 332 1818 allitus
342 1779 489 1834 quoquam
501 1764 624 1818 honeste
636 1766 796 1836 progredi?
807 1766 880 1820 Nam
889 1782 941 1819 un·
997 1777 1044 1815 ruo
1060 1760 1161 1815 Leodii
1170 1764 1319 1817 territorio
1329 1763 1599 1817 deductastalralad
1607 1763 1829 1817 venerationem

109 1851 197 1920 dique
213 1852 345 1905 clausum
362 1856 424 1906 erat
443 1852 606 1921 pomarium
632 1855 807 1908 confluentia
831 1856 941 1908 tumul·
961 1873 984 1929 pq
997 1866 1064 1903 eum
1075 1851 1120 1920 pia
1132 1852 1354 1920 supplicatione,
1370 1868 1434 1921 qna?
1450 1855 1566 1905 nartem
1582 1852 1753 1905 coriliuuam
1769 1866 1829 1903 eac-

107 1938 941 2014 tunntispopuli:monentibusipsiscui²ialib11S,quierga
998 1939 1094 1992 citatis
1111 1955 1145 1992 se
1159 1939 1323 1993 iucurrisse
1338 1941 1496 2008 deplorans
1510 1940 1571 2010 jam
1586 1941 1676 2010 longo
1697 1942 1831 2006 temporo

110 2032 244 2081 sanetum
253 2031 281 2081 et
292 2044 347 2082 nos
358 2029 486 2100 benigne
500 2045 533 2083 se
542 2029 941 2099 haliebantpiamiseraliono

110 2118 257 2186 commoti,
276 2118 399 2171 relatum
414 2122 459 2172 cst
475 2121 686 2187 corpussaneti
699 2119 735 2172 ad
750 2120 884 2175 eumdum
896 2120 940 2175 lo-

110 2220 176 2258 cum
192 2222 283 2275 super
299 2222 430 2261 mensam
447 2207 558 2278 regiam
582 2208 639 2261 sub
663 2212 785 2278 aspectu
812 2210 941 2263 omnium

109 2294 282 2349 miserabili.
299 2294 383 2360 Quod
398 2282 604 2350 aestimandum
620 2295 736 2352 ridetur
756 2315 814 2352 non
833 2300 942 2367 praeter

108 2382 288 2438 voluntatem
303 2383 399 2453 ipsius
416 2384 602 2439 contessoris
615 2386 740 2440 Domini.
753 2386 827 2443 Nam
844 2387 942 2440 statim

109 2473 141 2525 ut
155 2472 294 2525 materies
311 2471 360 2525 illa
376 2473 562 2527 insensibilis
583 2474 710 2545 quodam
736 2476 821 2529 modo
848 2476 944 2529 sensit

111 2559 203 2614 sancti
220 2558 367 2629 lipsanum
385 2561 470 2630 quasi
483 2578 541 2616 uon
558 2562 634 2616 serre
647 2564 813 2632 praevalens
825 2563 942 2633 pondus

109 2647 182 2702 illud
197 2647 338 2716 divinum,
356 2646 492 2703 facillime
514 2645 611 2703 instar
626 2667 780 2705 cereorum
797 2652 942 2705 dissoluta

111 2735 207 2789 estin
244 2735 351 2803 irusta,
369 2736 507 2791 videlieet
529 2737 735 2793 llrrnissimum
759 2740 850 2794 robur
872 2740 942 2794 illud

111 2823 302 2894 tripodarum,
316 2825 538 2896 demissumque
555 2826 590 2879 ad
602 2832 710 2881 terram
721 2827 884 2882 humillime
895 2828 943 2899 ja-

112 2912 171 2966 cuit
185 2913 282 2982 ipsum
299 2916 408 2988 pignus
418 2915 663 2970 sacratissimum.
677 2916 854 2986 lmplehatur
864 2916 943 2971 illico

110 3000 147 3056 de
162 3001 271 3056 vicinia
285 3005 313 3057 et
329 3005 387 3057 tota
402 3007 475 3059 urbe
491 3007 615 3075 utroque
631 3020 707 3060 sexu
721 3005 882 3074 amplitudo
897 3009 943 3060 to·

39 3129 43 3136 »
112 3090 172 3144 tius
186 3089 667 3162 illiuspomarii,mulliplicabatur
678 3093 819 3148 incoelum
833 3093 945 3147 elamor

114 3178 242 3233 dolentis
257 3180 355 3250 populi
372 3197 378 3235 :
399 3179 469 3250 Cur,
483 3181 563 3252 juste
580 3181 713 3251 Domine,
728 3181 870 3253 injustum
887 3181 944 3237 lroe

112 3250 188 3305 sinis
203 3249 233 3303 in
248 3254 328 3305 terra
343 3249 429 3305 lleri‘?

419 3357 638 3396 auuorarioass

147 3425 201 3479 Sic
215 3443 272 3480 rex
282 3434 383 3497 spreta
391 3444 492 3481 mensa
501 3429 673 3497 prosiliens.
684 3430 724 3484 Dc
736 3432 791 3485 lioc
804 3432 944 3486 Lamber-

111 3498 159 3550 tus
175 3496 467 3568 Sehasnaburgensis
485 3501 529 3552 sic
544 3501 690 3568 loquitur:
711 3524 722 3550 a
743 3502 805 3555 lloc
829 3504 941 3571 suppli·

114 3566 239 3620 cationis
256 3582 365 3637 genere
381 3569 458 3638 quod
473 3569 509 3622 ad
525 3570 696 3639 captandam
708 3572 943 3627 benevolentiam

30 3666 37 3678 ·
112 3643 312 3706 comparatum
329 3639 434 3704 luerat,
453 3656 505 3692 rex
521 3655 609 3693 versa
626 3641 690 3694 rice
707 3644 827 3696 nimium
844 3644 943 3698 ellera·

111 3711 171 3771 tus,
188 3708 322 3761 concitus
340 3725 382 3776 se,
402 3710 514 3763 relictis
529 3711 636 3780 epulis,
653 3712 682 3764 in
699 3713 837 3782 palatium
853 3715 945 3784 prori-

112 3777 183 3858 puit,
200 3781 229 3832 et
243 3794 301 3848 quo
318 3779 452 3858 exemplo
470 3781 499 3834 in
514 3782 649 3835 abbatem
664 3785 722 3836 tam
735 3784 856 3839 audacis
874 3786 943 3839 laeti

112 3853 294 3917 incentorem
308 3851 542 3906 animaduertere
558 3853 689 3916 deberet,
707 3854 813 3924 plenus
833 3857 943 3910 irarum

1065 2027 1183 2082 Dicitur
1198 2028 1329 2083 exclusis
1344 2026 1436 2083 lucem
1452 2030 1599 2082 meruisse
1615 2027 1764 2081 tenebris.

1035 2115 1106 2169 llaec
1121 2117 1270 2185 accipiens
1287 2133 1403 2171 crucem
1417 2133 1482 2186 quae
1500 2116 1540 2170 ibi
1552 2121 1622 2180 erat,
1636 2116 1758 2170 nomine
1774 2115 1832 2169 sibi

998 2204 1101 2272 dante,
1134 2207 1220 2274 caepit
1253 2205 1462 2261 venerabiliter
1500 2204 1692 2272 deosculari,
1722 2219 1759 2256 nc
1788 2203 1833 2256 sic

998 2295 1136 2348 omnibus
1148 2295 1310 2364 praedicare
1323 2295 1426 2348 laetam
1440 2295 1468 2347 in
1479 2309 1512 2349 se
1524 2293 1664 2348 virtutem
1673 2293 1833 2347 contesso-

998 2384 1041 2437 ris
1056 2382 1182 2438 Domini.

1300 2488 1530 2527 annornmoaee.

1034 2561 1153 2616 Interea
1169 2561 1404 2616 clarescentibus
1414 2561 1588 2615 meritisDe
1600 2561 1765 2613 sailrseeuta
1776 2559 1834 2612 liae

1001 2632 1207 2686 miraculorum
1224 2633 1408 2687 multitudine
1420 2634 1507 2687 tidem
1522 2633 1590 2685 fucit
1605 2635 1633 2685 ct
1649 2631 1833 2685 lambertus

1000 2701 1307 2773 Selialnaburgensis3
1324 2704 1368 2757 sic
1384 2704 1461 2757 enim
1478 2703 1536 2757 ille.
1550 2725 1560 2748 u
1570 2701 1610 2756 lta
1622 2701 1767 2770 deinceps
1779 2715 1835 2770 per

999 2776 1087 2826 totam
1112 2779 1227 2827 noctem
1250 2777 1482 2845 sequentemque
1511 2773 1588 2827 diem
1611 2775 1690 2826 tanta
1716 2773 1833 2825 circum

1001 2848 1133 2897 sanctum
1141 2846 1432 2914 eorpuseeruseabat
1443 2844 1652 2898 miraculorum
1661 2842 1833 2909 multitudo,

1000 2918 1031 2968 ut
1046 2916 1192 2984 corporali
1212 2916 1426 2985 quodammodo
1441 2915 1670 2986 proclamatione
1681 2913 1836 2967 rideretur

1000 2985 1032 3039 ll.
1052 2986 1209 3040 liemaclus
1222 2986 1274 3056 jus
1291 3003 1377 3040 suum
1393 2985 1593 3056 expostulare.
1614 3009 1623 3033 n

1306 3074 1431 3141 CAPUT
1452 3074 1528 3128 xlll.

1000 3163 1111 3232 llcqcm
1130 3165 1335 3234 perturbatum
1359 3164 1512 3234 opiscopus
1535 3162 1691 3232 olp'urqat,·
1718 3160 1839 3215 referri

959 3224 985 3286 C
1037 3234 1580 3303 corpesadsanctuariurni1nperat‚ct
1596 3232 1715 3285 tandem
1732 3233 1838 3286 missis

1036 3303 1228 3359 culrieulariis
1244 3306 1275 3359 id
1290 3305 1345 3358 iuit
1354 3305 1479 3373 frustra,
1489 3305 1623 3375 quoniam
1634 3303 1714 3357 relat
1729 3318 1837 3356 sarum

1035 3375 1185 3430 immobile
1197 3377 1353 3446 perdurat.

1035 3467 1107 3518 tlum
1125 3465 1180 3518 hoe
1196 3467 1351 3535 utrumque
1368 3465 1476 3518 factum
1497 3464 1614 3518 celebre
1629 3462 1837 3533 divulgaretur

1001 3553 1028 3606 in
1045 3552 1162 3621 palatio,
1178 3557 1206 3607 et
1221 3568 1282 3621 rex,
1300 3555 1330 3606 in
1345 3568 1377 3607 re
1392 3553 1501 3623 aliquid
1517 3552 1606 3605 divini
1618 3552 1720 3620 operis
1732 3553 1834 3606 inesse

1000 3641 1180 3712 intelligens,
1197 3657 1256 3694 non
1273 3643 1383 3695 frustra
1401 3642 1514 3695 limeret
1529 3656 1565 3694 ne
1580 3641 1636 3693 sibi
1653 3645 1776 3709 repenle
1787 3640 1833 3692 di·

1002 3730 1068 3782 vina
1083 3731 1287 3798 superveniret
1304 3729 1384 3783 ultio.
1402 3730 1467 3783 Non
1483 3731 1558 3783 bene
1573 3728 1832 3798 (inquitadarelii

1001 3817 1183 3887 episcopum)
1195 3819 1280 3873 nobis
1297 3819 1481 3873 consulimus
1496 3819 1525 3872 in
1541 3819 1597 3872 hoc
1613 3818 1708 3871 nostri
1724 3833 1759 3871 ue
1775 3819 1831 3871 rei·

1001 3907 1126 3976 publicae
1144 3908 1273 3978 negotio.
1290 3908 1429 3962 Potestne
1439 3908 1528 3962 nobis
1538 3907 1665 3962 haaclux
1676 3909 1773 3978 grate,
1785 3912 1835 3961 ant

112 3933 148 3973 eo
172 3919 270 3974 itabat.

150 3934 171 3990 g
429 4009 555 4065 CAPUT
575 4012 624 4066 xp
1001 3995 1586 4066 caelijucunduseseespiritus,quandiu
1598 3996 1835 4066 tantaiuproela·

133 4095 216 4150 Tibia
229 4096 385 4152 Gonteruli
406 4107 585 4170 oppressuri
602 4105 730 4156 contrita
747 4103 929 4158 resolidatur
1000 4086 1168 4151 ῐῃθῑῑῡΰθῐῃ»
1184 4088 1292 4139 lsssslflffl
1308 4100 1399 4153 super
1412 4085 1531 4139 11⁰ffli¹¹⁰
1554 4091 1656 4139 1¹0Sll'0
1680 4085 1833 4139 infamiam

219 4172 249 4221 et
278 4184 367 4240 usque
383 4170 421 4223 ad
440 4170 524 4225 iores
537 4173 641 4244 reples
649 4174 834 4243 producitur.
1001 4177 1118 4243 tamque
1133 4173 1327 4241 importunam
1344 4174 1560 4229 insecutionem
1575 4174 1836 4229 sustinuerimus?

149 4254 181 4310 ln
194 4255 263 4326 ejus
277 4256 385 4329 itaque,
403 4275 489 4329 quam
505 4260 646 4325 diximus,
657 4263 945 4335 lqumiliatione,qui-
1002 4261 1079 4315 Num
1094 4262 1178 4316 vides
1194 4276 1245 4315 era
1261 4261 1390 4315 omnium
1403 4262 1648 4317 innosconrersn
1661 4278 1720 4315 non
1736 4263 1834 4316 solum

113 4345 178 4398 dam
195 4360 232 4399 ex
252 4347 364 4400 nostris
388 4349 590 4402 servientibus
614 4351 710 4419 ipsias
737 4351 854 4406 lemiliae
875 4352 944 4405 dum
1000 4348 1201 4419 popularium,
1218 4351 1424 4404 verumetiam
1439 4351 1529 4404 totius
1548 4352 1632 4421 regni
1649 4351 1706 4405 mei
1720 4351 1834 4421 princi-

113 4447 223 4487 mensae
239 4433 356 4488 inrisus
372 4435 476 4504 pedem
492 4438 650 4506 supposuit
666 4439 791 4506 incaute,
809 4455 845 4492 ex
861 4439 945 4493 ruina
1001 4453 1081 4507 pum,
1093 4437 1172 4508 jure,
1188 4441 1218 4491 ut
1235 4452 1311 4505 reor,
1329 4455 1390 4499 non,
1401 4438 1514 4510 injuste
1529 4454 1610 4494 reum
1623 4440 1724 4509 operis
1739 4439 1833 4509 liujus

112 4520 345 4576 molisirruentis
357 4522 481 4578 linctum
496 4540 567 4578 erus
589 4526 625 4580 ad
636 4542 669 4580 se
680 4543 739 4580 nen
749 4528 944 4596 potuitretra·
1001 4526 1224 4580 incusantium?
1239 4525 1315 4580 Vere
1330 4527 1424 4582 fateor
1443 4529 1545 4598 egisse
1569 4542 1616 4581 me
1641 4543 1771 4599 unquam
1794 4528 1833 4582 nil

112 4608 868 4684 bere,juvnntibusverosociisseorsumextractus,
877 4575 984 4671 sub-⁰
1001 4615 1189 4684 insipientius
1199 4631 1286 4685 quam
1295 4617 1398 4686 quode
1409 4619 1437 4670 te
1448 4616 1523 4670 male
1532 4616 1835 4687 consultueinjuriam

112 4698 208 4753 tritam
223 4698 390 4768 pelliculam
402 4715 551 4770 perquam
562 4717 615 4773 pes
626 4702 772 4772 pendebat
780 4705 944 4773 praecidere
1001 4707 1103 4758 sancto
1119 4704 1188 4758 huie
1204 4705 1317 4758 iaciens
1332 4705 1409 4776 quod
1426 4719 1512 4759 suum
1522 4709 1584 4759 eret
1592 4704 1652 4757 tuis
1668 4706 1834 4760 contradidi

113 4786 231 4841 volebat
246 4787 347 4842 delore
363 4789 543 4844 constrictus
570 4789 820 4846 Gonterulaserat
835 4809 944 4848 nornen

113 4876 236 4944 servuli,
253 4877 304 4947 qni
313 4882 465 4947 premente
475 4879 613 4950 namatio
625 4883 735 4934 temere
745 4879 945 4952 aiebat,quasi

114 4962 283 5034 derogando
300 4971 403 5021 saneto
419 4966 605 5022 confessori:
624 4967 763 5023 Haeccine
778 4973 824 5024 est
847 4970 944 5024 virtus

112 5052 173 5120 tua,
192 5051 229 5104 mi
246 5053 373 5125 domine,
390 5058 420 5108 ni
436 5056 515 5127 quod
531 5056 659 5132 inimicis
676 5057 734 5113 tuis
750 5058 944 5128 promerenti·

113 5138 171 5193 bus
187 5139 261 5194 luite
274 5139 433 5198 differebas
447 5143 556 5212 lacere,
573 5145 645 5200 mihi
661 5151 711 5201 tuo
727 5145 804 5200 fideli
821 5147 874 5201 tibi
889 5147 944 5202 ab·

115 5227 252 5298 sequenti
267 5229 396 5284 mutuisti
411 5233 605 5305 contingere?
616 5234 751 5289 Necdum
760 5235 851 5288 verba
863 5235 945 5289 linie-

113 5317 168 5385 rat,
185 5330 253 5369 cum
267 5316 365 5370 subita
382 5318 457 5373 laeta
472 5323 588 5377 ossium
603 5323 768 5392 collisione,
785 5339 821 5377 ex
837 5322 946 5378 divinas

113 5403 232 5458 virtutis
248 5406 462 5477 cooperatione,
479 5410 659 5465 resolidatur
674 5410 767 5465 sraela
793 5410 864 5466 tibia
881 5428 946 5466 sur·

115 5494 435 5565 gensqueennusstetit
445 5497 578 5569 utrisque
590 5499 727 5569 pedibus,
738 5498 818 5555 velut
830 5500 944 5554 insom-

114 5582 946 5661 nie,exacteangirstia.Cucurreruntundiqueplurimiad

114 5670 943 5746 hoemiraculum,multietiamexpelatioconveneruntad

1001 4792 1147 4846 menibus.
1163 4793 1196 4846 ln
1212 4808 1258 4847 me
1273 4793 1321 4861 sit,
1339 4794 1378 4847 ait
1392 4793 1455 4862 illc,
1473 4793 1529 4847 hoe
1544 4797 1709 4861 peecatum,
1723 4798 1752 4849 et
1768 4795 1833 4849 bace

1000 4881 1182 4950 imprecatio,
1198 4881 1270 4935 mihi
1284 4884 1376 4936 totum
1390 4883 1500 4951 imputa
1512 4882 1654 4952 quidquid
1664 4883 1703 4936 ob
1715 4882 1772 4938 hoe
1789 4883 1834 4937 la-

1001 4968 1112 5024 einoris
1128 4969 1181 5024 tibi
1196 4969 1338 5040 objicitur
1352 4985 1388 5024 ex
1399 4970 1589 5025 adverseNe
1602 4970 1687 5024 laeile
1703 4971 1752 5026 bie
1768 4986 1833 5026 cre·

1001 5057 1835 5129 das,rexinvictissime‚quosjustiuspunireccnseedum

1001 5150 1048 5201 est
1062 5163 1114 5217 pro
1131 5146 1261 5201 inaudito
1277 5163 1352 5201 aarsu
1368 5163 1469 5202 eorum
1489 5148 1648 5217 superbier.
1665 5147 1742 5212 Quid
1752 5150 1836 5215 ,enirn

1001 5235 1097 5289 simile
1113 5235 1253 5291 aestimari
1268 5238 1365 5305 potest
1380 5235 1450 5290 hnic
1463 5251 1565 5291 eornm
1580 5235 1750 5305 temeritati,
1763 5253 1831 5309 qna,

1000 5324 1080 5395 quod
1093 5324 1151 5378 dici
1167 5324 1265 5394 pudet,
1280 5328 1308 5378 te
1323 5327 1431 5395 tuoque
1449 5324 1485 5378 de
1497 5339 1596 5378 mensa
1608 5325 1689 5395 regia
1703 5340 1831 5399 surgere

1002 5412 1215 5480 compulerunt,
1233 5417 1271 5481 te,
1283 5413 1413 5483 inquam,
1431 5413 1581 5466 dominum
1597 5413 1691 5467 toties
1707 5415 1834 5469 Romani

1002 5501 1113 5570 imperii
1125 5503 1138 5555 :³
1150 5502 1290 5567 Putasne,
1298 5501 1325 5553 si
1336 5501 1430 5570 sapis,
1438 5501 1494 5554 boe
1503 5501 1791 5570 parvipendendum,
1800 5518 1833 5557 ae

1001 5605 1060 5643 non
1076 5589 1217 5659 imperiali
1230 5604 1356 5643 censura
1371 5593 1508 5659 tanquam
1526 5590 1554 5643 in
1568 5604 1638 5644 reos
1664 5591 1833 5662 inaJestatis

1000 5677 1833 5751 animadvertendum?Nonergopertnrberisexliisquae
