3900 6112
230 260 286 324 nn
307 257 444 327 anons
466 260 613 326 easms
636 261 852 329 nasutas.
877 266 920 330 ru
943 267 1109 345 siclam,
1134 271 1223 334 are.
1242 308 1277 318 -
1294 268 1371 335 un.
1388 275 1432 335 111
1608 264 1695 342 tota

87 460 270 531 bitimperio,
285 460 365 517 ferro
379 464 535 532 populatus
551 464 579 517 et
593 461 664 535 igni.
824 447 984 520 helvinus
995 467 1128 522 exhibuit
1140 467 1286 538 placidum
1299 471 1446 526 flobertus
1462 486 1600 543 amorem,

87 547 288 605 rePersaram
298 564 375 621 gens
390 550 501 619 perfida
514 552 601 620 caepit
616 552 652 605 ab
668 551 716 605 illo
863 553 898 607 Et
912 554 979 625 qaia
996 554 1120 610 dilectos
1135 557 1193 610 sibi
1207 573 1283 628 qnos
1293 559 1434 613 allexerat
1449 577 1552 617 omnes

87 638 197 693 taniam
212 653 396 710 consurgere
413 638 503 707 caedo,
521 639 632 709 rapinis
647 656 654 708 3
862 640 984 710 Semper
995 642 1131 711 habebat,
1149 648 1211 699 erat
1222 646 1347 700 dilectas
1362 647 1399 700 ab
1413 650 1549 704 omnibus
1560 652 1635 722 ipsc.

87 726 91 778 i
106 740 161 781 nee
175 726 271 780 adhue
288 726 383 798 redigi
398 726 454 781 sub
464 725 532 797 jara
548 728 657 782 valeret
863 728 1000 794 Plurima,
1018 746 1084 801 qum
1099 731 1214 786 fuerant
1226 734 1271 787 vel
1287 735 1315 786 vi
1330 734 1478 789 subtracta
1491 738 1536 791 vel
1551 744 1626 810 astu,

87 814 140 869 nisi
154 813 313 881 Gallorum,
328 830 394 884 qum
409 817 496 886 gente
507 817 651 884 potentior
662 817 739 870 omni
862 817 999 871 Reddidit
1016 818 1136 871 oritanis
1152 819 1212 872 dux
1226 837 1329 891 agros,
1342 823 1462 891 predia,
1479 824 1606 890 fundos,

87 918 256 957 sarmarum
273 905 344 957 nuta
360 902 505 957 stimulata
521 903 653 973 Superno
862 904 979 958 Perdita
994 909 1121 959 usian
1132 891 1145 974 '3
1161 908 1200 960 nil
1212 909 1327 963 civibus
1339 910 1434 963 intulit
1449 912 1523 981 ipse,

87 990 195 1046 bertati
207 993 345 1061 superate
361 991 498 1046 redderet
512 992 607 1055 hoste,
863 990 910 1044 Nil
925 993 1000 1046 alios
1015 994 1149 1063 permisit
1164 995 1208 1047 cis
1223 988 1332 1050 inferre
1348 998 1514 1068 molestum,

87 1079 185 1133 vitante
202 1079 261 1132 Deo
275 1082 393 1133 sanctas
409 1080 524 1148 aperire
541 1079 670 1149 sepulcri
863 1078 898 1132 Et
911 1079 1129 1150 circumpositis
1141 1081 1246 1136 solitos
1260 1082 1377 1137 deferre
1392 1086 1532 1140 tributum

90 1170 164 1221 mata
175 1168 239 1220 vias
254 1168 343 1237 longo
354 1166 416 1237 jam
433 1170 563 1237 tempore
579 1169 707 1222 clausas.
863 1167 1041 1222 Normannis
1052 1169 1207 1240 donatjam
1222 1171 1355 1225 libertate
1370 1174 1477 1243 quieta.
1495 1202 1499 1211 ι

87 1254 112 1310 is
127 1270 252 1324 qnorum
269 1253 322 1308 fait
332 1256 490 1309 excaecatio
507 1256 577 1308 tanti
864 1254 1005 1310 Canitiem
1018 1255 1156 1326 Stephani
1172 1256 1229 1326 (68)
1244 1262 1367 1313 tractare
1384 1260 1533 1330 misertus,
1549 1264 1580 1315 ut
1595 1262 1673 1318 hosti

87 1346 141 1396 ata
155 1343 221 1411 vrri,
237 1343 337 1396 miseri
354 1344 518 1413 capiuntur,
536 1346 564 1397 et
576 1344 641 1397 aula
864 1343 974 1411 Noluit,
990 1343 1048 1398 imo
1060 1360 1122 1397 suae
1133 1345 1168 1399 de
1184 1362 1240 1415 qua
1256 1348 1431 1401 tractaverat
1446 1347 1494 1402 ille

87 1430 94 1482 i
109 1431 229 1484 meritas
245 1436 392 1501 coguntur
407 1432 524 1485 solvere
539 1447 661 1501 poenas;
862 1430 977 1485 Oblitus
993 1432 1095 1500 cmdis,
1111 1433 1208 1486 studet
1224 1433 1301 1487 laune
1313 1438 1436 1489 tractare
1449 1435 1586 1506 benigne.

87 1519 289 1573 tusinsontem
304 1519 400 1587 puniri
417 1518 628 1573 consuluerunt
863 1518 935 1571 Cum
947 1519 1021 1572 Baro
1037 1522 1161 1587 captum,
1180 1521 1277 1574 multis
1293 1522 1467 1576 mirantibus
1482 1525 1583 1594 Argis,

101 1609 204 1683 sontes
221 1607 302 1660 vario
322 1607 501 1662 cruciamine
515 1608 661 1661 mandant.
865 1605 950 1659 llune
965 1607 1139 1676 impunitum
1154 1609 1286 1661 custodia
1301 1609 1391 1664 libera
1403 1615 1511 1665 servat.

87 1709 102 1749 s
117 1694 240 1765 imperio
257 1695 323 1748 llari
339 1694 455 1766 legatus
476 1695 510 1748 ad
528 1696 633 1748 urbem
864 1693 978 1762 Perque
989 1693 1053 1747 dics
1068 1695 1243 1764 aliquetimc
1260 1697 1353 1750 victor
1367 1697 1396 1751 in
1412 1700 1485 1753 urbc
1501 1705 1631 1757 moratus

86 1785 124 1837 :at
138 1787 169 1837 ut
179 1783 299 1836 miseris
310 1783 372 1852 jam
388 1783 504 1837 civibus
520 1783 686 1838 auxilietur.
827 1781 982 1867 Bitondat
997 1797 1062 1835 cum
1078 1786 1196 1852 sumptu
1212 1784 1393 1838 barensibus
1408 1802 1489 1840 arma
1504 1791 1610 1858 parari,

90 1873 167 1941 aptae
183 1885 274 1924 naves
285 1886 322 1924 ex
332 1886 414 1925 more
429 1876 578 1940 parantur,
865 1868 902 1921 Ut
916 1872 1075 1938 properent
1089 1884 1190 1924 secum
1206 1887 1264 1941 quo
1284 1887 1317 1926 sc
1332 1889 1490 1942 properare
1506 1877 1655 1933 videbunt.

87 1972 124 2013 us
137 1957 235 2012 efferri
251 1958 395 2012 frumenta
408 1958 550 2028 jubentur
565 1962 593 2013 et
608 1975 697 2027 arma,
865 1956 927 2010 Has
944 1961 1108 2027 cumgente
1125 1973 1179 2011 saa
1189 1960 1323 2030 reginam
1334 1960 1390 2030 (69)
1401 1962 1480 2016 ducit
1495 1963 1531 2018 ad
1543 1965 1655 2020 urbem.

93 2045 202 2117 quibus
215 2049 274 2098 tuta
291 2045 410 2099 transiri
425 2046 521 2116 possit
535 2046 570 2099 ad
585 2046 697 2111 urbem,
864 2045 982 2098 Piscem
998 2046 1074 2098 fama
1090 2046 1181 2100 refert
1196 2046 1318 2101 alittore
1333 2064 1392 2103 non
1407 2052 1509 2119 procul
1524 2067 1604 2124 esse,

88 2149 196 2204 umque
213 2138 307 2187 metus
322 2133 448 2203 pellatur
463 2139 490 2187 et
504 2134 589 2187 urbis
603 2137 734 2205 egestas.
865 2131 1018 2187 Fluctibus
1034 2132 1169 2187 Adriacis
1186 2133 1332 2189 horrendo
1344 2151 1468 2205 corpore
1479 2155 1628 2211 magnum,

87 2238 109 2277 ts
120 2222 168 2276 his
189 2221 280 2292 jussu
297 2223 477 2291 praeponitur
492 2222 647 2291 imperiali,
864 2220 971 2274 Forma
981 2220 1157 2289 incredibili,
1175 2223 1290 2291 qualem
1305 2238 1364 2277 non
1378 2224 1568 2282 videratantc

87 2310 167 2365 lucis
179 2310 258 2364 ltalia
275 2311 360 2364 timor
370 2309 531 2380 expulerat,
547 2310 717 2380 Gaecliaus,
863 2307 953 2361 ltalim
964 2307 1092 2378 populus
1109 2326 1115 2371 ;
1133 2323 1220 2377 quem
1232 2310 1315 2362 verni
1329 2312 1471 2379 temporis
1485 2329 1557 2367 aura

87 2414 99 2452 s
114 2398 221 2467 fuerat,
234 2399 301 2468 quia
313 2397 485 2468 conjuratus
496 2398 524 2450 in
540 2414 648 2469 ipsum,
863 2396 988 2465 Propter
1001 2410 1093 2466 aquas
1104 2395 1206 2450 dulces
1222 2412 1381 2467 properare
1392 2404 1530 2470 coegerat
1540 2400 1619 2456 illuc.

87 2487 241 2541 inarmatis
257 2486 336 2541 celer
351 2485 479 2553 advenit,
495 2489 527 2553 ut
541 2486 754 2541 tremebundos
864 2484 921 2538 Par
935 2484 1035 2537 varius
1046 2486 1126 2538 artes
1140 2484 1224 2539 ducis
1245 2484 1323 2539 bunc
1336 2487 1489 2556 prudentia
1505 2490 1602 2560 empit,

87 2591 115 2628 rr
125 2574 217 2628 cives
231 2573 266 2627 Et
279 2576 341 2627 erat
352 2572 415 2642 jam
425 2573 579 2642 proximus
594 2574 670 2641 urbi,
864 2571 919 2636 Qui
934 2587 1000 2626 cum
1015 2570 1157 2626 delabens
1171 2573 1202 2626 in
1216 2574 1290 2627 retia
1300 2573 1465 2630 funiculosa

87 2678 147 2716 sum
167 2677 292 2730 sperans
309 2665 453 2715 nocturno
468 2665 598 2730 tempore
613 2664 716 2729 tatum,
867 2661 991 2715 fletibus
1001 2659 1108 2713 innexo
1125 2665 1230 2715 cuncto
1246 2677 1312 2716 eum
1326 2663 1456 2732 pondere
1470 2665 1551 2735 ferri,

87 2750 160 2805 abito
179 2750 311 2803 Danaum
327 2749 417 2803 classi
433 2749 509 2803 vcnit
526 2748 612 2803 obvia
629 2749 736 2803 elassis
864 2749 915 2803 ille
926 2747 1017 2803 maris
1027 2763 1145 2802 mersus
1162 2750 1279 2818 mersis,
1296 2751 1349 2804 sed
1365 2752 1498 2823 adusque
1517 2753 1693 2823 profundum

89 2839 108 2904 i,
125 2839 214 2909 cujus
225 2853 364 2909 reparare
379 2838 537 2893 advenerat
551 2837 665 2906 bosteS,
865 2838 889 2891 Α
900 2837 997 2891 nautis
1008 2836 1124 2890 tandem
1135 2837 1217 2891 vario
1226 2836 1288 2907 jam
1299 2838 1426 2894 eulmine
1437 2857 1547 2911 caesus,

87 2928 167 2982 ducis
178 2942 307 2996 pugnam
322 2941 414 2980 naves
429 2925 523 2979 iniere
539 2926 666 2980 libenter
865 2925 974 2979 littore
989 2924 1037 2978 vix
1054 2927 1163 2978 tractus
1179 2924 1285 2993 populo
1301 2928 1461 2995 spectabile
1477 2931 1639 2984 monstrum

86 3016 126 3070 ibi
137 3016 232 3070 levius
248 3015 312 3068 ioca
328 3013 578 3085 cognoscentibus
595 3013 671 3084 illis3
863 3012 1009 3081 Cernitur,
1027 3012 1094 3065 inde
1109 3012 1193 3065 alueis
1206 3019 1297 3082 jussu
1312 3029 1366 3082 per
1377 3014 1470 3068 frusta
1486 3019 1613 3071 secatur.

87 3120 129 3159 en
145 3105 279 3175 graviuS,
292 3103 411 3156 minime
428 3103 494 3173 quia
511 3118 602 3173 gnara
617 3103 749 3157 locorum
865 3101 949 3155 Unde
961 3100 1018 3154 sibi
1034 3103 1121 3169 atquc
1136 3101 1200 3153 sais
1215 3099 1323 3169 longus
1340 3101 1424 3155 datur
1438 3119 1512 3157 usus
1523 3104 1637 3170 edendi,

87 3197 129 3247 rat
146 3191 194 3245 illa
206 3197 277 3246 rate.
295 3191 386 3246 Multo
401 3192 538 3260 superata
553 3190 653 3244 latiora
829 3147 900 3243 cEt
911 3187 1018 3259 populo
1035 3186 1168 3241 Calabris
1184 3188 1353 3259 quicunque
1368 3192 1504 3246 manebat
1517 3193 1545 3246 in
1560 3193 1631 3263 oris,

87 3296 131 3335 mo
148 3282 260 3349 capitur
274 3268 406 3335 Gocclini
417 3278 512 3346 navis,
529 3282 557 3332 ct
567 3279 631 3348 ipse
866 3278 929 3331 lloe
944 3276 1031 3331 ctiam
1045 3275 1158 3345 passim
1173 3291 1248 3345 gons
1263 3277 1377 3346 Appula
1392 3279 1601 3348 participatur:

87 3364 172 3424 neem
188 3372 290 3437 captus
305 3367 479 3435 deducitur3
495 3367 585 3420 altera
600 3367 685 3420 navis
864 3366 904 3419 Os
919 3364 1013 3435 spinae
1030 3367 1142 3418 sectam
1159 3363 1322 3432 palmorum
1338 3371 1463 3435 quatuor
1481 3367 1551 3422 orba

90 3458 144 3512 fnit
160 3458 289 3510 Danaum
307 3475 314 3520 ;
331 3456 381 3508 vix
392 3470 515 3509 evasere
531 3459 702 3525 sequentes.
865 3454 1036 3507 Mansuram
1050 3451 1192 3515 obtinnit;
1210 3452 1296 3520 paulo
1312 3458 1378 3521 post
1393 3454 1460 3508 inde
1475 3459 1604 3512 moratus

87 3547 307 3601 lormaunornm
324 3544 436 3597 navalis
452 3543 554 3597 nescia
568 3543 649 3612 belli,
866 3543 931 3597 Dux
947 3541 989 3596 ibi
1005 3539 1153 3595 liebertus
1169 3541 1301 3611 reginam
1316 3542 1407 3596 tendit
1427 3545 1462 3597 ab
1479 3544 1580 3600 urbem
1598 3561 1603 3600 :

87 3651 127 3689 us
140 3637 169 3688 ut
180 3634 287 3688 victrix
298 3633 394 3702 rediit,
411 3647 495 3702 spem
511 3630 653 3701 principis
664 3634 753 3702 auget
767 3648 773 3685 :
867 3629 1000 3700 Dumque
1012 3644 1020 3697 3
1036 3634 1167 3683 moratur
1178 3629 1228 3695 ibi,
1244 3646 1320 3699 pons
1330 3632 1594 3700 estquiaeouditus
1605 3650 1692 3690 unas.

87 3724 162 3777 enim
176 3723 291 3776 Danaos
304 3737 362 3775 non
376 3723 488 3774 tantum
504 3719 621 3773 civibus
632 3719 715 3774 urbis
866 3719 946 3773 Pons
962 3718 1048 3772 modo
1063 3716 1217 3771 [luiscardi
1234 3721 1311 3771 totus
1323 3719 1405 3773 locus
1416 3720 1464 3774 illc
1480 3726 1609 3777 voratur.

87 3812 113 3865 iii
131 3811 244 3865 ratibus
262 3810 382 3865 vexisse
398 3807 476 3879 quod
492 3808 676 3863 obsidionem
868 3808 941 3860 Actu
957 3807 1105 3861 Bareuscs
1116 3804 1207 3875 liujus
1222 3812 1368 3876 praccepta
1385 3810 1490 3878 secuti,

87 3903 121 3954 Lat
137 3901 258 3954 multum
273 3898 361 3952 simul
378 3901 406 3952 et
418 3896 546 3951 novitate
562 3896 700 3966 triumphi
867 3895 997 3964 Quaeque
1010 3893 1138 3962 paranda
1154 3896 1235 3962 parat
1246 3896 1358 3965 reginae
1369 3897 1516 3951 moeaibas
1531 3898 1623 3953 urbis.

87 3989 127 4043 rei
143 3989 250 4060 gaudet
268 4003 275 4056 3
292 3986 428 4042 securius
444 3986 521 4039 unde
534 3984 635 4039 subire
869 3984 934 4037 ltux
948 3981 989 4035 ibi
1004 3981 1147 4034 militibus
1163 3982 1299 4049 sumptis,
1312 3983 1485 4054 ratibusque
1495 3986 1616 4055 paratis,

87 4094 128 4131 rm
144 4077 322 4131 Narmannis
333 4075 554 4144 navaliapraelia
570 4077 678 4145 sperat.
868 4068 1082 4124 Transvehitur
1097 4066 1228 4121 Siculum
1243 4069 1342 4122 multis
1359 4070 1565 4125 comitantibus
1582 4088 1694 4143 aequor.

87 4165 220 4236 estange
236 4165 394 4220 Gocelinus
409 4178 529 4217 carcero
544 4163 658 4234 degens
867 4158 950 4223 Quod
964 4157 1450 4226 lieetangustumtamenestgravc
1460 4160 1696 4226 pretereundum

87 4254 245 4321 infelicem,
259 4254 326 4307 vitae
342 4268 407 4306 oum
423 4252 480 4305 fine
496 4251 630 4305 laborum
868 4242 1699 4316 Sopita(lOl,Carybuis(iltibidiversaperieulapraebent

87 4344 105 4397 it
115 4342 213 4409 tinem,
230 4341 350 4396 diversa
365 4339 495 4409 pericula
510 4354 630 4408 passus.
868 4335 934 4389 L'no
948 4335 1023 4388 rotat
1037 4346 1140 4397 naves,
1156 4328 1240 4384 illidit
1251 4333 1279 4384 et
1294 4332 1385 4386 altera
1399 4332 1491 4387 saxis.

87 4447 98 4485 s
114 4431 240 4486 obsessa
254 4430 315 4500 jam
332 4430 452 4483 venerat
462 4443 559 4481 annus
572 4428 607 4481 ab
623 4427 696 4482 urbe
867 4420 1007 4476 Partibus
1021 4419 1050 4474 in
1065 4418 1174 4472 Siculis
1186 4423 1321 4473 conserta
1334 4419 1487 4489 juvamina
1501 4422 1601 4478 fratris

89 4519 137 4573 liei
154 4519 270 4574 tandem
286 4521 442 4587 superatur
456 4516 537 4569 fessa
553 4514 653 4568 labore
668 4530 675 4584 3
831 4492 933 4565 Diam
945 4507 1121 4580 conquisitis
1138 4522 1173 4560 cx
1188 4523 1294 4580 magna
1306 4512 1388 4577 parte
1404 4510 1516 4582 llogeri

87 4624 167 4662 amen
181 4608 290 4662 esurie.
308 4607 390 4659 Tunc
406 4603 570 4675 drgiritius
585 4602 669 4657 urbis
871 4600 960 4670 Spem
971 4598 1056 4652 ducis
1072 4595 1266 4667 accumulant,
1278 4601 1342 4652 erat
1355 4599 1409 4653 hac
1421 4602 1505 4654 aetate
1522 4600 1657 4672 tiegerus

88 4696 286 4759 shabebatur,
306 4709 392 4766 quem
409 4692 468 4747 dux
479 4692 527 4746 ubi
544 4691 719 4745 deditionem
872 4688 937 4743 Non
945 4687 1054 4741 virtute
1070 4685 1176 4753 minor,
1194 4685 1293 4741 nullus
1304 4687 1340 4742 dc
1356 4688 1496 4744 fratribus
1511 4687 1577 4757 ejus

91 4785 164 4839 inire
182 4784 260 4853 facit,
277 4783 406 4853 reliquos
422 4796 480 4835 non
496 4780 588 4833 ardua
603 4779 685 4833 cives
870 4775 1039 4840 Quamlibet
1053 4773 1195 4845 egregius
1210 4774 1274 4828 iniit
1287 4779 1344 4829 tam
1356 4776 1454 4831 nobile
1468 4775 1578 4830 bellum
1588 4775 1654 4844 (ta).

87 4888 211 4944 capanna
228 4872 300 4941 tuit;
317 4870 446 4941 maJ'ores
462 4881 587 4936 namque
601 4867 746 4921 minorum
872 4864 947 4918 Nam
963 4865 1064 4924 contra
1076 4862 1192 4917 Siculos
1208 4862 1298 4917 divini
1309 4864 1436 4918 nominis
1452 4863 1555 4918 hostes

87 4977 132 5015 am
147 4961 235 5015 corda
245 4960 346 5014 velant
359 4960 472 5029 partem
483 4956 639 5010 ‹leflcctere
652 4957 788 5024 pessunt.
872 4950 996 5021 Semper
1005 4949 1157 5022 pugnavit,
1170 4952 1300 5004 sanctam
1316 4967 1373 5021 qua
1388 4951 1514 5005 vivimus
1530 4965 1632 5005 omnes

98 5176 138 5230 De
154 5174 302 5245 Stephano
317 5175 460 5227 l‘ntcrano
476 5169 543 5223 vide
559 5184 649 5240 supra
659 5169 709 5223 lib.
726 5186 745 5222 1.
874 5172 921 5224 ctu
937 5167 1136 5224 accendentur
1150 5160 1375 5242 nautisflportam
1390 5163 1556 5230 petentibus
1582 5158 1701 5231 signum

94 5247 206 5317 Regina
224 5244 296 5325 urbs
314 5245 342 5297 in
357 5243 500 5297 Calabria.
519 5240 623 5295 Tanau.
717 5311 721 5322 Ι
812 5309 818 5321 ·
873 5232 1406 5362 utrumtpueaavigiisexrtro.Tanau.
1528 5299 1587 5312 ..
1672 5297 1678 5308 ·

94 5317 190 5387 Scylla
206 5330 340 5387 proxima
358 5316 404 5367 est
420 5313 523 5366 Peloro
543 5315 753 5382 promontorio,
769 5310 820 5363 ubi
908 5310 965 5373 <tet
995 5312 1120 5380 tegerus
1137 5307 1251 5359 Bessus
1262 5317 1298 5355 cx
1310 5302 1378 5355 filus
1394 5302 1536 5357 Taneredv
1549 5313 1655 5366 minor,
1672 5311 1700 5350 in

87 5404 126 5442 im
141 5388 274 5458 Sciglum
289 5385 427 5439 Scilaeum
443 5382 564 5437 aPiinio
575 5380 761 5452 appellatum.
773 5381 821 5433 Tr·
873 5368 1004 5435 Siciliam
1016 5394 1033 5433 a
1047 5371 1293 5454 Messanensibus
1305 5376 1455 5456 evocatus,
1470 5372 1650 5427 Sarracenos
1666 5364 1703 5419 ad

873 5450 1043 5506 Messanam
1054 5449 1100 5502 bis
1116 5444 1200 5513 fudit,
1212 5445 1240 5496 et
1248 5445 1409 5514 superavit,
1420 5443 1449 5496 at
1462 5442 1569 5497 batem
1580 5451 1647 5494 eam
1655 5451 1702 5493 ce·

96 5527 263 5599 Charybdis
278 5527 461 5581 verticosum
476 5521 721 5580 mareGalofarus
736 5522 823 5594 quasi
873 5522 1018 5594 pitheus.

87 5615 146 5656 nos
161 5599 298 5656 anostris
313 5598 511 5670 nuncupatum
522 5615 529 5664 ;
542 5594 583 5650 ibi
592 5594 670 5650 enim
682 5593 762 5650 faces
774 5608 822 5651 ne·
