3900 6112
555 362 561 371 ·
615 339 844 410 opuscula
865 342 1024 410 sauma

87 559 115 603 rs
128 545 206 602 desit
220 544 370 618 quidpiam
383 544 420 601 ad
435 542 539 600 mortis
554 543 719 613 horrorem,
796 523 826 587 Α

91 633 184 709 pedes
199 637 359 706 penetrans
374 633 503 688 cumulat
517 631 660 701 dolorem,

87 723 110 779 ln
124 725 272 780 exacuunt
284 721 368 793 impii
378 720 521 790 furorem,

87 814 173 869 entes
187 812 323 884 nequiter
336 810 452 866 Domini
468 809 614 866 timorem.

87 915 151 959 rem
163 900 308 956 incutiunt
321 898 418 955 mullei
434 900 588 968 sonantes,

87 1003 114 1045 re
127 1004 195 1045 cum
210 988 350 1044 carnibus
366 989 456 1044 totam
471 986 669 1053 terebrantes,

87 1092 153 1134 enm
167 1076 329 1133 subtilibus
343 1075 429 1131 venis
444 1073 622 1143 lacerantes,

87 1180 184 1240 agnes
197 1166 313 1221 ossium
328 1163 416 1220 simul
431 1163 625 1234 dissipantes.

87 1256 125 1311 int
137 1255 219 1310 rivos
233 1253 391 1327 sanguinis
404 1253 504 1308 tontes
513 1252 679 1309 Salvatoris

87 1358 122 1399 ns
136 1342 195 1398 buc
209 1341 306 1398 anima
320 1345 422 1398 currat
435 1341 614 1413 peccatoris,

88 1430 140 1489 lus
152 1431 303 1503 quidpiam
318 1431 428 1487 sacrati
443 1429 584 1503 liquoris,

87 1523 200 1595 [uenter
213 1518 297 1576 liniat
307 1520 429 1576 vulnera
444 1518 568 1575 doloris.

238 1606 343 1664 Oratio
355 1606 386 1663 in
401 1623 501 1664 eruce.

87 1712 121 1755 ne
135 1696 276 1753 melliflua
289 1696 382 1752 verba
396 1695 561 1762 charitatis,

87 1785 182 1856 lesus,
198 1786 314 1842 veniam
328 1788 433 1856 petens
448 1783 617 1853 sceleratis,

87 1890 135 1931 um
148 1874 292 1930 exuberat
305 1874 384 1929 unda
398 1874 542 1945 pietatis?

88 1966 174 2036 peret
187 1963 293 2019 amodo
308 1963 467 2035 quisquam
481 1977 536 2034 pro
549 1959 693 2032 peccetis.

87 2051 184 2127 lgunt,
200 2051 320 2122 laniant,
335 2066 440 2122 poenns
456 2049 643 2119 cumulando,

87 2140 166 2197 endis
181 2140 308 2214 gratiam
323 2156 378 2211 pro
393 2138 439 2196 ais
454 2138 580 2207 orando,

87 2227 150 2286 idat
164 2228 313 2299 poenitens
327 2227 486 2300 quisquam
500 2226 669 2300 aliquando,

87 2317 219 2391 sgratiee
234 2317 349 2388 copiam
363 2315 528 2387 pensando.

177 2405 344 2463 Conversio
353 2405 426 2462 boui
438 2403 567 2461 latronis

87 2494 199 2550 rirsnda
211 2495 307 2565 pietas
321 2494 463 2549 bonitatis
477 2492 599 2563 Christi,

87 2598 95 2640 t
108 2583 240 2656 patibulo
256 2582 389 2638 clamans
404 2579 479 2637 uoce
494 2581 570 2636 tristi

87 2671 131 2728 stit
144 2671 272 2741 veniam,
288 2674 316 2726 et
331 2686 400 2726 mox
414 2669 578 2739 indulsisti,

87 2775 114 2815 m
129 2758 342 2831 paenitentibus
357 2759 453 2814 venies
468 2758 587 2813 dedisti.

87 2865 121 2918 m,
137 2864 225 2921 quem
239 2848 391 2918 sustinuit,
408 2847 519 2902 crimen
534 2847 683 2920 exigebat,

87 2953 159 3009 nam
174 2937 203 2991 iu
219 2938 301 2992 exitu
311 2937 380 2991 vitae
394 2936 565 3008 poenitebat,

92 3027 290 3098 consequitur
302 3027 401 3081 statim
415 3041 503 3098 quem
511 3024 637 3096 petebat,

87 3129 166 3171 mem
181 3114 306 3187 gloriam
321 3114 408 3170 lentus
424 3114 584 3171 obtinebat.

240 3201 321 3278 E‘cee
334 3220 437 3277 Mater
447 3226 505 3277 tua.

87 3325 140 3366 ime
156 3308 279 3366 lintrem
293 3311 413 3365 intuens
428 3308 521 3365 lesus
535 3306 699 3378 advocavit,

101 3397 252 3470 discipulo
267 3398 358 3454 ebarc
373 3396 599 3462 commendavit,

87 3503 169 3561 nque
184 3488 294 3560 virgini
307 3486 433 3558 pulchre
448 3485 585 3556 sociavit,

99 3576 177 3634 bane
191 3576 358 3647 discipulus
373 3577 406 3630 ut
417 3577 542 3630 matrem
557 3572 699 3629 servavit.

91 3680 121 3721 m
136 3664 229 3738 Virgo
245 3664 377 3737 graviter
392 3664 472 3718 intus
488 3660 647 3731 cruciatur,

87 3755 147 3810 tnta
160 3753 237 3810 Filio
252 3753 303 3808 alii
319 3751 559 3821 commendatur;

87 3843 235 3898 mmutatio
250 3841 354 3897 merito
370 3842 522 3912 probatur,

87 3947 154 3988 mre
169 3947 224 4002 pro
236 3931 360 3987 Domino
375 3930 460 3986 Matri
476 3929 681 3986 commutatur.

327 4036 415 4092 Sitio.

87 4160 134 4202 ins
148 4144 240 4201 lesus
254 4143 352 4201 denuo
367 4159 373 4200 :
390 4143 475 4214 Silio,
491 4140 619 4214 dicebat,

87 4250 124 4290 rm
137 4232 274 4307 protinus
289 4232 358 4291 telle
373 4233 441 4306 quis
456 4231 612 4302 miscebat,

87 4339 149 4380 snm
163 4324 300 4398 spongiae
315 4323 359 4378 ori
374 4321 547 4396 porrigebat
560 4337 568 4391 3

87 4416 221 4487 ugustans
235 4411 397 4484 paululum,
410 4409 514 4468 bibere
529 4409 656 4466 nolebat.

87 4502 163 4559 lesu
178 4501 311 4566 miritlcs,
328 4500 400 4572 quid
415 4502 461 4555 est
476 4498 555 4572 quod
571 4497 710 4572 agebastl

88 4589 120 4647 iti
134 4590 342 4662 conquereris,
357 4589 395 4644 de
410 4602 499 4645 cruce
514 4587 637 4644 silebas.

89 4678 128 4736 od
140 4693 322 4752 magnopere
336 4679 438 4749 potum
452 4666 512 4733 non
525 4674 660 4748 petebas,

87 4771 161 4825 rtem
176 4767 277 4841 potius
292 4769 426 4823 nostram
440 4765 577 4823 sitiebas.

218 4853 538 4928 cbristnsexsaupuis.

87 4942 173 5018 siam
185 4943 388 5001 exhauserant
401 4942 490 4998 rivuli
505 4939 635 5012 cruoris,

87 5034 122 5091 eit
133 5031 251 5105 pristini
267 5032 387 5104 speeies
402 5029 540 5097 decoris;

93 5122 178 5180 tabes
187 5121 408 5194 oecupntlividi
423 5118 554 5191 crucris,

87 5211 184 5285 mpbst
197 5211 234 5267 de
249 5209 324 5267 lesu
337 5210 386 5282 pia
399 5209 446 5265 ris
461 5207 584 5264 amoris.

179 5298 183 5305 ’
219 5314 360 5375 Christus
374 5314 544 5372 tabescens.

87 5444 110 5485 rs
121 5424 185 5500 jam
199 5423 386 5494 distenditur,
403 5426 432 5480 et
446 5422 550 5479 fauces
566 5421 757 5491 raucescunt,

87 5519 201 5590 [nentur
214 5514 302 5586 labin,
318 5512 418 5570 crines
432 5511 679 5584 perhorrescunt.

87 5606 169 5680 quenl
183 5603 304 5673 lumine,
321 5602 512 5674 membraque
528 5601 694 5674 rigescunt,

87 5691 251 5767 snorpnris
266 5692 347 5749 vires
362 5689 551 5748 delitescunt.

1186 543 1279 600 Mor't
1319 585 1326 601 .

876 632 986 689 Vocem
997 648 1138 705 promens
1150 560 1423 701 ultimamljrl‘ntrem
1436 636 1591 710 invocasti,

839 719 1039 793 Spiritumque
1052 722 1189 777 manibus
1203 721 1229 793 ej
1235 737 1271 776 us
1284 724 1498 780 commendasti

839 808 913 865 Cum
925 809 1054 866 clamore
1066 810 1165 877 relide
1177 810 1295 866 tandem
1308 812 1461 882 expirasti,

790 901 792 905 ’
839 896 888 954 Sic
901 897 1009 955 salutis
1021 899 1152 955 omniurn
1167 916 1243 973 opus
1257 902 1481 958 consummasti.

1130 987 1185 1044 Sol
1199 988 1386 1045 obscuratur.

874 1078 950 1132 Dum
962 1075 1098 1134 Salvator
1109 1077 1229 1148 patitur,
1243 1077 1311 1134 coeli
1322 1078 1532 1147 obscurantur,

842 1164 948 1222 Velum
961 1165 1062 1237 templi
1075 1164 1231 1235 scinditur,
1246 1166 1355 1221 tumbae
1368 1170 1552 1239 reserantur,

839 1252 953 1309 Scissis
966 1252 1058 1324 petris
1074 1268 1200 1324 corpora
1213 1253 1303 1310 multa
1316 1256 1509 1326 suscitantur,

839 1341 875 1397 Et
887 1344 1000 1397 naturae
1013 1341 1168 1397 Dominum
1181 1341 1241 1413 pati
1253 1346 1465 1414 protestantur.

873 1429 1050 1502 Oquantum
1066 1429 1217 1486 iudaicam
1231 1433 1351 1505 gentem
1362 1448 1423 1488 nox
1435 1431 1599 1506 premebat,

838 1516 911 1585 Quse
923 1519 1002 1574 teuta
1013 1517 1156 1573 miracula
1170 1519 1274 1575 videns
1286 1535 1347 1576 non
1362 1521 1504 1579 credebat
1516 1520 1524 1579 l

839 1606 898 1664 Sed
914 1621 1001 1680 quem
1014 1621 1072 1662 vox
1084 1606 1254 1678 prophetice
1268 1624 1335 1663 cum
1348 1609 1446 1683 signis
1458 1610 1625 1681 promebat.

840 1695 925 1752 Morti
938 1695 1059 1753 tradens
1071 1695 1160 1766 impie
1172 1697 1309 1769 nequiter
1322 1698 1491 1768 spernebat.

1104 1783 1249 1841 Planctus
1268 1785 1411 1858 Virginis.

799 1850 827 1915 Β
876 1875 962 1930 Asini
973 1871 1065 1946 Virgo
1078 1873 1227 1945 virginum
1240 1876 1323 1930 cruci
1336 1874 1511 1945 Salvatcris,

842 2049 909 2106 Nati
923 2065 1025 2122 parnas
1038 2050 1167 2121 intuens,
1181 2054 1211 2106 et
1223 2052 1304 2108 rivos
1317 2053 1435 2108 cruoris

840 2138 922 2194 Intus
936 2139 985 2194 illa
996 2139 1125 2195 sustinet
1137 2139 1215 2211 quod
1229 2139 1278 2194 hic
1290 2140 1356 2195 tulit
1368 2140 1453 2196 ioris.

877 2228 986 2283 Asinus
1000 2225 1192 2300 Unigenitum
1203 2226 1337 2284 Genitrix
1352 2228 1495 2298 deplorat,

840 2315 903 2382 Quo
916 2331 950 2371 se
962 2317 1057 2372 vertat
1070 2315 1167 2385 anxis,
1182 2316 1257 2386 prob
1271 2315 1355 2371 dolor
1367 2315 1374 2372 l
1388 2318 1521 2388 ignorat:

840 2403 926 2459 Nunc
941 2402 1063 2477 plangit,
1077 2397 1157 2458 >nuuc
1172 2401 1278 2474 ejulet,
1292 2419 1371 2459 nunc
1385 2420 1509 2477 gemens
1521 2404 1635 2476 adorat,

840 2490 898 2548 Sed
913 2495 1018 2563 gestus
1031 2490 1184 2563 virgineos
1197 2490 1282 2547 dolor
1294 2507 1352 2547 nou
1365 2493 1500 2548 deflorat.

877 2580 965 2636 Vultu
978 2579 1072 2635 Meter
1085 2580 1173 2635 anxio
1185 2581 1306 2650 respicit
1319 2583 1505 2651 pendentem,

841 2669 1022 2742 Sanguinem
1037 2669 1210 2724 vulneribus
1223 2668 1345 2742 largiter
1360 2669 1541 2741 fundentem,

841 2759 907 2813 Nati
920 2758 1015 2813 cernit
1026 2756 1132 2813 taciem
1144 2757 1175 2812 in
1187 2761 1280 2814 morte
1295 2758 1463 2829 pallentem,

841 2847 986 2901 Nimirum
1000 2845 1045 2913 sic
1059 2846 1148 2900 laniat
1160 2861 1244 2901 suam
1257 2846 1342 2901 dolor
1354 2851 1493 2902 mentem.

876 2935 963 2991 Nunc
976 2935 1108 3004 reposcit
1120 2934 1251 2990 debitum
1263 2938 1348 2990 atrox
1358 2935 1410 3007 jus
1424 2940 1537 2991 naturae

842 3023 925 3091 Quod
939 3024 997 3079 sibi
1009 3023 1133 3079 detinuit
1147 3024 1218 3078 olim
1230 3024 1239 3045 '
1252 3039 1424 3094 pressurse:

843 3114 1011 3184 Poennsque
1024 3127 1091 3167 cum
1105 3112 1208 3167 tenore
1220 3116 1396 3183 extorquent
1408 3128 1521 3182 usurae,

803 3173 829 3237 c
844 3199 915 3267 Quae
931 3199 1079 3257 communi
1093 3200 1238 3256 matribus
1251 3200 1525 3273 debebanturjure.

880 3290 982 3346 Denuo
993 3289 1162 3361 parturiens
1175 3288 1320 3360 experiris
1333 3305 1414 3360 vere,

840 3377 933 3445 Quam
946 3378 986 3434 sit
997 3376 1083 3433 Matri
1095 3376 1246 3450 proprium
1258 3379 1326 3432 usto
1339 3378 1501 3434 condolere
1513 3394 1521 3448 ;

842 3467 917 3523 Nam
929 3481 1046 3524 amaros
1060 3467 1189 3539 gemitus
1202 3465 1303 3522 cordis
1316 3468 1472 3523 extorsere

843 3555 977 3628 Dolores,
993 3571 1071 3628 quos
1083 3555 1191 3612 Filium
1204 3555 1303 3611 cernis
1317 3555 1477 3612 sustinere.

877 3643 979 3702 Glsdic
991 3644 1183 3717 transfigeris
1196 3642 1308 3700 doloris
1324 3658 1439 3717 revera,

842 3734 940 3790 Tenea
953 3734 1058 3791 videus
1072 3733 1139 3790 Filii
1153 3733 1276 3790 brachia
1289 3749 1424 3807 proceru,

842 3823 980 3879 Pendeus
993 3837 1102 3892 corpus
1115 3823 1232 3895 regium
1245 3823 1326 3878 velut
1340 3823 1371 3878 in
1380 3826 1501 3893 statera,

843 3911 1033 3983 Membraque
1048 3910 1199 3966 fundentia
1212 3912 1390 3983 sanguinem
1403 3912 1533 3968 sincere.

1134 3997 1244 4055 Vulnus
1252 3998 1390 4055 laternis.

879 4087 984 4161 Cujus,
998 4103 1111 4162 quaeso,
1125 4087 1222 4143 valeat
1235 4102 1319 4143 meus
1334 4090 1384 4143 aut
1398 4086 1501 4158 lingua
1513 4087 1571 4141 fari

842 4176 987 4244 Quantum
1000 4175 1092 4250 Virgo
1108 4176 1239 4231 creditur
1253 4175 1334 4230 intus
1349 4175 1488 4244 cruciari,

843 4265 919 4323 Dum
932 4265 1026 4333 cernit
1035 4263 1099 4337 jam
1110 4263 1218 4321 mortui
1231 4264 1309 4319 latus
1323 4262 1486 4333 vulnerari,

844 4357 940 4427 Atque
955 4353 1015 4411 nati
1027 4354 1144 4409 viscera
1157 4352 1259 4409 lancea
1272 4350 1399 4407 rimari?

1068 4441 1171 4499 Exirit
1185 4441 1309 4514 sanquis
1324 4446 1354 4497 et
1369 4456 1453 4514 aqua.

804 4504 833 4568 D
882 4532 997 4603 Corpus
1009 4530 1128 4604 quidem
1143 4536 1291 4588 mortuum
1304 4529 1345 4586 nil
1355 4528 1417 4603 jam
1430 4528 1577 4584 sentiebat
1589 4544 1597 4592 ;

846 4620 905 4677 Sed
918 4622 1081 4675 maternum
1096 4618 1198 4675 iuncea
1212 4620 1316 4690 pectus
1329 4617 1534 4690 transfigebat,

845 4707 938 4775 Quam
950 4707 1038 4764 lixam
1051 4708 1081 4762 in
1093 4705 1160 4762 Filii
1173 4706 1265 4762 latere
1277 4707 1406 4764 videbat.

845 4797 909 4865 Quo
923 4801 952 4853 et
963 4811 1049 4869 aqum
1062 4798 1091 4852 et
1103 4794 1260 4869 sanguinis
1273 4795 1372 4867 liquor
1383 4792 1533 4850 effluebat.

882 4885 1037 4956 Miserere,
1052 4884 1187 4955 Domina,
1201 4883 1321 4940 miseris
1334 4882 1469 4956 dignare,

846 4975 926 5042 Quos
939 4974 1030 5031 lesus
1044 4972 1190 5030 redimere
1204 4972 1344 5047 dignatur
1355 4973 1414 5026 tam
1427 4984 1507 5042 nere,

846 5063 975 5136 Ipsaque
986 5067 1015 5120 te
1027 5062 1122 5134 pietus
1135 5064 1223 5135 cogat
1234 5076 1290 5116 nos
1304 5059 1434 5128 salvare,

846 5153 918 5219 Quae
930 5155 958 5209 te
970 5151 1029 5223 pnti
1042 5151 1185 5223 compulit
1196 5165 1309 5221 peenas,
1323 5147 1533 5220 contemplare.

881 5241 988 5314 Surge,
1003 5243 1126 5311 torpeus
1141 5238 1248 5309 enimn,
1261 5252 1371 5308 expers
1386 5237 1538 5307 vanitatis,

847 5329 948 5401 Aquas
963 5343 1071 5400 sperne
1086 5326 1221 5396 sceleris,
1236 5339 1321 5382 sume
1336 5324 1494 5396 sanitatis;

847 5417 1004 5475 secernas
1016 5416 1206 5489 purissimum
1223 5416 1312 5472 Pater
1323 5415 1450 5488 pietatis,

848 5506 980 5563 Ailiuuut
991 5505 1148 5562 uberrime
1162 5502 1220 5559 rivi
1232 5502 1396 5559 charitatis.

1032 5593 1088 5650 Pia
1104 5578 1273 5649 exhortatio
1288 5591 1326 5648 ad
1339 5590 1492 5648 lectorem.

885 5683 929 5740 hd
941 5683 1020 5740 hunc
1032 5697 1105 5757 ergo
1119 5695 1246 5755 propera
1261 5679 1370 5738 iontem
1385 5678 1607 5752 Redemptoris,
