3900 6112
697 271 841 352 GESTA.
1472 246 1476 251 ¹
1544 295 1620 360 1226

87 489 195 546 otinere
215 506 272 546 non
288 490 393 561 possit.
418 490 521 544 Placet
535 505 609 561 ergo
634 469 768 545 roi-iu-ll
785 486 824 542 tis
838 486 1026 558 imperatoria
1040 503 1112 545 cura
1127 490 1302 561 promeruit.
1323 491 1421 566 Ipsius
1440 498 1520 551 velut
1532 499 1617 552 amici

87 584 264 636 convertere.
281 579 421 633 Festinus
436 579 503 632 inde
520 594 590 633 cccc
607 579 729 632 alence-
788 579 815 630 et
823 577 899 632 accii
909 578 1096 648 prudentiam
1105 578 1355 638 indeliberatione
1365 588 1558 640 maximorum
1573 602 1620 640 nc-

87 668 156 737 enit,
186 669 308 722 arduom
336 683 400 721 rem
430 684 530 739 pugna
559 669 621 722 lerc
650 667 730 720 nulla
788 664 937 736 gotiorum
954 667 1128 738 consulturi,
1141 669 1375 725 benevolentiam
1392 673 1476 726 donis
1492 676 1520 726 et
1531 674 1620 727 multa

87 755 185 827 pidum
201 756 279 810 enim
296 756 411 824 natura,
428 771 516 824 opere
533 759 618 826 atquc
632 770 729 808 arma·
788 752 1054 826 honorisimpensa
1066 759 1553 830 comparaturi.Nominesiquidcm
1567 763 1621 815 lto-

87 845 207 899 osimum
221 844 294 898 adeo
309 848 446 897 currente
458 847 603 913 proventu
619 844 648 898 in
663 843 730 913 ejus
790 843 1621 918 maniimpariimilesfuit,redecusctgloriasummacon·

89 930 120 1002 it,
135 934 168 986 ut
182 932 301 1002 gloriari
320 931 366 985 bis
383 933 483 986 verbis
499 932 623 987 liceret:
647 932 728 1001 Veni,
791 931 1424 1008 siliaruminsummanccessitudine.ltegcs
1435 953 1621 1008 quoquomo-

87 1020 205 1076 ''erculit
221 1021 363 1074 citissime
391 1021 438 1073 liic
463 1037 565 1075 rumor
589 1021 731 1074 Danfron-
791 1021 1622 1093 gnitndincmejusetvcneratisuntatve1·iti.Estcnimet

87 1109 185 1163 lentes
205 1109 303 1178 itaque
333 1109 408 1162 alius
433 1110 535 1178 clypco
555 1125 588 1163 su
604 1109 732 1164 libaran·
790 1108 959 1163 nationibus
974 1112 1078 1179 procul
1095 1113 1216 1165 remotis
1239 1112 1433 1178 notissimum,
1454 1128 1540 1183 quam
1565 1112 1622 1166 frc-

87 1198 178 1270 'ugam
200 1198 394 1252 famosissimi
417 1198 569 1252 bellatoris
592 1196 731 1252 Gaufrcdi
791 1196 1624 1271 quentibus,quamqucgravibusbellisimperotorumim·

87 1286 200 1340 ,militer
228 1285 375 1340 deditione
402 1301 436 1340 sc
452 1285 734 1356 liberantpropcra-
791 1286 1624 1360 manitatemfatigaveritpacedamumadconditionesip-

87 1375 154 1430 rndo
171 1390 325 1429 reversum
341 1375 377 1428 ad
389 1375 618 1445 oppugnandum
632 1374 734 1428 uident
792 1372 1325 1447 siusarbitratudictatascomposita3
1343 1379 1623 1450 cumregumdomi-

87 1478 171 1518 orum
182 1464 355 1534 principem.
368 1463 529 1518 Perhibent
538 1463 674 1517 homines
685 1479 733 1517 an·
792 1465 942 1515 nosterrae
951 1463 1082 1532 ipsorum
1091 1466 1624 1536 nonnullapartemulctaveritviolen·

89 1551 219 1621 emerim,
240 1554 336 1604 castra
352 1551 416 1605 hacc
440 1551 526 1605 ambo
545 1551 661 1605 comitis
685 1550 735 1604 Ri·
792 1548 1215 1622 terextorto.Suaquaequevel
1228 1553 1427 1624 inexpugnata
1437 1553 1623 1610 velindefes-

89 1654 163 1693 essu
176 1654 246 1693 esse
257 1638 386 1705 fundata,
403 1655 493 1693 unum
504 1640 581 1693 intra
597 1640 735 1705 alterum,
792 1652 825 1690 sa
835 1638 933 1705 potius
947 1653 1033 1692 manu
1043 1642 1150 1694 tutans.
1160 1640 1330 1694 Monarchia
1339 1641 1545 1710 postl'ranciae
1557 1658 1623 1698 eum

87 1742 118 1782 cs
135 1726 369 1796 Northmanniae,
389 1731 475 1798 atque
495 1732 553 1782 tam
571 1728 736 1782 succeden-
791 1740 883 1794 puero
899 1726 1059 1803 monarcha
1076 1728 1172 1797 ipsius
1189 1729 1429 1783 consiliosissimi
1443 1730 1499 1784 viri
1513 1731 1622 1802 tutelae,

87 1815 158 1870 itum
168 1816 465 1886 quamipsiusjussis
478 1818 736 1885 obtemperareso-
752 1846 775 1909 U
791 1812 954 1881 dictaturae,
980 1817 1066 1883 atque
1091 1815 1336 1871 administrationi
1363 1818 1463 1872 cessit.
1493 1819 1624 1874 Marchio

87 1905 737 1975 ·osteu,d0mumrcvei·suS,patriamcunctam
792 1901 840 1955 hic
857 1902 989 1956 fascibus
1005 1918 1039 1956 ac
1055 1902 1146 1957 titulis
1160 1904 1248 1975 longe
1263 1906 1387 1974 amplior
1397 1922 1485 1977 quam
1500 1908 1626 1963 strictim

87 2007 133 2047 >re
144 2008 178 2045 ac
190 1993 319 2063 tripudio
330 1993 597 2062 illustrabat,simul
608 2006 739 2047 amorem
794 1991 833 2043 sit
856 1990 1039 2061 explicabile,
1063 1994 1159 2045 natam
1178 2008 1261 2046 suam
1286 1995 1372 2049 nobis
1388 1997 1625 2066 acceptissimam

87 2081 317 2136 ·emsuiauctius
329 2082 358 2135 in
370 2085 492 2137 externa
507 2081 698 2136 diffundebat.
794 2079 941 2133 dominam
960 2079 990 2133 in
1005 2079 1128 2134 Pontiae
1143 2081 1208 2150 ipso
1224 2083 1425 2154 praesentavit,
1444 2086 1558 2139 soceris
1575 2101 1626 2157 gc-

87 2175 198 2240 tempus
207 2170 284 2224 idem
294 2170 450 2224 Annalium
458 2171 660 2224 voluminibus
672 2172 737 2239 apta
794 2183 925 2237 neroque
936 2168 1025 2236 digne
1036 2168 1373 2225 adductamlluutrierat
1384 2176 1481 2227 nutem
1495 2175 1625 2243 prudens

87 2273 154 2328 ceps
173 2259 277 2326 isdem,
295 2274 361 2328 quae
377 2259 465 2312 sicuti
480 2259 604 2328 plurima
620 2258 737 2313 caeteris
796 2259 823 2310 et
839 2259 941 2310 sancta
955 2258 1048 2310 mater
1068 2257 1099 2309 in
1123 2257 1183 2311 fllia
1205 2259 1284 2328 quod
1299 2260 1472 2314 muneribus
1494 2262 1626 2330 paternis

87 2384 88 2393 η
108 2347 145 2401 ab
175 2362 213 2410 eo,
234 2350 318 2417 gesta
337 2347 608 2416 praetermittimus,
631 2350 680 2400 aut
702 2361 738 2400 nc
796 2345 936 2414 multuplo
951 2345 1200 2414 praeponderaret.
1219 2347 1384 2417 llequircns
1402 2364 1498 2420 genus
1517 2352 1625 2404 mater-

87 2438 119 2492 'et
140 2435 291 2504 spatiosus
320 2436 423 2505 codex,
452 2439 500 2489 aut
524 2436 740 2505 quiarcmnon
795 2448 874 2501 num,
887 2433 1112 2503 matrispatrem
1123 2433 1198 2487 sciat
1212 2448 1313 2505 regem
1330 2435 1432 2491 Galliae
1450 2438 1623 2507 Robartum,

87 2523 276 2578 sufficicatem
291 2524 429 2592 scriptori
445 2523 739 2594 cognovimus.Prae·
796 2522 845 2592 qui
861 2521 938 2575 filius
963 2525 991 2574 ot
1012 2537 1106 2590 nepos
1121 2537 1225 2592 regum
1240 2525 1398 2595 progenuit
1418 2541 1519 2596 rogae,
1537 2524 1625 2597 cujus

87 2611 173 2665 tulum
190 2610 218 2662 in
235 2610 359 2663 dicendo
376 2610 523 2664 facultatis
536 2609 692 2676 habemus,
704 2609 740 2663 ad
795 2609 1022 2664 laudabilitatem
1034 2610 1064 2663 in
1074 2611 1217 2682 religione
1229 2611 1327 2665 divina
1346 2617 1374 2667 ct
1385 2614 1469 2686 regni
1480 2615 1626 2686 guberna-

87 2699 330 2769 praestantissima
340 2699 469 2752 omnium
489 2698 518 2751 id
540 2712 740 2752 reservamus.
795 2700 873 2753 tione
890 2697 1166 2768 mundilinguanon
1181 2700 1297 2756 tacebit.
1309 2701 1520 2758 Introductioui
1536 2702 1627 2776 hujus

89 2804 127 2843 uo
142 2793 260 2856 pectore
279 2787 356 2841 bella
376 2803 442 2857 quae
461 2787 572 2840 calamo
585 2786 743 2840 ederentur
797 2803 917 2857 sponsae
933 2786 1037 2841 civitas
1050 2789 1301 2860 llotbomagansis
1316 2791 1625 2863 vacabatjucundans.

87 2881 135 2946 iat,
152 2881 238 2945 atquc
262 2876 439 2943 amplificare
460 2877 609 2944 utcunque
624 2873 743 2945 cognita
832 2875 1048 2944 Compellamur
1063 2876 1130 2930 istic
1145 2893 1195 2932 ore
1211 2879 1337 2947 quodam
1356 2881 1433 2950 gesti
1448 2881 1625 2951 pervulgati,

87 2980 96 3018 3
122 2964 328 3034 figmentorum
347 2963 524 3034 divagando.
552 2963 615 3017 Nos
638 2963 743 3016 ducem
797 2979 851 3018 ncc
867 2967 1029 3017 Arcensem
1041 2964 1176 3019 comitem
1194 2964 1375 3020 Willelmum
1391 2970 1575 3038 properantis
1590 2969 1628 3022 ad

87 3069 109 3122 a,
136 3054 183 3106 cui
205 3068 353 3121 nunquam
378 3053 493 3121 impure
519 3051 589 3121 quid
611 3051 665 3103 fuit
680 3049 743 3120 pul·
797 3053 899 3106 altiora
917 3050 984 3121 styli
999 3051 1149 3106 celeritate
1167 3054 1322 3122 praeterire
1347 3056 1374 3108 et
1396 3055 1494 3124 ipsum
1508 3055 1628 3127 quidem

87 3156 124 3196 re
141 3141 338 3208 laudabimus
363 3156 509 3210 nusquam
525 3157 540 3193 a
555 3139 688 3194 veritatis
710 3137 744 3191 li·
767 3194 785 3222 Ἰ
797 3140 898 3211 patriae
919 3140 1056 3210 lacrymis
1065 3140 1139 3194 ultra
1151 3143 1305 3195 terminum
1323 3144 1399 3212 aequi
1410 3144 1518 3198 etboni
1537 3159 1628 3213 quan·

100 3246 158 3284 uno
175 3230 344 3283 delirantes
761 3202 858 3284 btum
882 3229 911 3283 iu
933 3229 1029 3299 ipsius
1051 3230 1205 3284 conatibus
1225 3230 1280 3284 fuit
1305 3234 1463 3300 potentem.
1489 3232 1628 3302 Ignavum

90 3318 242 3388 posthaec
268 3317 464 3371 Nortlimunni
494 3321 655 3371 summates
681 3315 744 3370 fere
797 3317 1085 3389 propaginematque
1096 3318 1238 3386 persidam
1249 3318 1400 3389 praeclarae
1412 3319 1514 3389 stirpis
1524 3319 1630 3373 Guido-

87 3407 200 3462 redibili
226 3422 292 3460 eum
323 3406 459 3475 amplecti
483 3406 682 3473 veneratione,
713 3408 745 3458 ut
798 3422 865 3461 nem
886 3405 1092 3476 (Willelmum)
1112 3422 1166 3461 nee
1190 3407 1326 3462 humanae
1353 3423 1406 3462 nec
1429 3407 1536 3462 divinae
1551 3408 1629 3480 legis

87 3496 195 3565 ludum,
217 3495 261 3548 sic
276 3495 362 3548 modo
377 3510 515 3548 serenam
531 3494 556 3548 ei
576 3494 745 3548 fidelitatem
800 3496 882 3549 irena
902 3494 1060 3549 retinuere.
1081 3494 1167 3549 Hunc
1179 3495 1361 3566 nequehaac,
1373 3510 1468 3566 neque
1486 3495 1630 3551 Guidonis

92 3601 137 3638 am
148 3584 274 3654 probare
290 3584 427 3651 nitentes,
447 3583 519 3638 adeo
530 3586 561 3637 ut
576 3582 642 3653 ejus
658 3586 685 3637 et
696 3598 742 3637 so·
800 3584 894 3652 ruina,
908 3587 1051 3653 praeterea
1063 3598 1159 3653 neque
1176 3584 1276 3654 magni
1293 3584 1415 3639 uictoris
1432 3600 1448 3638 a
1467 3584 1546 3639 nullo
1561 3581 1636 3639 victi

87 3690 123 3728 im
138 3674 202 3728 sola
217 3677 278 3726 turn
291 3688 343 3742 spe
359 3672 506 3740 fovebant,
522 3672 671 3726 deminum
684 3672 743 3726 sibi
801 3671 970 3725 admiranda
987 3672 1015 3725 et
1026 3669 1121 3724 virtus
1139 3675 1167 3724 et
1184 3669 1321 3739 felicitas,
1345 3675 1519 3741 partumque
1538 3671 1576 3725 iis
1590 3671 1634 3725 in·

88 3765 204 3817 otorum
219 3762 363 3815 electione
376 3777 477 3815 creare
498 3764 653 3814 certarent.
661 3759 743 3824 Quod
805 3761 911 3829 clytum
926 3773 1043 3813 nomen.
1055 3758 1137 3822 Quod
1152 3758 1182 3811 in
1196 3763 1373 3828 praestantes
1394 3761 1509 3814 animos
1524 3763 1552 3813 et
1567 3759 1633 3813 lau-

87 3867 143 3920 rsa,
160 3866 226 3921 quac
243 3866 314 3920 crgo
338 3865 371 3903 sc
387 3850 432 3903 vel
449 3866 465 3903 a
481 3865 514 3903 se
531 3847 656 3902 fideliter
671 3852 744 3916 aeta,
805 3847 899 3901 (landa
913 3861 1038 3916 qumque
1063 3844 1194 3900 facinora
1220 3847 1335 3916 erigere
1358 3847 1467 3917 debuit,
1489 3847 1520 3900 id
1534 3847 1563 3900 in
1579 3847 1633 3900 im·

90 3939 187 3993 dentia
199 3940 314 3994 muneri
332 3938 430 3993 diuino
444 3940 476 3992 ut
487 3938 647 4008 reputanda
664 3936 746 3991 fuere
804 3933 1195 3990 moderatamconfrdentiam
1212 3950 1245 3987 ac
1261 3935 1349 3989 nimis
1365 3934 1453 3988 altam
1469 3934 1635 3989 extollendo

87 4029 245 4099 juventutis
266 4028 293 4080 in
304 4027 464 4096 primordio
480 4025 748 4081 moderatissimum
804 4023 997 4094 praecipitavit
1018 4024 1185 4092 utrumque,
1211 4027 1295 4077 ortus
1317 4023 1454 4078 videlieet
1479 4023 1527 4077 sui
1548 4023 1637 4076 nimia

87 4117 268 4172 is.C0nsiliis
283 4116 422 4186 itaquede
431 4115 618 4169 matrimonio
634 4114 749 4184 discep·
805 4113 915 4167 notitia.
932 4110 1025 4165 Ambo
1035 4111 1111 4164 euim
1123 4111 1243 4165 sinistre
1256 4114 1400 4165 noverunt
1410 4111 1439 4163 in
1449 4111 1592 4181 proganie
1603 4125 1637 4163 se

87 4207 154 4261 »lent
172 4208 201 4259 in
217 4205 368 4259 diversum
385 4206 511 4258 suadere
527 4203 645 4274 ingenia
656 4203 750 4271 dispo·
806 4199 965 4270 computari
977 4198 1084 4252 ducum
1093 4198 1325 4252 Nor-thmanniae.
1347 4197 1520 4268 Burgundio
1534 4211 1568 4251 se
1584 4212 1637 4250 na-

87 4313 92 4348 i
108 4295 275 4363 sententies,
291 4294 456 4362 praesertim
479 4293 590 4347 cumin
606 4291 750 4362 frequenti
805 4294 903 4361 potem
913 4287 1150 4342 Richardorume
1161 4288 1218 4341 lilia
1230 4284 1638 4341 secundi:llrccnsisfratrem

87 4398 177 4438 erosa
193 4384 228 4437 dc
243 4399 275 4436 rc
294 4383 489 4437 consultatur.
517 4383 617 4452 Reges
639 4381 675 4434 de
690 4380 752 4434 lon·
807 4394 840 4433 se
854 4378 943 4447 tertii,
967 4377 1090 4431 secundi
1106 4377 1208 4443 filium,
1231 4376 1316 4446 primi
1334 4379 1479 4445 nepotem.
1495 4373 1525 4427 ls
1539 4374 1576 4427 ab
1592 4373 1638 4427 in-

87 4473 206 4527 isunice
218 4472 324 4526 charas
343 4471 418 4525 lilius
435 4471 504 4525 huic
525 4471 627 4523 marito
646 4469 752 4524 volun·
807 4472 894 4521 eunte
904 4467 987 4536 pueri
996 4466 1160 4536 principatu
1172 4465 1280 4519 infidus
1295 4466 1321 4518 ci
1338 4468 1366 4518 et
1382 4464 1540 4533 adversus,
1552 4477 1641 4532 quan·

88 4565 146 4629 ent,
162 4576 196 4614 ac
213 4561 320 4614 aflines
337 4560 446 4614 bebere
464 4575 540 4630 quos
556 4558 687 4613 confines
701 4574 752 4628 pe·
765 4541 795 4612 D
807 4573 894 4628 quam
924 4556 1091 4610 fidelitatem
1112 4555 1231 4625 juratus
1260 4558 1287 4608 et
1307 4554 1494 4624 obsequium,
1521 4550 1642 4605 hostilia

87 4650 204 4719 placuit,
225 4649 324 4703 multoe
340 4649 464 4703 rationis
481 4648 624 4719 gravitate
643 4647 672 4701 id
687 4662 752 4717 per·
810 4645 948 4717 agitabat,
971 4644 1058 4698 modo
1085 4643 1247 4697 temeritate
1273 4659 1331 4697 non
1352 4642 1459 4696 latente
1482 4640 1640 4705 resistens,

812 4734 1003 4788 clandestinis
1017 4732 1163 4787 interdum
1178 4731 1404 4800 dolislmproba
1419 4729 1537 4800 quidem
1552 4726 1641 4781 animi

105 4841 140 4881 eo
165 4829 296 4896 tempore
321 4826 503 4881 Teutonibus
526 4825 701 4880 collimitans
720 4840 753 4877 ac
812 4822 898 4877 elatio
914 4821 1050 4876 facillime
1075 4821 1222 4875 hominem
1238 4821 1267 4873 in
1292 4835 1341 4874 res
1356 4817 1484 4888 injustas
1504 4815 1641 4871 detrudit.

87 4916 276 4984 eminensque
309 4915 434 4983 potentia
458 4915 627 4984 praecipuus
651 4929 752 4968 acrum
811 4912 908 4966 Motus
925 4910 1147 4965 dissensionum
1163 4910 1345 4979 aliorumque
1361 4906 1499 4976 superius
1516 4918 1643 4959 comme-

88 5003 114 5056 is
143 5003 274 5057 marchio
299 5002 479 5070 ltalduinus,
506 5002 655 5055 nobilitato
684 5002 753 5055 item
812 5001 973 5054 moratione
989 4999 1135 5069 aliquanta
1152 4999 1334 5069 digestorum
1350 4994 1502 5064 malorum,
1520 4992 1645 5047 nonnul·

90 5092 223 5163 germine
247 5091 351 5145 tradita
376 5091 608 5144 illustrissimus.
625 5090 699 5143 Nam
714 5090 756 5143 uti
813 5089 859 5143 los
880 5088 946 5157 ipse
974 5091 1060 5157 caput
1088 5087 1249 5157 principale
1278 5083 1454 5151 concitavit,
1485 5082 1645 5152 plerosque

94 5181 286 5246 Morinorum,
304 5195 380 5249 quos
399 5179 530 5233 moderni
548 5177 692 5231 Flandros
703 5193 756 5247 ap·
813 5178 959 5247 exemplo,
975 5176 1110 5244 consilio,
1121 5174 1223 5229 favore
1238 5177 1265 5227 et
1279 5172 1387 5227 auxilio
1397 5171 1537 5241 incitavit,
1554 5169 1646 5239 auxit,

87 5284 135 5322 ea
158 5269 282 5339 regibus
297 5267 398 5322 Gallim
414 5273 500 5338 atque
521 5266 684 5321 Germaniae
703 5282 757 5320 na·
814 5266 1008 5322 confirmavit.
1025 5265 1113 5319 llulta
1133 5267 1161 5318 et
1181 5263 1319 5334 inquieta,
1344 5260 1487 5332 longique
1502 5260 1647 5328 temporis

87 5356 186 5424 cebet,
202 5357 363 5411 nobilitatis
379 5357 465 5411 etiam
485 5355 750 5425 Constantinopoli·
815 5355 882 5426 ejus
898 5354 1045 5409 molimina
1062 5353 1154 5423 fuere,
1171 5366 1225 5422 pro
1240 5366 1295 5405 sua
1310 5354 1336 5405 ct
1353 5353 1453 5405 contra
1473 5349 1583 5404 domini
1600 5346 1648 5403 sui

87 5460 122 5499 im
141 5445 309 5516 attigantes.
329 5444 511 5515 Stupuerunt
530 5445 671 5498 mirantes
692 5459 759 5497 cum
815 5444 1057 5516 magnitudinem,
1074 5441 1333 5513 oujusaccessum
1356 5455 1416 5495 non
1436 5438 1648 5494 modoabAr·
1676 5442 1681 5459 ¹

87 5533 274 5604 narcbiones,
298 5535 400 5604 duceS,
427 5537 489 5588 tum
513 5532 758 5602 archipraesulum
816 5533 897 5588 censi
915 5534 1023 5601 castro,
1040 5530 1246 5586 verumetiam
1266 5529 1302 5584 ab
1318 5530 1344 5585 ei
1360 5528 1525 5601 propinqua
1540 5525 1649 5580 North·

87 5637 132 5693 as,
145 5623 172 5677 si
183 5623 299 5694 quando
307 5623 498 5692 praesentiam
507 5622 574 5697 eius
590 5621 758 5693 rarihospi-
815 5621 942 5677 manniae
951 5623 1042 5692 parte,
1063 5635 1129 5693 quae
1141 5620 1213 5676 citra
1223 5618 1331 5675 flamen
1338 5616 1505 5691 Sequanam
1520 5615 1577 5671 sita
1592 5613 1650 5686 cst,

87 5733 196 5787 'arnon
214 5728 344 5788 CXLIX.
1470 5722 1506 5780 89
