3900 6112
104 250 167 335 444
624 244 658 329 s.
679 224 868 326 44444444
890 235 1304 326 4444444444446441
1359 182 1362 187 ¹
1781 234 1835 331 444

144 451 188 513 48.
213 449 296 515 Quod
323 448 485 502 ministeria
514 444 650 501 ecclesiae
680 459 734 513 pro
758 421 1056 510 captivorumAuua
1082 440 1233 511 episeopo,
1262 439 1354 509 altera
1382 437 1510 507 clericis,
1536 437 1626 515 144444
1653 437 1826 509 pauperibus

112 522 312 609 redemptione
328 536 480 590 vendenda
498 538 576 588 snut.
1000 535 1103 601 quarta
1119 529 1310 583 restituendis
1326 527 1475 582 eeclesiis.

146 630 190 683 49.
208 628 246 683 414
262 627 383 681 decimae
398 641 414 677 a
431 625 515 678 iaicis
532 640 589 677 uon
606 622 824 691 possideantur.
1035 617 1080 675 65
1098 618 1139 672 Dc
1156 619 1258 673 cartem
1274 633 1316 672 re.

148 718 192 772 50.
213 715 296 781 Quod
322 731 370 769 res
400 730 496 766 sacrae
519 713 628 766 nullius
651 714 729 778 sunt,
751 724 805 763 nec
822 707 944 761 ahenam
1034 706 1396 783 664444444444144444

112 805 362 873 debentnisipro
382 803 516 871 captivis.
1033 797 1077 850 61.
1104 796 1141 850 Ut
1170 795 1303 865 episcopi
1332 794 1486 864 subjectos
1512 809 1572 850 non
1597 795 1778 866 opprimant,
1798 799 1817 853 41

147 893 179 950 64
199 895 236 949 Ut
262 893 311 963 qui
328 891 458 946 converti
485 891 619 959 v·oluciit‚
646 887 944 943 med1etrtcmreium
998 885 1135 941 ecclesiae
1151 884 1283 939 redditus
1301 884 1466 939 secundum
1483 883 1620 941 laborum
1637 884 1739 938 merita
1756 883 1813 939 divi·

113 999 233 1059 suarum
249 981 386 1037 ecclcsiae
403 982 450 1034 cui
470 979 626 1050 subjectus
640 981 696 1044 cst,
714 976 847 1044 dimittat,
860 976 887 1026 et
901 972 944 1028 sic
999 972 1114 1026 dantur

115 1073 149 1126 ad
167 1054 376 1125 monasterinm
393 1069 489 1122 vadat.
1035 1059 1079 1116 68
1098 1060 1138 1113 414
1154 1058 1256 1113 eadem
1274 1074 1317 1112 re.

149 1161 192 1214 52.
211 1161 248 1214 414
263 1159 362 1212 nulius
378 1158 470 1211 abbas
486 1157 616 1211 decimas
632 1155 679 1209 vol
690 1153 837 1233 primitias
850 1152 948 1251 teneat
1033 1148 1078 1202 69.
1095 1148 1132 1211 414
1147 1163 1202 1223 444
1213 1146 1350 1201 ecclesia
1371 1161 1429 1202 non
1446 1147 1604 1217 donentur,
1622 1163 1683 1202 non
1700 1163 1809 1206 commu-

113 1264 178 1303 4444
194 1247 365 1301 44444444444
380 1244 603 1316 apostoliravol
620 1258 753 1312 episcopi
768 1257 890 1311 propin
942 1234 947 1241 '
999 1240 1107 1307 444444,
1136 1252 1195 1291 444
1222 1236 1395 1306 vendantur,
1426 1236 1484 1291 nisi
1517 1235 1730 1292 meliorationis
1760 1254 1809 1307 pro·

150 1335 194 1391 59.
221 1335 263 1388 144
286 1334 413 1405 quodum
437 1333 542 1387 abbate
565 1331 723 1387 constituto
744 1345 850 1400 apapa
872 1328 946 1397 Gre-
1002 1328 1117 1398 spectu.

114 1425 211 1496 gorio.
1036 1415 1080 1468 70.
1112 1415 1149 1469 Ut
1165 1414 1376 1468 monasterium
1392 1429 1448 1469 ncc
1463 1414 1640 1469 commutarr
1658 1415 1750 1486 possit
1761 1433 1807 1473 444

148 1513 193 1567 et.
224 1512 263 1567 Ut
281 1511 392 1566 nullum
422 1509 617 1564 constituatur
643 1507 854 1561 monasterium
883 1505 947 1560 sine
1001 1503 1265 1559 altomonasterio.

115 1601 295 1657 conscicntia
325 1599 458 1669 episcopi
483 1597 540 1666 sui,
572 1604 599 1650 et
630 1604 660 1649 ut
684 1610 787 1650 omnes
810 1593 946 1648 monachi
1038 1592 1168 1658 71.Quid
1179 1593 1319 1662 episeopo
1330 1592 1478 1663 agendum
1489 1592 1538 1662 sit,
1552 1593 1577 1648 si
1589 1593 1805 1663 plureshaerodrc

114 1692 254 1761 episcopo
270 1686 398 1757 subjecti
414 1687 481 1739 sint.
1004 1681 1182 1736 contendant
1197 1681 1233 1735 de
1249 1696 1307 1735 una
1323 1672 1461 1736 ecclesia.

120 1799 125 1807 ·
149 1779 194 1832 55.
206 1776 290 1841 Quod
304 1790 363 1829 non
377 1775 463 1828 liceat
478 1773 725 1842 monasteriaquae
739 1776 852 1826 sacrata
865 1775 944 1840 sunt,
962 1768 988 1830 Β
1038 1769 1082 1825 79.
1100 1771 1142 1824 414
1157 1769 1260 1824 cadom
1277 1785 1319 1824 re.

116 1865 281 1920 diversoria
297 1863 452 1917 saecularia
470 1862 543 1915 ficii
1037 1859 1082 1914 is
1094 1858 1177 1924 Quod
1189 1859 1398 1914 monasterium
1410 1860 1668 1916 constructoribus
1680 1860 1805 1915 invitenon

151 1952 196 2008 56.
214 1952 252 2007 414
266 1952 381 2004 irritum
400 1951 544 2004 habeatur
566 1950 592 2002 si
614 1949 681 2019 quis
706 1965 756 2002 res
780 1949 949 2003 4441444444
1003 1948 1163 2003 auferatur
1835 1950 1839 1981 4

116 2040 240 2111 regibus
255 2040 372 2108 expetit
391 2039 497 2107 444444
513 2039 717 2092 communione
733 2038 875 2107 privetur.
1038 2037 1082 2090 44.
1098 2034 1180 2100 Quod
1196 2036 1310 2091 444444
1303 2053 1332 2091 m
1347 2038 1527 2129 monasterio
1544 2039 1668 2094 missam
1684 2018 1839 2094 cananei!

151 2129 195 2182 57.
212 2126 243 2182 Si
254 2127 321 2198 quis
334 2127 526 2181 ecclesiarum
537 2127 583 2181 vel
596 2127 849 2181 xenodochiorum
862 2125 950 2180 iacui·
1003 2127 1137 2179 mortuos
1153 2125 1286 2195 sepeliri.
1836 2116 1839 2141 ¹

5 2227 11 2236 ·
115 2220 191 2272 tates
206 2216 370 2285 abstulerit,
388 2219 417 2269 ut
432 2218 552 2270 necator
566 2231 729 2286 pauperum
744 2212 1123 2269 444444444-15414
1139 2214 1267 2268 44414444
1281 2230 1340 2269 444
1365 2219 1569 2287 44444444444,
1587 2217 1614 2271 si
1631 2233 1734 2291 444444
1745 2215 1768 2271 44
1780 2228 1839 2271 44.

116 2311 208 2362 cetur.
608 2288 612 2303 ¹
1004 2303 1154 2357 humatum
1169 2318 1239 2358 esse
1255 2304 1429 2359 constiterit.

151 2395 195 2449 58.
213 2395 255 2449 De
269 2394 404 2449 libertate
419 2393 630 2449 monachorum
646 2397 674 2449 et
690 2395 946 2450 monasteriorum.
1040 2389 1083 2460 76,
1092 2392 1135 2447 444
1146 2392 1193 2446 his
1204 2392 1435 2463 quidecumenta
1445 2393 1640 2450 ecclesiarum
1652 2395 1839 2466 supprimunt

152 2483 196 2537 59.
215 2484 253 2538 414
267 2484 444 2538 monasteria
459 2483 628 2538 releventur
643 2499 659 2537 a
675 2484 846 2555 gravamine
864 2484 949 2538 cleri·
1005 2483 1053 2535 aut
1067 2485 1186 2554 negant.
1698 2474 1700 2479 ’
1716 2478 1719 2483 ’
1832 2476 1839 2565 J

118 2587 230 2626 corum.
1040 2568 1083 2623 ii.
1110 2570 1152 2625 De
1176 2570 1385 2625 traditionibus
1406 2571 1622 2628 ecclesiasticis
1642 2571 1839 2637 observanda]
1837 2578 1839 2583 ’

154 2658 198 2714 60.
220 2658 303 2724 Quod
330 2660 432 2714 clerici
456 2676 515 2715 non
537 2661 645 2716 debent
666 2663 855 2717 monasteriis
871 2678 950 2732 prm·
1004 2674 1070 2729 quae
1085 2657 1153 2714 ildei
1169 2674 1227 2713 non
1242 2658 1387 2714 officiunt

118 2749 197 2818 poni.
1039 2746 1084 2802 78.
1102 2747 1141 2802 Ut
1163 2748 1198 2803 de
1213 2748 1378 2803 reddrtrbus
1394 2748 1531 2805 ecclesiae
1552 2754 1580 2804 44
1596 2750 1721 2823 antiquis
1732 2754 1799 2806 etro·

152 2834 479 2891 61.Utmonaster1um
505 2839 613 2892 nuliam
635 2839 760 2908 patiatur
776 2839 951 2893 calumniam
1005 2836 1377 2908 viteracquisitisquartae
1395 2837 1509 2894 dentur.

118 2924 147 2978 in
163 2924 210 2979 his
226 2925 317 2979 rebus
329 2940 403 2996 quas
418 2926 612 2998 quadraginta
628 2941 721 2982 annos
735 2928 878 2998 possedit.
1041 2926 1086 2980 19.
1102 2926 1144 2980 444
1160 2926 1218 2981 dici
1235 2927 1380 2982 Dominici
1396 2923 1613 2983 observatione.

154 3014 197 3069 69.
224 3014 262 3068 Ut
277 3015 410 3085 episcopi
434 3017 480 3069 vei
496 3017 642 3071 oeconomi
658 3018 703 3071 vol
719 3018 951 3088 orphanotrophi
1042 3015 1086 3070 80.
1104 3015 1146 3071 144
1161 3015 1263 3070 esdem
1274 3032 1317 3070 re.

118 3103 166 3158 vel
190 3103 356 3158 xenodochi
376 3104 448 3158 nibil
472 3105 658 3160 haereditarie
687 3107 869 3177 possideant,
894 3109 993 3184 nisio
1043 3104 1087 3158 84.
1110 3105 1153 3160 444
1169 3105 1294 3176 panibus
1311 3108 1339 3160 44
1353 3105 1421 3159 44444
1443 3105 1534 3160 444444
1550 3122 1617 3179 quae
1633 3105 1721 3183 sacris
1731 3099 1800 3158 414444-

119 3193 198 3263 quod
226 3194 293 3248 anto
329 3193 524 3248 ordinationis
548 3194 650 3249 horam
680 3196 864 3266 possideant,
894 3196 953 3252 nisi
1007 3193 1064 3248 bus
1082 3188 1253 3249 oileruntur.

119 3282 198 3353 quod
217 3286 284 3336 ante
299 3282 492 3337 ordinationis
509 3282 613 3337 horam
627 3285 835 3354 possederunt.
1043 3281 1087 3336 82.
1106 3282 1147 3336 444
1163 3283 1265 3337 eadem
1281 3298 1323 3337 44

154 3369 199 3424 69.
215 3370 269 3435 Qui
285 3374 388 3424 contra
410 3387 512 3440 pacem
531 3373 670 3427 ecclesiae
691 3377 770 3443 sunt,
794 3379 843 3428 444
864 3376 955 3430 rebus
1043 3370 1087 3425 89.
1105 3371 1147 3424 444
1172 3371 1339 3426 constitutis
1355 3372 1568 3428 ecclesiasticis
1584 3361 1839 3463 4444444444411·

121 3460 186 3513 4444
196 3461 410 3530 exspolientur,
425 3460 660 3515 antverberibus
671 3463 742 3516 caesi
754 3463 956 3532 exsiliodepu·
1010 3464 1066 3515 4444
1081 3460 1281 3515 moderandis.

122 3548 231 3601 444444.

156 3634 201 3688 64.
215 3635 253 3690 414
267 3636 303 3690 de
317 3637 407 3691 rebus
419 3636 564 3693 Ecclesiae
578 3642 702 3710 quatuer
712 3641 865 3709 portiones
877 3642 956 3711 64444,

670 3815 920 3899 elatrent
962 3818 1098 3897 LIBRt
1145 3818 1297 3912 Six'rt,

319 3986 374 4053 Qui
389 3994 434 4044 est
450 3989 488 4044 de
498 3989 643 4046 electione
658 3998 687 4046 et
703 3993 891 4048 ordinatione
908 3997 942 4081 et⁴
959 3992 996 4048 da
1012 3993 1090 4047 omni
1102 3996 1251 4064 potestate
1265 3991 1332 4046 sive
1347 3996 1427 4046 statu
1442 3992 1652 4064 episcoporum.

159 4156 248 4212 lU.t
262 4173 335 4229 papa
357 4158 496 4214 incolumi
512 4159 612 4215 nultus
631 4160 911 4233 ambiathapatum3
927 4163 956 4216 et
1046 4158 1089 4214 40.
1107 4160 1148 4214 444
1164 4159 1289 4231 quodam
1305 4159 1444 4214 44444444
1457 4159 1630 4230 episcopum
1640 4150 1839 4232 pambon!

124 4247 159 4302 de
187 4246 331 4303 electione
358 4248 492 4319 alterius,
519 4250 545 4304 si
571 4249 635 4320 ipse
651 4251 747 4307 adhuc
762 4251 867 4306 vivens
882 4249 954 4305 nihii
1010 4265 1085 4319 papa
1098 4249 1262 4322 Gregorius
1273 4249 1451 4320 reprobavit
1464 4251 1492 4304 et
1501 4249 1589 4303 atrum
1602 4238 1839 4322 ieciteiigiatqrfl

122 4336 191 4391 inde
211 4337 402 4407 disposuerit.
1010 4340 1208 4396 consecravit.

158 4425 185 4482 4.
202 4426 240 4483 414
256 4430 390 4482 sanctum
406 4442 475 4483 esse
489 4443 575 4483 nemo
590 4428 703 4484 dubitet
717 4444 805 4499 quera
815 4427 955 4498 apostoli·
1046 4426 1089 4482 44.
1101 4428 1184 4492 Quod
1195 4428 1312 4482 vivente
1324 4428 1455 4481 liomano
1469 4426 1515 4482 vel
1527 4425 1583 4482 alio
1592 4427 1731 4498 pontifice
1740 4427 1839 4484 nullu

124 4531 167 4570 cm
181 4515 332 4587 dignitatis
348 4530 423 4585 apex
433 4516 515 4586 J'uste
531 4517 644 4573 attollit.
1011 4516 1184 4572 electionem
1200 4518 1360 4586 praesumat
1372 4515 1480 4571 iacere.

158 4602 185 4658 9.
202 4603 274 4660 Item
289 4603 325 4658 de
340 4604 486 4675 eligendis
495 4605 656 4677 episcopis,
673 4609 704 4661 44
713 4607 796 4676 44444
808 4606 955 4662 4444441444
970 4571 997 4632 D
1049 4604 1090 4660 19.
1108 4607 1150 4661 114
1165 4606 1309 4662 414444444
1322 4605 1479 4675 pontilicis.

124 4693 184 4765 liat,
200 4697 228 4748 et
237 4692 350 4749 nullum
366 4693 492 4763 pretium
507 4695 692 4750 interveniat.
1047 4693 1090 4749 43.
1107 4695 1189 4760 Quod
1210 4695 1379 4749 invasorem
1394 4693 1565 4764 epostolicae
1580 4694 1662 4749 sedis
1678 4695 1764 4750 licoat
1778 4700 1839 4752 ca(

158 4781 186 4838 4.
214 4782 252 4837 414
275 4782 305 4836 44
320 4782 463 4839 electione
485 4783 609 4839 11444444
624 4783 773 4854 4444444444
788 4784 889 4839 441444
903 4784 957 4839 im·
1011 4783 1159 4839 dinalibus
1175 4785 1432 4839 excommunicare
1448 4787 1476 4837 et
1491 4781 1649 4853 expellere.

123 4870 326 4941 pedimentum
340 4871 458 4943 aliquod
474 4870 571 4927 iaciat.
1048 4874 1090 4927 44.
1117 4873 1155 4929 414
1191 4873 1227 4929 ab
1261 4872 1420 4927 ambitione
1446 4872 1712 4943 omnessscessent,
1739 4873 1839 4928 44441ν

159 4960 185 5014 5.
202 4960 241 5016 Ut
255 4961 388 5016 irritasti
403 4962 500 5017 omnis
512 4962 616 5020 electio
624 4962 759 5034 episcopi
773 4963 820 5019 vel
835 4964 958 5035 prosbJ-
1010 4977 1084 5033 papa
1098 4967 1268 5034 permaneat
1282 4977 1370 5034 quem
1384 4962 1484 5016 clerus
1496 4977 1563 5016 cum
1574 4975 1726 5017 concensu
1739 4952 1839 5035 44441

125 5048 180 5102 teri
195 5048 240 5104 vel
256 5049 453 5122 diaconiqum
468 5067 485 5106 a
500 5052 685 5122 principibus
701 5054 741 5109 iit.
1011 5053 1144 5124 elegerit.

159 5133 186 5209 6.
203 5137 245 5193 444
259 5138 308 5193 his
323 5139 373 5209 qui
388 5155 422 5195 se
437 5156 453 5195 a
468 5143 577 5213 populo
592 5142 705 5198 electos
720 5147 895 5198 asseverant
1047 5141 1090 5195 45.
1110 5141 1164 5207 Qui
1178 5140 1335 5213 eligendus
1355 5141 1401 5194 est
1418 5139 1589 5210 episcopus,
1605 5155 1664 5195 non
1681 5140 1721 5194 444
1735 5140 1839 5198 laicus·

160 5223 187 5280 ’1.
204 5226 242 5280 414
254 5230 385 5283 extranei
400 5245 457 5285 non
473 5235 682 5301 praeponantur
690 5233 739 5288 liis
754 5232 805 5303 qui
815 5232 959 5287 44444444-
1011 5245 1070 5284 non
1091 5231 1268 5302 neophytus,
1290 5245 1348 5285 non
1364 5229 1505 5284 secundae
1520 5227 1659 5311 coniugia
1677 5232 1727 5284 aut
1746 5230 1839 5285 vidua

125 5313 241 5368 vierunt
256 5314 283 5367 in
298 5317 435 5373 ecclesiis
451 5320 525 5375 suis.
1012 5321 1144 5375 maritus.

159 5404 185 5457 8.
206 5402 290 5475 Quod
304 5418 361 5457 non
382 5406 449 5461 ticot
463 5410 569 5478 populo
585 5411 759 5467 electionem
776 5412 877 5467 lacere
894 5412 957 5482 epi·
1049 5409 1091 5464 46.
1109 5410 1146 5464 Ut
1162 5410 1197 5463 ad
1212 5410 1385 5465 electionem
1401 5407 1616 5479 metropolitani
1628 5408 1765 5480 episcopi
1779 5424 1839 5465 om·

126 5507 294 5565 scaporum
1011 5515 1065 5554 nes
1085 5500 1283 5570 provinciales
1305 5499 1440 5571 episcopi
1465 5497 1657 5554 conveniant:
1675 5497 1798 5570 quodsi
1811 5498 1839 5552 44

160 5581 186 5638 9.
202 5581 285 5649 Quod
300 5582 505 5652 episcoporum
520 5589 623 5644 electio
640 5606 698 5647 non
708 5606 745 5645 ex
758 5590 861 5646 lavoro
871 5591 959 5647 debet
1011 5591 1086 5644 duos
1100 5606 1133 5643 se
1149 5590 1314 5658 diviserint,
1333 5590 1381 5645 ilie
1404 5591 1591 5660 praeponatur
1605 5604 1655 5684 444
1648 5584 1839 5677 melioribus

125 5686 205 5746 4444,
223 5672 278 5730 sed
289 5686 327 5729 ex
339 5671 452 5745 Judicio
467 5676 632 5732 cautissimi
647 5680 804 5735 examinis.
1011 5679 1124 5734 meritis
1133 5679 1265 5752 juvatur.
