3900 6112
110 301 156 365 105

415 302 472 364 DE
493 301 632 365 REBUS
656 300 805 365 GESTIS
828 303 872 363 IN
894 300 1053 364 MAJORI
1077 302 1259 365 MONAST.
1297 303 1400 367 SAEu.
1425 306 1482 368 XI.

1757 308 1819 375 ⁴06·

114 501 186 556 litatis
199 499 326 567 meritis,
339 503 367 554 et
381 516 540 570 perennem
556 499 690 570 ejusdem
701 499 760 554 loci
775 499 822 554 sui
837 515 926 553 sanc·
939 480 970 543 A
984 501 1100 569 plenum
1117 501 1172 554 fide
1188 502 1326 571 quiddam
1342 505 1555 572 comperimus;
1582 510 1660 578 quod
1686 512 1810 583 scilicet,

115 588 285 644 tificationem
298 592 328 642 et
341 589 441 657 verbi,
459 587 586 643 fideliter
603 591 716 642 oratum
741 589 927 642 venientibus

117 677 227 732 obtinere
243 680 371 745 potesta
388 677 519 746 peccatis
544 676 785 731 absolutionem?
800 676 861 730 Nec
880 677 927 729 in-

118 764 927 836 congrueetiamrevelanteDeopraedirtussolitariusde

119 852 370 909 studioeteflieacia
380 852 503 906 fratrum
513 852 649 924 ejusdem
661 852 833 906 monasterii
849 852 927 906 cirra

120 941 207 996 cultum
229 945 258 994 et
276 941 541 1012 frequentationem
567 943 839 1008 sacramentorum,
860 956 926 1010 qum

123 1045 189 1098 supra
202 1029 368 1096 retulimus,
385 1029 432 1083 vel
448 1028 529 1097 vidit,
543 1028 588 1082 vel
600 1027 719 1092 effudit;
736 1029 882 1099 qnoniam,
897 1032 926 1082 ut

123 1117 159 1188 ipsi
179 1117 399 1188 perspeximus,
429 1132 494 1171 mos
516 1121 578 1170 erat
601 1117 697 1186 ipsius
719 1117 845 1171 ‹roenobii
863 1121 925 1170 utu

69 1266 71 1271 ¹
124 1205 301 1276 primaaurora
312 1220 408 1276 usque
419 1205 449 1259 in
462 1205 563 1259 boram
572 1205 925 1275 piandum-opta·saeer-

124 1294 195 1347 letum
210 1294 334 1362 copiam,
351 1294 488 1347 continua
504 1294 663 1346 missarum
680 1294 838 1346 celebratio
854 1309 924 1361 pro-

125 1380 268 1435 traheretur.
281 1379 352 1446 Qure
366 1384 425 1434 tam
440 1381 529 1453 digne
549 1397 582 1435 ac
598 1386 768 1435 reverenter
779 1381 876 1448 fiebat,
895 1384 925 1434 ut

126 1470 192 1539 napis
205 1471 338 1540 angelica
354 1485 441 1540 qnam
457 1469 584 1523 humana
604 1469 746 1523 exhibitio
762 1474 922 1540 putaretur.

127 1557 184 1611 lade
199 1573 251 1610 nce
272 1557 449 1611 laudabilem
474 1560 502 1612 et
531 1557 699 1611 imitandam
720 1573 823 1611 eorum
845 1557 924 1610 eirca

980 590 1049 643 dum
1066 589 1132 659 quis
1148 603 1251 643 eorum
1267 590 1295 643 in
1312 592 1451 645 extremis
1466 594 1653 663 epitomes
1670 602 1808 656 omnibus

980 678 1110 747 negotiis
1138 678 1317 732 intermissis
1342 687 1501 734 aecurrunt
1527 697 1608 737 :non
1639 688 1810 743 conrodendi

980 765 1115 833 avidilaS,
1129 782 1185 819 non
1197 767 1359 819 dormiendi
1370 770 1544 828 necessitas.
1558 788 1616 824 non
1631 773 1812 830 11111οη1111οι-

980 855 1022 907 ris
1051 855 1219 922 occupatio,
1246 871 1304 908 non
1328 856 1454 923 publium
1475 859 1606 914 utilitatis
1627 862 1652 913 d·
1678 865 1810 931 pensatio

980 946 1087 1011 quauta
1098 947 1216 1012 qnanfn,
1227 944 1344 996 omnino
1356 946 1401 997 vel
1415 951 1532 999 revocat
1545 949 1588 1001 vel
1601 950 1728 1004 retardat
1739 968 1810 1022 quo·

980 1031 1076 1083 minus
1087 1031 1263 1084 conveniant
1275 1032 1405 1085 universi
1418 1037 1445 1086 et
1456 1035 1565 1104 singuli
1577 1037 1612 1090 ud
1623 1037 1742 1092 ferenda
1752 1039 1812 1093 suf·

980 1116 1082 1188 fragia.
1102 1118 1194 1171 l‘orro
1212 1134 1295 1171 namu
1313 1135 1425 1172 vacuus
1441 1122 1486 1173 vel
1504 1123 1638 1177 manibus
1656 1126 1744 1180 nudis
1756 1128 1809 1181 sed

979 1207 1809 1282 arinutiomnesaccelerantadmorientistntelam,armis

978 1293 1096 1363 quidem
1112 1294 1188 1361 fidei,
1206 1298 1234 1347 et
1258 1294 1354 1364 gladio
1369 1297 1502 1366 spiritus,
1521 1300 1598 1367 quod
1624 1303 1670 1354 est
1684 1303 1809 1358 verbum

979 1380 1041 1434 Dei.
1060 1382 1114 1435 Ubi
1133 1383 1209 1435 claim
1233 1383 1350 1454 signnm
1367 1389 1505 1439 extremm
1525 1387 1605 1440 illius
1621 1389 1808 1445 necessitatis

978 1470 1108 1522 anditum
1134 1471 1231 1535 fuerit,
1260 1473 1358 1524 statim
1383 1473 1548 1541 symbolum
1574 1475 1726 1530 catholicas
1741 1478 1809 1533 fidei

979 1558 1006 1611 iu
1024 1573 1151 1627 persona
1167 1560 1320 1612 morientis
1345 1576 1448 1612 omnes
1474 1561 1625 1631 incipiunt,
1644 1564 1669 1616 ci
1694 1565 1808 1621 scilicet

127 1645 202 1698 fratres
217 1645 371 1699 defunctos
387 1646 548 1716 antiquitus
562 1645 749 1700 observatam
766 1648 923 1699 consuetu·
940 1645 964 1705 Β
978 1646 1170 1716 perhibentes
1187 1648 1385 1700 testimonium
1405 1650 1483 1718 quod
1506 1649 1533 1702 in
1549 1650 1603 1704 bac
1620 1651 1675 1706 fide
1691 1653 1806 1723 vixerit,

129 1733 196 1786 dinem
208 1732 442 1804 praetereundam
457 1746 624 1788 censemus
641 1734 713 1788 tlum
725 1734 802 1787 enim
817 1732 923 1804 aliquis

129 1820 218 1874 fratrum
231 1837 325 1891 anper
339 1823 473 1890 obiisset,
485 1822 642 1876 confessor
651 1821 719 1892 ejus
728 1823 758 1875 in
775 1823 923 1876 communi

129 1909 305 1976 superindicta
320 1910 488 1978 paenitentia
506 1910 721 1980 inquirebatur,
739 1926 797 1981 qua
812 1910 923 1978 andita,

130 1997 177 2049 nira
196 1999 400 2068 compassione
425 1998 542 2052 videres
565 1999 722 2052 cunctatim
743 2014 759 2051 a
779 1998 923 2052 fratribus

130 2084 198 2138 lntris
211 2102 283 2140 onus
298 2087 412 2156 suscipi
427 2102 433 2140 :
451 2086 499 2139 hic
515 2088 648 2156 psalmos
658 2086 707 2141 ille
719 2087 830 2140 missas
845 2086 921 2140 alius

127 2169 220 2241 jejunia,
232 2174 367 2245 aliusque
384 2174 557 2244 disciplinas
573 2176 730 2229 verberum
752 2174 808 2228 sibi
826 2175 922 2244 rapie-

129 2257 165 2312 lu.
177 2261 345 2331 Implebalnr
364 2262 497 2332 proferto
518 2263 590 2316 miro
611 2263 713 2317 ordine
728 2263 923 2332 apostolicum

130 2346 192 2402 illud:
210 2371 219 2395 ι
234 2349 452 2405 alterationes
472 2365 560 2404 onera
575 2352 688 2419 portate
703 2349 779 2419 (Gal.
798 2368 836 2418 vr,
852 2351 891 2420 ⁶3).
910 2371 920 2398 1

129 2433 181 2490 1111
202 2438 323 2509 denique
348 2442 526 2492 exoneratus
550 2439 707 2492 defunctus
730 2439 767 2492 ab
785 2438 922 2508 imposita

125 2513 291 2580 'satisfactione
305 2527 498 2596 poeniteutiae,
515 2526 600 2593 liber,
619 2531 648 2579 ut
664 2527 920 2594 c1·odimns,tran-

127 2609 176 2664 ritu
187 2613 218 2667 ad
231 2615 375 2684 requiem,
392 2617 419 2668 el
435 2618 599 2669 conventus
618 2614 835 2686 assequebatur
851 2631 920 2687 gra-

126 2697 177 2753 tim.
192 2702 290 2757 Amen.

146 2784 162 2841 9.
175 2789 265 2862 Hujus
276 2793 363 2846 etiam
380 2793 507 2846 coenobii
522 2791 625 2859 abbas,
636 2791 752 2845 nomine
769 2791 920 2846 Bartholo-

124 2887 195 2946 uens,
209 2879 331 2949 privatis
347 2880 531 2933 orationibus
549 2879 733 2950 frequentius
750 2880 917 2933 insistebat.

978 1739 1006 1789 et
1021 1735 1049 1788 in
1068 1735 1121 1788 bac
1138 1734 1193 1789 lide
1204 1751 1217 1786 a
1229 1750 1352 1804 corporo
1365 1736 1505 1791 discedit:
1520 1754 1555 1791 uo
1566 1739 1701 1794 videlieet
1712 1740 1807 1796 bostis

977 1824 1115 1894 antiquus
1131 1824 1165 1876 ml
1183 1824 1352 1877 Creatorem
1368 1840 1454 1878 snum
1472 1827 1629 1880 revertenti
1647 1828 1807 1884 audeatoe·

978 1927 1110 1979 cursare,
1128 1913 1173 1966 cui
1189 1913 1268 1965 audit
1285 1913 1349 1967 lidei
1362 1913 1563 1967 testimouium
1580 1916 1708 1985 undique
1723 1932 1806 1973 reso·

979 2016 1060 2054 nare.
1077 1999 1159 2064 Quod
1171 2017 1256 2070 quam
1270 2001 1429 2055 sulubriter
1440 2002 1478 2054 sit
1493 2002 1655 2056 institutum
1667 2003 1695 2056 iu
1707 2020 1808 2058 omno-

978 2088 1027 2142 bio
1039 2088 1161 2159 lfajoris
1172 2089 1485 2157 lllonasterii,evidenti
1495 2090 1601 2144 indicio
1613 2092 1751 2162 (lignatus
1763 2095 1809 2147 est

977 2177 1118 2229 Dominus
1134 2177 1301 2229 ostendere.
1327 2175 1469 2240 Quoniam
1494 2179 1561 2231 dum
1585 2179 1702 2246 quidam
1718 2180 1808 2235 frater

977 2269 1077 2336 ageret
1087 2266 1273 2333 inextremis,
1282 2280 1335 2332 prro
1347 2266 1472 2318 solemni
1482 2265 1804 2336 moreilliusecclesiae,

976 2352 1107 2406 nonnulli
1120 2351 1304 2404 exfratribus
1316 2352 1547 2405 circumstabant
1558 2354 1663 2417 lectum
1679 2354 1805 2409 morien·

976 2440 1023 2507 tis,
1034 2439 1174 2508 precibus
1185 2441 1213 2493 et
1224 2430 1407 2493 orationibus
1423 2439 1489 2508 ejus
1505 2438 1613 2493 exitum
1626 2442 1803 2496 munientes.

975 2528 1070 2583 Unius
1083 2528 1178 2598 itaque
1190 2528 1281 2596 aperti
1293 2531 1361 2580 sunt
1371 2528 1457 2594 oculi,
1466 2532 1493 2581 ot
1504 2544 1573 2582 ecce
1584 2528 1655 2582 vidit
1666 2529 1805 2600 angelum

973 2615 1088 2670 Domini
1104 2616 1281 2669 residentem
1292 2615 1326 2668 ad
1342 2616 1432 2668 altare
1444 2620 1471 2669 et
1483 2615 1717 2670 fratrisanimum
1728 2633 1806 2686 prae-

973 2704 1150 2758 stolantem:
1173 2703 1244 2757 vidit
1260 2706 1288 2757 et
1310 2703 1457 2757 diabolum
1483 2719 1573 2774 prope
1597 2706 1756 2774 assistere,
1774 2708 1806 2761 ut

972 2793 1077 2845 animae
1094 2793 1212 2845 exeunti
1228 2792 1311 2845 fieret
1327 2792 1543 2861 impedimento.
1562 2794 1664 2846 Anima
1686 2810 1804 2864 quoqne

974 2880 1074 2933 fratris
1090 2881 1126 2933 de
1142 2895 1266 2948 corpore
1282 2896 1416 2951 egressu,
1430 2881 1459 2933 in
1475 2881 1574 2949 specie
1589 2881 1723 2934 infantuli
1740 2882 1804 2935 visa

69 3030 71 3045 Ι
120 2958 594 3039 11110011001101011010103110
606 2967 917 3038 duofratres,quiejus
934 2959 1018 3022 Cest
1034 2969 1286 3037 superproprium
1298 2983 1406 3037 corpus
1423 2969 1583 3035 resedisse,
1601 2974 1628 3023 et
1644 2969 1730 3038 quast
1746 2972 1804 3022 tre·

123 3051 223 3124 tenpore
234 3056 377 3123 obierant,
395 3055 553 3110 visibiliter
568 3059 743 3126 apparentes
758 3056 895 3109 dixerunt
910 3072 915 3110 :

69 3144 71 3151 '
120 3139 197 3198 *Beue
211 3144 339 3214 quidem,
359 3144 451 3213 Pater,
469 3146 527 3198 lam
543 3160 594 3214 pro
611 3148 637 3197 te
652 3160 738 3214 quam
754 3160 808 3212 pro
824 3159 916 3215 grege

118 3232 247 3286 conmisso
263 3234 290 3285 in
309 3232 420 3285 orando
436 3232 606 3303 pervigilas,
624 3233 677 3285 sed
693 3233 814 3286 noveris
831 3232 916 3284 etiarn

117 3321 272 3374 correctione
297 3321 444 3392 agendum
469 3320 546 3374 circ-a
569 3335 631 3374 eos.
656 3319 729 3373 Sunt
750 3321 826 3373 enim
842 3319 918 3373 inter

116 3403 169 3471 illos,
179 3408 226 3478 qui
240 3424 293 3479 pro
306 3407 450 3462 fratribus
467 3407 531 3460 suis
541 3407 689 3461 defunctis
701 3423 759 3461 uon
771 3407 843 3461 satis
855 3406 916 3462 sol-

115 3489 165 3547 liciti
175 3501 250 3562 suut,
263 3496 311 3550 ille
321 3495 539 3565 scilicetetille,
555 3499 583 3549 et
593 3496 917 3566 nominaveruntqnos-

116 3579 243 3654 1111133
258 3600 341 3655 ergo,
359 3587 388 3637 et
402 3584 431 3637 in
443 3583 591 3637 communi
605 3586 748 3637 conventu
764 3599 855 3652 super
869 3584 918 3637 de-

113 3664 199 3724 functis
214 3672 391 3726 mentionem
414 3671 537 3740 faciens,
555 3672 713 3725 universos
739 3675 767 3725 et
781 3671 918 3743 singulos

114 3755 244 3814 exhortare
259 3776 296 3814 ne
320 3759 510 3814 dissimulent
534 3775 608 3812 neve
627 3758 762 3814 different
777 3758 918 3812 fratribus

115 3845 163 3898 suis
175 3845 315 3901 defunctis
334 3848 523 3901 constitutae
540 3848 653 3900 sanctis
671 3847 810 3901 Patribus
823 3847 919 3900 debita

115 3933 269 3998 persolvere.
282 3936 344 3989 Hoc
354 3936 432 3988 onim
444 3935 494 3989 tibi
507 3935 633 3989 dicimus
648 3936 677 3988 in
690 3935 780 3989 verbo
792 3935 917 4002 Domini,

116 4020 168 4086 quia
180 4024 222 4092 qui
238 4024 378 4078 fratribus
391 4025 454 4077 suis
471 4024 538 4077 dum
551 4023 622 4077 vivit
633 4039 691 4077 non
702 4023 829 4077 exsolvit
840 4023 919 4093 quod

118 4103 191 4178 debet,
202 4112 277 4182 quod
292 4114 317 4166 ei
335 4112 474 4167 defuncto
487 4113 522 4163 ab
539 4112 604 4165 aliis
619 4111 799 4180 exsolvetur,
816 4128 874 4165 non
888 4112 918 4165 in

973 3055 1120 3109 meliunda
1136 3055 1255 3126 maligui
1273 3055 1430 3108 formidare
1445 3057 1643 3125 praesentiam.
1660 3056 1733 3109 Tum
1749 3072 1802 3110 eu·

970 3144 1031 3198 bito
1049 3161 1107 3196 vox
1131 3147 1296 3196 conventus
1321 3143 1504 3196 advenientis
1528 3142 1653 3208 auditur,
1671 3143 1802 3197 claman-

967 3232 1039 3285 tium
1055 3247 1109 3300 pro
1122 3232 1210 3284 fratre
1222 3235 1249 3284 et
1263 3231 1419 3283 dicentium
1432 3245 1438 3283 :
1451 3229 1548 3283 Credo
1559 3230 1589 3282 in
1602 3247 1686 3282 unum
1697 3229 1802 3286 Deum.

968 3320 1012 3374 Ad
1028 3335 1156 3390 quorum
1168 3319 1369 3372 testimonium
1381 3317 1525 3370 confusus
1534 3317 1629 3370 bostis
1642 3318 1800 3386 abscessit,

968 3410 1125 3462 etsanetns
1136 3407 1263 3478 angelus
1274 3406 1309 3458 ad
1322 3420 1424 3459 vocem
1435 3405 1563 3458 cantoris
1576 3405 1801 3474 responsorium

968 3495 1208 3566 pronuntiantis:
1227 3493 1403 3560 Subvenite,
1430 3494 1527 3546 sancti
1549 3492 1621 3556 Del,
1641 3493 1799 3564 occurrite,

969 3584 1069 3656 anqeli
1089 3583 1225 3642 flumini:
1242 3582 1422 3653 praevidente
1437 3597 1471 3634 eo
1488 3581 1535 3635 cui
1550 3581 1691 3636 divinitus
1706 3580 1802 3635 fuerat

970 3674 1140 3741 revelatum,
1159 3671 1284 3726 animam
1301 3670 1399 3724 fratris
1412 3669 1581 3738 suscipiens
1591 3669 1621 3723 in
1633 3669 1739 3723 coelum
1754 3684 1802 3723 ns·

969 3777 1026 3833 quo
1043 3761 1173 3815 deduxit.

1005 3851 1031 3904 1.
1048 3849 1117 3903 Erat
1133 3850 1162 3901 in
1178 3847 1281 3902 eodem
1297 3846 1432 3900 coenobio
1449 3846 1494 3899 vir
1508 3846 1679 3918 religiosus,
1697 3845 1800 3899 Hilde-

970 3938 1101 3992 brandus
1126 3936 1164 4005 (l)
1187 3936 1320 4002 nomine,
1342 3935 1388 3988 cui
1413 3951 1466 4004 pro
1482 3934 1550 3988 vitae
1567 3950 1630 3988 suae
1646 3934 1749 3988 merito
1763 3934 1799 3989 ab

969 4025 1075 4079 abbate
1091 4028 1305 4078 sacramentum
1318 4021 1517 4076 confessionis
1533 4022 1726 4076 commissum
1737 4022 1799 4076 fue-

971 4116 1024 4166 rat.
1034 4111 1156 4176 Quidam
1172 4115 1268 4164 autem
1284 4109 1320 4163 de
1336 4108 1476 4164 fratribus
1486 4109 1520 4161 ad
1535 4112 1665 4162 extrema
1675 4109 1800 4164 veniens

118 4205 182 4249 suen
194 4200 292 4269 ipsius,
306 4200 394 4254 sedin
411 4216 511 4254 eornm
526 4200 660 4270 proficiet
676 4199 836 4268 utilitatem,
854 4201 918 4270 qni·
932 4202 958 4262 D
972 4200 1141 4270 supradicto
1152 4198 1294 4269 religioso
1306 4197 1496 4251 eonscientiae
1507 4195 1800 4264 suoepatefecitarca·

119 4277 213 4353 hesper
222 4304 303 4342 suam
320 4288 528 4359 negligentiam
544 4291 660 4342 tenetur
675 4289 831 4342 obnoxius.
848 4288 918 4342 11103

119 4373 191 4428 tutem
204 4392 274 4447 qnos
286 4377 454 4430 nominatim
471 4377 687 4446 expressimus
700 4377 835 4445 privatim
850 4393 918 4430 con·

119 4459 205 4530 venies,
220 4465 380 4535 duriusque
397 4464 565 4533 increpabis
580 4464 615 4516 ad
627 4463 870 4532 emendationem,
884 4465 919 4518 ite

119 4549 200 4604 catelo
214 4553 408 4606 admonitione
429 4554 539 4621 pariter
553 4555 581 4604 et
601 4554 748 4621 praecepto
764 4567 816 4605 eos
832 4552 918 4606 insti-

119 4630 196 4704 tuens,
209 4642 284 4713 qnod
301 4642 326 4695 si
345 4640 541 4710 neglexerint,
556 4639 734 4693 horrendum
751 4639 918 4693 3111111013-

120 4716 313 4784 riutimminero
323 4728 478 4799 judicium.
498 4749 508 4775 1
528 4727 582 4779 Η13
598 4727 684 4781 dictis
695 4727 916 4797 disparuerunt.

120 4802 300 4872 lihnamon
315 4816 461 4871 sellicitus
486 4814 617 4885 injuncto
642 4816 699 4869 sihi
727 4816 917 4887 exsequilnr3

120 4900 275 4975 negligentes
301 4907 422 4959 catenus
445 4904 480 4958 ad
504 4903 647 4957 cautelam
667 4902 818 4975 evigilant,
848 4904 918 4960 boni

119 4981 226 5049 artiores
241 4993 413 5048 redduntur.

143 5070 162 5130 3·
185 5080 325 5147 Quantum
354 5081 428 5135 fides
457 5080 577 5151 propria
604 5080 717 5150 possit,
748 5082 919 5149 comprobet

119 5155 200 5239 liena,
215 5170 293 5242 quod
318 5172 346 5224 et
361 5170 390 5223 in
406 5169 552 5239 baptismo
571 5168 637 5223 luce
659 5169 770 5223 clarius
786 5171 873 5239 patet,
891 5175 918 5224 et

116 5258 237 5313 leuntiis
253 5262 423 5313 sanctorum
438 5257 672 5312 institutionibus
688 5257 915 5312 demonstratur.

116 5331 171 5399 inter
183 5352 287 5402 eaelera
303 5362 374 5400 vero
390 5345 464 5400 facia
475 5346 697 5412 monachornm,
707 5347 918 5415 praeclarmnct

104 5665 246 5726 utiterum
290 5669 297 5721 i
311 5668 491 5724 idebrandus
506 5668 615 5724 senior.

971 4304 1052 4355 num,
1068 4289 1096 4341 et
1111 4287 1150 4339 ita
1164 4285 1294 4339 decessit
1310 4299 1326 4338 e
1342 4286 1409 4337 vita.
1426 4284 1498 4336 Post
1512 4283 1687 4336 noumnltos
1704 4285 1800 4336 antem

972 4376 1045 4443 dies,
1058 4374 1162 4428 mediae
1173 4374 1268 4427 noctis
1278 4369 1666 4440 libramine,qniescentibus
1676 4369 1800 4424 demere

971 4464 1112 4519 fratribus
1124 4464 1152 4515 in
1164 4461 1290 4530 lectulis,
1303 4475 1372 4514 ecco
1382 4460 1472 4513 frater
1486 4459 1534 4512 ille
1546 4458 1596 4530 qui
1606 4473 1701 4527 nuper
1716 4457 1801 4511 obie-

971 4558 1025 4620 rat,
1043 4568 1133 4621 super
1157 4552 1265 4605 lectum
1286 4549 1448 4604 Hildeberti
1471 4546 1622 4619 vigilantis
1647 4546 1756 4614 astitit,
1772 4546 1801 4599 et

971 4640 1088 4710 magnis
1104 4655 1169 4693 cnm
1185 4639 1310 4691 vocibus
1326 4637 1414 4705 coepit
1429 4637 1599 4703 inclamare,
1617 4634 1735 4688 dicens:
1750 4655 1760 4679 v
1778 4631 1801 4687 0

973 4729 1058 4781 Pater
1068 4727 1247 4794 Hildeberte,
1261 4726 1323 4790 tibi,
1336 4726 1421 4795 quasi
1438 4723 1548 4778 Christi
1559 4721 1671 4776 vicario
1681 4721 1802 4791 peccata

972 4811 1626 4884 meaconfessae,secundumlrdemEcclesiae
1634 4808 1802 4864 mesalvum

972 4905 1063 4959 abeis
1080 4904 1256 4972 credebam,
1272 4906 1299 4956 et
1315 4916 1384 4955 ecce
1399 4900 1661 4966 daemonespoenas
1673 4910 1802 4951 eornma

972 5008 1019 5047 me
1040 4992 1211 5046 terribiliter
1233 4991 1363 5061 exigunt.
1382 5013 1393 5035 1
1414 4987 1449 5042 Et
1474 4986 1523 5041 ille
1541 5001 1547 5040 :
1565 5010 1575 5033 ιι
1595 4985 1630 5039 Et
1653 4985 1734 5054 mibi,
1751 4985 1800 5054 ait,

973 5080 1058 5150 quasi
1073 5080 1192 5134 Christo
1208 5077 1330 5132 Domino
1347 5076 1505 5131 confessus
1521 5089 1572 5142 es,
1590 5076 1618 5128 et
1633 5087 1689 5144 eqo
1705 5088 1759 5143 pro
1773 5075 1802 5128 te

972 5167 1089 5223 Christo
1097 5167 1258 5223 Dominoin
1268 5164 1427 5234 dieiudicii
1437 5162 1632 5232 respondebo.
1647 5181 1658 5211 s
1669 5160 1715 5216 Ad
1726 5160 1803 5216 bane

971 5261 1059 5312 tantae
1071 5257 1139 5310 fidei
1157 5254 1373 5324 professionem
1390 5251 1506 5305 confusi
1522 5251 1673 5307 daemones
1684 5250 1804 5305 absces-

972 5349 1083 5402 serunt.
1096 5344 1257 5398 Defuuetns
1268 5345 1364 5395 autem
1375 5340 1542 5395 confessori
1553 5355 1608 5395 suo
1619 5338 1732 5411 gratias
1743 5338 1804 5410 egit

131 5596 163 5665 (1)
177 5596 225 5652 Sic
240 5614 256 5652 a
277 5596 460 5723 epaphum,
486 5596 593 5651 dicitur
607 5600 702 5654 lamen
721 5596 797 5654 infra
813 5596 904 5653 semel
916 5603 944 5653 st
958 5598 1064 5654 iterum
1080 5594 1286 5652 Hildebertus.
1298 5593 1429 5650 Numero
1444 5597 1541 5651 autem
1556 5594 1589 5649 13
1604 5594 1681 5649 infra
1696 5605 1803 5647 occur·
