3900 6112
73 313 82 391 t
233 303 448 370 HlSTORlAE
474 301 863 370 NORTHUANNORUM
878 301 994 368 LIBRI
1010 299 1131 367 OUTO.
1148 332 1188 349 -
1203 299 1330 367 LIBER
1343 300 1515 387 SEXTUS.
1677 303 1739 379 Μ

83 503 190 563 incole
204 519 278 562 vero
292 502 351 560 lcci
368 504 430 559 tuto
445 502 572 558 fidentes
587 500 758 571 munimine,
777 499 846 557 telis
860 483 890 546 Α
904 499 1060 573 piissimus
1071 501 1100 555 et
1118 515 1280 572 pauperum
1291 503 1473 558 sustentator
1486 502 1669 563 indefessus.
1679 504 1736 560 llis

73 592 178 668 apsis
191 593 295 650 hostes
306 595 460 664 coeperunt
471 590 629 647 confestim
639 591 676 645 ad
688 591 735 645 sui
744 590 847 661 perni-
903 592 931 644 et
942 587 1115 660 hujusmodi
1128 590 1306 658 probitatum
1316 590 1423 662 vigens
1434 591 1537 662 titulis,
1549 594 1637 664 coepit
1646 593 1734 653 vehe-

73 696 270 754 nprovccure.
282 679 846 736 Nortbmennisaevissimoiurorecon·
902 679 1015 733 menter
1028 678 1186 750 aggravari
1209 679 1386 750 eegritudine
1405 680 1549 750 corporis.
1573 682 1737 738 liebertum

73 771 441 842 monstrumcummugno
454 770 564 841 impetu
579 784 748 841 pergyrum
759 784 848 839 oppu-
900 782 972 838 ergo
992 766 1249 838 archiepiscopum
1270 768 1299 822 et
1318 771 1441 823 cunctos
1464 768 1737 826 Northmennorum

73 864 111 929 nt,
127 861 251 931 repente
265 860 394 931 capiunt,
411 860 440 914 ct
454 873 521 913 cum
531 858 606 912 viris
621 873 655 912 ac
669 857 846 912 mulieribus
897 854 1048 927 principes
1060 854 1138 926 apud
1154 854 1333 910 Piscannum
1350 858 1502 927 convocat,
1512 857 1617 928 eisque
1631 856 1736 928 sejam

73 962 97 1005 te
108 948 324 1020 parvulisigne
336 949 513 1003 terratenus
527 945 714 1001 comburunt.
726 944 797 1000 Inde
810 945 847 1000 ed
898 944 1018 999 omnino
1039 942 1152 998 resolvi
1172 943 1292 999 indicet.
1308 944 1391 1000 Illico
1415 961 1469 1016 per
1488 949 1594 1000 cuncta
1607 944 1736 1001 triclinio

73 1034 235 1093 indensem
249 1037 355 1092 urbem
365 1037 420 1092 iter
428 1035 569 1107 dirigunt,
584 1034 712 1106 eiusque
722 1034 846 1106 petriam
896 1033 1004 1087 domus
1030 1031 1062 1087 sit
1082 1031 1220 1087 omnibus
1238 1032 1434 1088 intolerabilis
1458 1033 1567 1089 luctus.
1593 1035 1735 1107 Lugubre

73 1143 77 1178 ι
97 1128 289 1182 consumunt.
312 1125 514 1180 Considerans
529 1123 622 1196 igitur
637 1123 726 1195 Hugo
743 1125 845 1178 contre
896 1122 1005 1194 quippe
1019 1120 1256 1176 lamentabantur
1268 1121 1407 1178 monachi
1421 1125 1449 1177 et
1464 1121 1574 1193 elerici,
1587 1138 1640 1193 pro
1655 1125 1735 1179 tenta

73 1229 118 1271 um
131 1215 286 1270 exercitus
305 1215 400 1271 robur
414 1229 448 1270 se
464 1213 544 1268 nullo
559 1215 644 1284 pacto
659 1227 751 1283 posse
765 1211 844 1266 resi·
896 1212 1019 1266 orbitete
1027 1211 1119 1280 patris
1126 1209 1307 1266 charissimi.
1320 1210 1451 1265 Heroum
1463 1226 1515 1265 ora
1525 1210 1675 1266 undabant
1688 1211 1735 1268 lc-

73 1316 85 1359 s
98 1307 271 1375 equestrem
285 1303 391 1359 sellem
403 1302 503 1359 terens
519 1300 844 1372 humeris,provolutus
896 1299 1006 1371 crprnis
1021 1315 1075 1369 pro
1087 1298 1250 1354 amissione
1260 1297 1452 1354 invictissimi
1467 1298 1562 1354 ducis.
1579 1299 1738 1375 Lugebsnt

73 1389 844 1462 busRiebardiadolescentispreeesuppliciveniam
895 1403 1014 1461 quoque
1028 1390 1157 1443 caterve
1173 1402 1336 1459 egenorum
1350 1403 1404 1459 per
1417 1388 1546 1458 compita
1561 1391 1671 1463 oppidi,
1682 1406 1736 1460 pro

73 1482 145 1537 ntur
168 1481 338 1536 commissis
361 1480 547 1537 temeritatis.
571 1478 633 1544 Qua
648 1478 760 1534 indulte
775 1480 843 1534 Rei·
895 1478 1083 1533 destitutione
1092 1476 1140 1532 sui
1150 1475 1346 1531 consolatoris
1368 1480 1397 1530 et
1420 1478 1546 1547 patroni.
1562 1479 1735 1535 Novissime

73 1582 125 1625 um
141 1569 278 1642 reddidit,
298 1571 336 1640 et,
359 1569 567 1625 obsidionibus
583 1568 670 1636 datis,
688 1567 764 1638 opud
781 1569 843 1624 Ro·
894 1571 992 1622 eutem
1016 1565 1142 1620 ascitum
1167 1563 1351 1620 Richardum
1374 1563 1468 1623 lilium
1493 1583 1581 1623 suum
1596 1567 1735 1624 consultu

73 1672 178 1731 regum
188 1655 843 1727 exbocsetoresatisfacturumjurejurendo
895 1655 1061 1726 sapientum
1080 1653 1216 1725 proesecit
1232 1668 1287 1708 suo
1302 1653 1434 1728 ducatui,
1450 1660 1480 1712 et
1494 1656 1657 1711 Robertum
1671 1655 1733 1710 ira·

77 1746 233 1804 Richardo
242 1747 410 1818 spopondit.
420 1745 535 1812 Quibus
547 1746 582 1800 ad
591 1749 691 1801 votum
702 1746 841 1816 peractis,
894 1746 969 1799 trem
984 1742 1050 1815 ejus
1067 1743 1216 1797 comitatui
1238 1741 1408 1814 Oximensi,
1432 1747 1464 1800 ot
1478 1744 1545 1799 inde
1560 1744 1601 1799 illi
1617 1743 1734 1814 persol-

73 1835 173 1901 ornus
190 1835 313 1907 ,juvenis
329 1836 367 1890 ad
380 1838 493 1907 patrem
508 1835 596 1891 rediit
611 1849 679 1889 cum
693 1834 769 1890 suis.
895 1835 980 1888 veret
995 1831 1125 1888 debitum
1145 1829 1294 1902 obsequii.
1315 1833 1448 1904 Denique
1464 1832 1601 1889 omnibus
1616 1848 1683 1905 quta
1698 1832 1735 1888 ad

304 1941 430 1998 CApUT
451 1941 541 1997 xpp,
896 1921 950 1976 Dei
958 1920 1069 1977 cultum
1080 1920 1229 1992 pertinere
1237 1922 1426 1993 videbantur,
1434 1926 1555 1977 strenue
1567 1920 1733 1992 dispositis,

73 2027 162 2087 ΜΗ
183 2029 353 2087 memus
368 2031 555 2085 mmm„
580 2009 1055 2095 ve„im13,·01„,„,13millesimo
1078 2009 1224 2066 vicesimo
1246 2014 1332 2066 sexto
1359 2026 1435 2066 anno
1464 2010 1501 2066 ab
1533 2011 1734 2066 incarnatione

73 2100 141 2157 dnm
157 2100 249 2156 {ilium
264 2105 413 2157 seniorem
425 2101 565 2174 prefecit
580 2116 633 2156 sno
647 2101 776 2156 ducatui.
897 2099 1012 2157 Domini
1025 2099 1176 2154 hominem
1187 2100 1287 2170 exivit,
1303 2100 1382 2155 viam
1397 2098 1569 2171 ingrediens
1584 2098 1734 2157 universe

73 2188 842 2262 ahardusdux,quamvispraecellentissimorumac
896 2189 1006 2258 cernis,
1038 2191 1184 2260 regnante
1208 2189 1312 2244 eodem
1331 2189 1406 2243 lesu
1433 2186 1551 2242 Christo
1574 2186 1606 2241 in
1620 2186 1733 2249 Deitate

73 2279 309 2351 rpraerogctivis
324 2279 413 2351 longe
428 2279 544 2351 lateque
563 2278 711 2333 claruerat
725 2278 840 2349 percpi·
893 2283 1025 2350 paternae
1042 2275 1211 2348 Maiestatis
1234 2279 1263 2332 et
1286 2276 1314 2330 in
1339 2277 1447 2331 unitate
1472 2274 1600 2345 Spiritus
1625 2275 1730 2348 sancti,

73 2369 200 2440 piamen
209 2365 320 2424 Christi
337 2368 433 2424 cultor
447 2369 541 2424 extitit
555 2367 708 2438 assiduus,
724 2368 797 2422 adeo
808 2371 840 2423 ut
893 2382 946 2437 per
960 2365 1058 2423 omnia
1073 2364 1188 2422 secula
1202 2364 1396 2434 seculorum,
1413 2363 1517 2420 Amen.

73 2456 212 2513 soliorum
238 2459 325 2529 etque
347 2456 523 2512 clericorum
534 2456 604 2528 jure
619 2460 742 2512 vocetur
755 2459 839 2528 pater

310 2794 702 2927 fflsrcmrs
752 2729 1462 2928 rorvnrrllvrvorun

694 3005 839 3088 LIBER
863 3007 1065 3086 SEXTUS.

140 3166 192 3230 De
212 3167 311 3230 tertio
333 3166 504 3231 Richards
527 3170 559 3229 ei
579 3166 723 3230 Roberto
733 3168 849 3249 fratre
870 3169 952 3250 ejus,
967 3167 1056 3248 filiis
1071 3167 1224 3232 uidelicet
1243 3169 1380 3232 secundi
1399 3170 1573 3234 Richardi.

264 3422 390 3479 CAPUT
405 3422 571 3479 PRIMUM.
853 3405 878 3466 C
890 3424 1007 3481 bertum
1021 3426 1168 3482 adversus
1182 3441 1254 3484 eum
1264 3425 1417 3483 concitans
1425 3427 1462 3482 ad
1472 3426 1685 3485 rebellandum.
1695 3412 1733 3485 ls'

73 3529 268 3589 lliiclrardus
289 3530 413 3599 tertius,
436 3529 508 3584 licet
527 3528 683 3600 paulisper
701 3531 732 3583 in
752 3531 837 3601 repi—
889 3515 969 3568 enim
983 3517 1051 3585 l³0⁸t
1065 3515 1484 3587 bi0¹¹¹15¹¹m200¹¹²0mll²00l11⁸
1500 3516 1726 3586 d⁰¹¹¹51²50ii¹¹²¹⁸⁸

74 3600 365 3671 undeciremem,
381 3601 544 3656 bonitatem
557 3606 653 3656 temen
656 3602 758 3672 petris
767 3601 836 3656 imi·
889 3603 1015 3659 Falesiae
1029 3607 1163 3660 castrum
1188 3621 1255 3660 cum
1268 3605 1336 3684 suis
1357 3605 1534 3660 satellitibus
1554 3620 1588 3660 se
1603 3605 1728 3662 contulit

73 3678 114 3728 Ἡ
134 3679 191 3728 0⁸¹·
888 3692 1724 3750 adresisterdumliichardusautamduxiurentisiratris

73 3782 185 3856 rotenus
205 3778 382 3835 clarissimis
406 3777 638 3849 praecedentium
657 3776 836 3833 Northman·
887 3782 1061 3837 temerarios
1070 3787 1197 3838 conatus
1208 3783 1316 3839 festine
1328 3783 1450 3854 cupiens
1462 3782 1624 3854 refrenare,
1637 3799 1672 3839 uc
1687 3783 1724 3839 ad

73 3883 103 3923 m
115 3867 225 3923 ducum
240 3869 335 3939 gestis
355 3867 503 3922 inelimato
527 3867 596 3938 styli
611 3866 705 3921 nitore
720 3867 749 3920 in
765 3882 836 3937 pro·
887 3870 1151 3940 obtemperandum
1165 3871 1272 3927 debitae
1288 3870 1468 3942 subjectioni
1481 3886 1634 3942 revocare,
1656 3888 1726 3928 com

73 3960 129 4012 turn
143 3956 314 4026 expressis,
331 3971 521 4027 consequens
537 3955 654 4010 videtur
673 3955 769 4026 utqui
785 3956 836 4009 llo·
886 3959 1016 4014 hostium
1031 3958 1217 4015 multitudine
1238 3959 1316 4014 infre
1336 3960 1427 4015 castri
1445 3959 1587 4015 ambitum
1603 3961 1727 4018 vellavib

73 4049 121 4101 unt
149 4048 236 4100 oetete
260 4045 354 4100 nostri
377 4045 534 4115 temporis,
560 4045 588 4097 in
617 4042 709 4115 hujus
739 4044 834 4099 studio
886 4063 954 4102 eum
964 4046 1229 4118 obsidione.',Qu0d
1240 4063 1306 4103 cum
1316 4048 1433 4103 crebris
1443 4048 1682 4106 ictibusarictum
1692 4054 1721 4106 et

73 4133 143 4189 nesii
168 4137 364 4204 opportunum
389 4133 539 4188 obtineant
564 4133 661 4187 locum
685 4133 833 4189 stationis.
885 4135 1722 4208 balistarumaliqucndiuexpugnaret,tsndemeperfidie

73 4238 124 4278 um
139 4226 225 4277 actus
235 4224 341 4293 partim
351 4223 466 4293 intuitu,
477 4222 582 4293 partim
593 4222 745 4277 veracium
755 4238 833 4277 com·
884 4225 1084 4295 resipiscente
1093 4232 1097 4295 j
1110 4225 1256 4297 Roberto,
1281 4225 1358 4280 datis
1378 4224 1493 4280 dextris
1512 4224 1542 4279 in
1564 4225 1720 4296 pristinam

73 4325 127 4367 nne
151 4311 256 4381 relatu,
282 4327 357 4383 quos
377 4311 570 4383 plurimorum
595 4310 716 4381 notities,
746 4313 835 4383 prout
886 4314 1076 4370 concordiam
1090 4313 1252 4383 redierunt,
1270 4316 1298 4369 et
1314 4312 1438 4367 tirmiter
1459 4327 1532 4384 psce
1556 4314 1719 4383 composita

73 4402 123 4461 ,tas
134 4399 302 4456 dictaminis
313 4400 556 4471 suppeditaverit,
569 4400 724 4469 propalare
736 4399 835 4455 decre·
884 4403 923 4459 eb
939 4403 1065 4459 invicem
1083 4406 1285 4458 secesserunt.
1301 4403 1394 4457 Porro
1409 4402 1470 4457 dux
1490 4401 1658 4458 Richerdus
1672 4403 1719 4458 di·

73 4503 102 4545 s.
119 4487 216 4560 Igitur
230 4487 399 4544 Richardus
411 4488 534 4559 juvenis
545 4488 574 4542 in
589 4488 697 4543 ducatu
712 4504 834 4558 supers-
884 4493 980 4548 misso
996 4493 1129 4548 exercitu
1138 4490 1457 4564 Rothomagumrediit,
1470 4494 1499 4547 et
1511 4507 1579 4546 cum
1593 4507 1719 4549 suorum

73 4576 213 4646 reniteris,
232 4576 300 4631 licet
318 4576 470 4647 paulisper
485 4576 694 4647 supervixerit,
712 4576 791 4632 sicut
804 4577 833 4632 in
883 4579 1047 4650 nonnullis,
1063 4583 1096 4636 ut
1117 4580 1236 4653 plurimi
1260 4581 1433 4650 retulerunt,
1454 4596 1568 4637 veneno
1592 4583 1721 4638 mortem

73 4665 138 4721 bulo
154 4665 293 4735 nominis,
311 4666 350 4720 ita
366 4665 465 4720 haeres
481 4665 593 4720 exstitit
607 4680 735 4720 censura
751 4681 831 4720 sum·
883 4670 966 4726 obiit.
984 4669 1049 4725 lloc
1068 4670 1225 4726 millesimo
1248 4669 1393 4726 vicesimo
1408 4672 1512 4726 octavo
1527 4670 1563 4725 ab
1578 4670 1717 4726 incerna-

73 4753 257 4828 igenuitetis.
270 4754 462 4810 Hicinarmis
472 4753 589 4809 bellicis
598 4753 683 4809 vclde
692 4754 828 4825 idoneuS,
883 4758 1172 4815 tionellominicnnc
1181 4758 1314 4831 contigit.
1327 4757 1715 4816 ParvulusRicbardctlUus

83 4845 182 4898 tamen
196 4841 254 4897 ilde
269 4841 323 4898 tuit
339 4843 502 4897 catholicus
512 4841 686 4897 etciroaDei
696 4843 827 4899 cultores
882 4848 1026 4903 Nicolaus
1041 4847 1146 4917 extitit,
1163 4847 1214 4919 qui
1234 4851 1362 4904 terrenae
1377 4847 1559 4903 hereditatis
1575 4851 1667 4917 sorte,
1683 4852 1717 4906 ut

73 4946 141 5003 gnus
155 4946 191 4985 no
205 4935 396 5001 mansuetus,
414 4946 499 5003 aequo
514 4931 669 4986 libramine
683 4930 824 4987 militares
838 4960 866 5022 D
880 4937 1035 5007 ipseDeus
1047 4935 1095 4990 bic
1105 4939 1134 4991 et
1143 4936 1174 4991 in
1185 4952 1282 4992 sevum
1292 4939 1522 5007 suapcrsesset,
1532 4936 1716 4994 caruitNem

73 5035 100 5075 re
114 5021 288 5088 moderans,
306 5036 378 5090 pace
394 5021 529 5093 gaudens
545 5019 603 5075 frui
618 5020 768 5076 continua.
880 5024 916 5079 ab
937 5024 1059 5080 infantia
1081 5024 1187 5080 litteris
1211 5025 1337 5081 traditus
1361 5027 1390 5080 et
1412 5024 1443 5079 in
1467 5024 1602 5079 coenobio
1617 5026 1717 5082 sancti

305 5126 431 5182 CAPUT
457 5126 492 5182 11.
878 5113 1012 5168 Audoeni
1021 5114 1051 5169 in
1061 5114 1208 5170 suburbio
1220 5113 1453 5186 Rothomagensi
1462 5113 1601 5183 nutritus,
1613 5129 1712 5171 monn·

73 5214 214 5271 liscardic
236 5216 431 5287 interipsum
451 5221 480 5270 et
510 5216 673 5274 liebertum
697 5215 823 5275 fratrem
878 5201 1076 5276 chile-Jussum
1100 5201 1268 5258 diuti⁸⁸im⁰
1291 5203 1427 5273 P⁰P²⁸Vi⁸·
1454 5202 1598 5258 D⁰fu¹¹⁰¹⁰
1612 5207 1718 5262 cutem

73 5303 120 5355 rm,
142 5293 172 5368 et
189 5285 226 5341 de
243 5294 339 5342 morte
357 5287 454 5359 ipsius
474 5289 619 5348 medardi
629 5293 697 5361 post
715 5288 823 5344 scetem
877 5291 982 5346 abbate
1004 5291 1157 5359 Herlssto,
1184 5291 1213 5344 in
1237 5291 1381 5362 regimine
1404 5290 1520 5360 praefati
1538 5296 1719 5352 monasterii

73 5357 223 5414 lssofdfflm·
386 5447 389 5452 ἢ
876 5381 1034 5450 successit,
1051 5380 1132 5452 quod
1156 5377 1218 5434 iere
1233 5379 1446 5452 quinquaginta
1465 5381 1561 5451 annis,
1578 5385 1717 5454 tempore

73 5478 143 5533 mm,
160 5461 252 5535 hujus
268 5464 402 5534 optandae
421 5466 505 5537 pacis
528 5466 712 5522 incremento
727 5467 820 5538 perti-
876 5468 1020 5524 Willelmi
1034 5469 1119 5524 ducis
1131 5467 1334 5524 Nortmanniae
1345 5471 1374 5524 ct
1388 5470 1488 5542 magni
1499 5470 1581 5543 regis
1592 5471 1716 5548 Ansglitc

73 5552 157 5609 tostis
172 5567 232 5607 non
244 5552 353 5608 diutius
364 5568 475 5623 passus
486 5555 622 5611 estillum
637 5556 819 5627 lecturiquo-
874 5557 975 5612 tenuit.
986 5557 1118 5627 Denique
1135 5569 1213 5613 anno
1227 5553 1296 5609 1092
1312 5556 1349 5611 ab
1368 5556 1570 5614 incarnatione
1581 5558 1714 5630 Domini,

73 5657 120 5699 nm
133 5641 266 5698 versutia
289 5642 502 5702 malevolorum
517 5643 638 5703 tratrem
653 5661 741 5701 suum
756 5648 818 5702 Ro·
873 5661 976 5701 mense
991 5645 1162 5716 Februario,
1178 5643 1252 5704 obiit
1267 5645 1399 5716 tempora
1415 5646 1673 5709 liebertilldnois
1687 5653 1717 5714 ot
