3900 6112
238 264 593 331 CONSUETUDINES
615 267 936 334 CLUNIACENSES.
961 304 999 317 -
1022 271 1147 336 bleba
1166 274 1361 339 TERTIUS.
1607 278 1668 342 746

88 469 155 532 tur3
169 469 199 521 et
212 465 239 520 si
252 465 323 536 quid
339 465 384 521 eis
400 467 527 521 domnus
543 466 636 522 abbas
651 466 776 536 miserit,
790 450 815 513 Ᾱ
832 467 869 522 do
885 484 983 524 earne.
996 468 1028 523 ln
1044 470 1170 540 capitulo
1191 489 1243 542 pro
1263 477 1441 546 excessibus
1461 478 1536 549 suis,
1552 495 1667 550 nequa-

87 555 176 610 arius
191 554 315 619 dederit,
333 556 417 613 solus
433 556 480 609 illo
504 573 579 626 puer
593 559 643 628 qui
672 560 728 611 stat
739 556 776 610 ad
833 573 930 627 quam,
948 563 978 612 nt
993 559 1041 613 alii
1055 559 1174 628 infirmi,
1200 563 1315 617 veniam
1336 565 1415 633 polit.

89 644 293 715 principalem,
313 645 340 698 si
368 645 397 699 ei
419 662 434 698 a
459 645 565 701 dotano
594 648 700 703 abbate
727 646 772 702 vel
869 645 932 700 Hoc
956 648 1003 701 est
1024 653 1120 702 autem
1144 651 1319 721 obsequium
1342 655 1420 723 quod
1442 657 1488 708 est
1507 657 1543 710 ab
1559 657 1667 714 eisrite

87 735 183 789 ruitur
201 741 334 794 scutellis
345 736 401 812 lse]
412 751 486 806 opas
498 736 616 805 habore,
631 737 774 808 pergitad
835 734 1007 804 gerendum.
1037 736 1081 789 Ad
1105 736 1195 792 horas
1219 756 1322 795 omnes
1350 743 1504 812 regulares
1529 746 1667 816 singulos

87 837 121 893 n,
137 828 166 879 et
176 824 224 879 illa
235 842 365 898 surgens
396 827 521 897 requirit
536 826 572 879 do
595 825 731 895 coquina,
747 824 777 879 et
835 823 1001 878 versiculos
1011 825 1191 893 psalmorum
1205 829 1409 899 pronuntiant3
1422 831 1449 883 in
1464 833 1587 901 privatis
1604 834 1668 888 dio-

87 927 98 967 ³
112 928 237 982 puerum
249 920 278 970 ut
288 931 341 971 eas
356 919 497 987 apportet,
515 931 569 985 per
584 929 671 984 quem
688 913 775 967 etiam
835 911 891 966 bus
903 912 1077 982 antiphonas
1093 914 1255 986 imponunt,
1272 923 1300 972 et
1321 919 1462 990 quidquid
1484 923 1617 975 cantatur
1631 922 1669 976 ad

87 1001 269 1058 rodvoluerit
296 1005 397 1077 dirigit
410 1006 459 1075 qui
485 1004 569 1059 sedet
589 1004 625 1057 ad
647 1002 773 1056 scillam.
835 1001 957 1054 missam
970 1004 1177 1058 matutinalem.
1187 1006 1231 1059 Ad
1243 1009 1400 1062 rnalutiuas
1409 1009 1512 1063 laudes
1521 1013 1549 1064 ct
1559 1026 1669 1082 vespe-

87 1105 101 1145 a
109 1096 308 1162 puerproptcr
318 1094 463 1164 hospites,
484 1093 533 1164 qui
554 1093 589 1146 ad
605 1093 769 1145 illammcn·
835 1093 1669 1167 rosresponsoriacantantvcrsusdieunt,etinaestatoad

87 1179 199 1234 nautius
218 1183 332 1249 sedant,
350 1183 424 1237 duos
440 1185 536 1252 portat
550 1183 663 1253 jugiter
673 1181 775 1236 cultal·
833 1181 1084 1235 nocturnosillam
1107 1183 1255 1237 minimam
1271 1189 1299 1238 et
1318 1185 1433 1239 unicam
1453 1187 1620 1243 lectionem.
1637 1188 1669 1244 ln

87 1267 240 1324 lineorum
256 1271 293 1325 ita
308 1271 473 1326 infirmatur
489 1277 519 1325 ut
534 1288 593 1325 nou
608 1272 774 1327 honestare
832 1269 958 1338 capitulo
980 1286 1038 1324 non
1061 1271 1109 1324 alii
1131 1288 1218 1341 quam
1240 1272 1298 1341 ipsr
1322 1274 1425 1344 legunt
1438 1277 1617 1347 (quanquam
1639 1278 1669 1332 in

87 1355 124 1411 ric
135 1358 234 1427 priore
246 1361 629 1433 censentienteamagistro
639 1362 774 1417 mensula
833 1358 992 1413 refectorio
1011 1366 1172 1429 uunquam)
1194 1364 1222 1414 et
1241 1361 1277 1414 ad
1295 1361 1480 1419 collationem
1501 1381 1555 1436 per
1573 1367 1667 1421 vices.

89 1445 119 1499 la
132 1448 314 1519 providetur,
332 1452 361 1502 ut
375 1449 483 1503 ibidem
500 1451 602 1503 sedeat
629 1450 678 1504 ubi
694 1454 774 1507 stare
830 1448 952 1516 Tabula,
971 1463 1057 1519 quum
1077 1448 1158 1518 prior
1175 1450 1279 1521 major,
1304 1451 1350 1505 vel
1374 1453 1553 1525 claustralis,
1579 1455 1669 1527 quiu-

87 1533 148 1589 'ost
163 1537 317 1605 prandium
334 1539 381 1592 vel
397 1554 510 1591 emnam
531 1540 641 1607 paritor
661 1554 773 1594 exeun·
830 1536 915 1606 quies
931 1538 1057 1607 percutit
1072 1537 1108 1591 ad
1128 1537 1274 1593 licentiam
1295 1540 1444 1611 loquendi,
1467 1558 1521 1612 per
1538 1545 1669 1614 priorem

94 1627 253 1695 utrumque
269 1626 393 1680 eborum
408 1627 496 1682 madii
512 1628 687 1698 procedunt,
703 1633 774 1698 post
830 1624 947 1680 illorum
964 1627 1010 1680 est
1024 1626 1213 1698 porrigenda.
1229 1627 1312 1697 ltem,
1329 1630 1464 1684 inhieme
1479 1632 1595 1702 quoties
1611 1632 1670 1687 fra·

87 1726 145 1767 rum
168 1711 274 1768 iratres
313 1714 425 1784 bibunt,
461 1720 489 1770 et
518 1716 553 1770 ad
574 1716 771 1786 collationem,
829 1716 1243 1784 trospostsextamsacundo
1266 1719 1434 1789 loquuntur,
1456 1725 1668 1793 posteaquam

89 1840 99 1868 ,
115 1804 144 1854 et
158 1807 224 1857 ante
250 1803 389 1858 domnum
405 1805 540 1860 abbatem
559 1805 604 1860 rel
630 1808 770 1875 priorem.
787 1825 811 1887 Β
829 1802 865 1857 de
876 1803 1004 1858 ecclesia
1018 1805 1153 1876 exierint,
1165 1822 1268 1862 omnes
1281 1808 1486 1864 conticescunt
1495 1810 1668 1881 usquedum

103 1892 451 1961 generalitcreoclesiam
479 1894 596 1961 intrant,
613 1895 771 1949 intrantad
828 1892 884 1945 alta
901 1893 1175 1963 voceperillorum
1185 1895 1336 1950 minimum
1348 1896 1668 1968 Benediciteprouun-

87 1978 517 2050 uplagam,eteonvenlusad
545 1983 768 2039 occidentalem.
828 1983 932 2052 tietur;
959 1983 1037 2054 quod
1061 1986 1089 2038 et
1118 1985 1254 2039 similitor
1276 1985 1313 2039 ub
1342 1985 1407 2055 ipso
1437 1990 1483 2040 ost
1508 1987 1668 2042 dicendum

87 2083 118 2136 a,
135 2069 214 2122 nulla
226 2069 347 2125 refectio
364 2072 512 2142 generalis
529 2072 685 2127 inchoatur
698 2074 770 2127 abs·
828 2071 944 2141 quando
960 2075 1070 2127 exeunt
1089 2072 1275 2143 de'capitulo
1298 2089 1363 2141 sno,
1386 2074 1595 2146 volientaculo
1618 2091 1666 2130 ac·

87 2157 141 2212 nisi
157 2158 254 2212 adsint
270 2159 315 2214 vel
328 2161 395 2214 duo.
413 2161 771 2233 Ubicunquetransiorint
828 2166 912 2230 cepto
941 2161 977 2215 dc
998 2160 1167 2231 refectorio,
1191 2162 1217 2215 si
1241 2162 1529 2233 fratresloquuntur.
1546 2164 1592 2219 Ad
1617 2180 1665 2220 co·

87 2247 286 2314 rum‚sratres
314 2255 416 2304 contra
441 2266 494 2305 eos
509 2252 721 2322 aliquantulum
736 2268 770 2306 se
827 2251 945 2319 quinam
965 2253 1102 2305 notantur
1130 2267 1197 2304 cum
1220 2252 1384 2322 magistris,
1406 2255 1434 2305 et
1458 2251 1497 2305 ita
1526 2252 1663 2322 duobus;

97 2335 249 2405 inclinant,
271 2341 327 2391 lam
352 2343 472 2408 propter
496 2340 571 2394 duos
594 2355 680 2410 quam
699 2357 769 2410 pro·
826 2338 861 2392 ad
890 2354 978 2409 quam
1006 2340 1103 2392 tamen
1136 2354 1195 2392 non
1229 2354 1262 2393 so
1297 2340 1394 2393 levent
1422 2339 1459 2393 de
1493 2340 1665 2396 dormitorio

87 2439 126 2479 es.
143 2424 201 2478 Sed
219 2441 272 2480 uec
286 2428 321 2480 ad
346 2429 535 2482 necessarias
551 2444 606 2482 noc
620 2430 656 2482 ad
672 2430 769 2484 locum
826 2430 891 2481 nate
912 2428 1048 2489 sonitum,
1077 2442 1131 2482 nec
1151 2431 1270 2496 propter
1294 2427 1351 2481 boe
1374 2431 1483 2482 exeunt
1502 2429 1538 2482 de
1559 2431 1663 2501 choro,

87 2516 201 2582 ¹eriunt,
233 2516 292 2568 nisi
320 2532 439 2585 semper
457 2516 515 2571 duo
535 2519 594 2571 sint
612 2519 710 2586 simul,
741 2523 769 2573 ct
825 2517 997 2586 priusquam
1011 2517 1116 2586 psalmi
1129 2516 1288 2570 laiuiliares
1305 2517 1365 2571 sint
1378 2517 1462 2583 liniti,
1479 2518 1537 2570 nisi
1552 2517 1663 2573 adma-

87 2602 167 2663 :ister
182 2618 285 2657 eorum
301 2605 329 2657 ia
346 2606 452 2672 aredio,
466 2607 516 2676 qui
531 2621 586 2660 noc
603 2607 697 2676 sedet,
714 2608 767 2662 sed
826 2605 975 2660 tutinalem
991 2605 1113 2659 missam
1129 2608 1196 2674 post
1210 2603 1473 2674 ollertorium3nec
1487 2607 1621 2661 serviunt
1632 2607 1663 2662 in

87 2690 151 2744 illos
162 2691 198 2744 od
207 2693 577 2761 necessa1·ias,sidelucrit
592 2701 766 2751 conventus.
824 2692 992 2761 refectorio,
1018 2693 1193 2762 necpedcs
1220 2693 1318 2746 lavant
1341 2693 1371 2746 in
1391 2693 1529 2763 capitulo,
1551 2695 1603 2748 sed
1625 2695 1662 2750 de

87 2794 233 2850 squequc
248 2781 450 2836 dorcicctorio
464 2786 616 2851 exeuntes,
627 2787 652 2837 si
662 2786 769 2840 sedent
824 2781 976 2853 magistris
992 2781 1057 2837 suis
1073 2781 1217 2836 adomnia
1233 2797 1299 2852 quoe
1322 2781 1380 2851 ipsi
1401 2785 1601 2851 competenter
1616 2780 1669 2838 la-'

87 2869 215 2936 nectent,
245 2870 387 2924 inclinant
406 2877 509 2926 contra
529 2889 592 2943 eos,
617 2878 645 2927 et
660 2875 700 2927 illi
715 2892 767 2929 as·
824 2886 891 2925 cero
907 2887 964 2924 non
980 2875 1116 2938 possunt,
1133 2871 1263 2924 vicarios
1273 2870 1390 2924 lrabeat.
1409 2871 1464 2924 llis
1475 2871 1582 2926 diebus
1597 2873 1662 2943 qui·

87 2959 170 3011 entra
186 2973 239 3011 eos
273 2958 356 3022 Quod
378 2961 404 3013 si
420 2961 538 3030 quidam
555 2977 591 3016 ex
606 2963 700 3017 eis-ad
717 2981 766 3018 1¹0-
823 2959 1047 3029 busprocessio
1061 2959 1150 3013 nudis
1165 2959 1290 3028 pedibus
1302 2959 1483 3029 estagenda‚
1495 2960 1662 3029 canales,iu

87 3061 181 3099 reram
197 3047 353 3117 aliquando
371 3050 483 3104 tardius
506 3058 664 3106 occari-unt
679 3069 766 3123 quam
822 3048 930 3118 quibus
940 3048 1046 3102 lintres
1056 3048 1225 3118 pedessunt
1235 3047 1369 3116 lavaturi,
1380 3048 1436 3117 ipsi
1449 3049 1533 3117 prius
1553 3063 1661 3118 expur-

98 3135 185 3203 primi
202 3137 291 3204 psal,
309 3153 365 3190 non
378 3144 497 3207 propter
508 3139 563 3193 boc
581 3144 610 3193 at
622 3142 669 3194 alii
687 3148 765 3197 staro
823 3141 892 3208 gant
903 3136 1004 3205 scopis
1013 3139 1134 3205 elaqua.
1145 3136 1176 3189 Si
1185 3135 1410 3189 ‹lemnusobbas
1421 3136 1467 3189 vel
1478 3136 1560 3204 prior
1568 3136 1661 3205 impe-

87 3222 101 3277 l
117 3223 251 3293 gradum.
269 3225 338 3278 ltem
355 3226 381 3279 si
398 3232 578 3282 morantura
595 3231 762 3301 refectorio,
822 3225 930 3279 raverit
949 3224 1075 3295 aliquem
1097 3224 1244 3293 psalmum
1268 3239 1321 3294 per
1339 3224 1449 3293 aliquot
1465 3224 1529 3277 dios
1548 3223 1659 3279 decan·

88 3327 118 3365 m
137 3328 245 3366 versus
274 3313 370 3368 dietus
394 3317 491 3381 licerit,
523 3317 640 3372 minime
663 3323 764 3388 petunt
821 3313 886 3380 tari,
904 3313 960 3382 ipsi
977 3313 1131 3367 audientes
1147 3312 1298 3380 inclinant,
1319 3312 1388 3382 quia
1407 3312 1437 3366 iu
1460 3327 1563 3366 corum
1581 3329 1660 3383 prm·

91 3401 274 3471 comedendi,
301 3403 518 3458 sedtantumin
535 3407 600 3460 1000
629 3412 763 3462 suoanta
821 3403 906 3471 cipue
931 3401 1018 3456 debet
1039 3417 1109 3455 esse
1131 3400 1330 3454 sollicitudine
1353 3415 1389 3454 ne
1415 3405 1594 3455 remaneant.
1622 3400 1659 3456 m

93 3492 191 3558 retr03
206 3492 349 3561 magister
364 3495 459 3546 tamen
475 3509 588 3563 eorum,
606 3498 656 3566 qui
671 3498 764 3551 comi.
820 3491 888 3560 quia
903 3490 960 3559 ipsi
975 3488 1216 3561 quotidielcgunt
1232 3488 1486 3560 llartyrologium,
1497 3492 1525 3544 el
1533 3488 1658 3545 fratrum

102 3581 346 3634 consuetudinem
367 3584 444 3635 tenet
464 3584 610 3653 utrinque,
632 3585 714 3650 Quod
737 3588 764 3641 si
822 3579 1001 3648 llemoriale,
1018 3579 1055 3633 ab
1078 3579 1153 3649 ipsis
1182 3581 1228 3632 est
1257 3578 1412 3633 sciendum
1439 3581 1467 3633 et
1497 3579 1658 3634 notandum

87 3682 134 3736 aar,
150 3667 270 3722 deforis
295 3670 428 3739 veniens,
445 3672 605 3729 intraturus
620 3678 666 3728 cst
681 3676 762 3729 clau-
820 3668 936 3738 quando
953 3667 1127 3740 trigesimus
1143 3666 1291 3738 cujusquo
1306 3667 1435 3722 defuncti
1456 3667 1495 3722 sit
1514 3683 1657 3723 eonsum-

87 3759 160 3810 mlra
184 3756 262 3810 hunc
290 3759 340 3811 alii
368 3758 425 3813 duo
447 3762 530 3830 pueri
559 3763 706 3817 ducuntur
727 3765 761 3818 ad
820 3756 1655 3828 aratus,abipsiselcemosynariopronuntiandumquan·

87 3845 183 3913 lustri,
200 3849 228 3900 ct
243 3849 281 3901 ita
297 3848 385 3901 simul
412 3865 478 3903 oum
508 3851 582 3919 ipsis
605 3854 762 3908 conventui
819 3849 914 3899 torum
931 3847 968 3900 sit
983 3846 1207 3900 anniversarius
1223 3845 1357 3912 fratrum,
1375 3847 1405 3898 ut
1424 3849 1521 3900 tantas
1537 3861 1656 3917 quoque

89 3949 139 4003 ur3
155 3940 222 4004 posi
250 3936 350 4003 boras,
374 3953 440 3990 eum
464 3938 531 3993 aliis
550 3940 600 4010 qui
620 3946 763 3996 venerunt
819 3933 943 4004 accipiat
971 3935 1157 4004 praebendus,
1187 3937 1215 3988 ot
1237 3934 1352 3989 custodi
1376 3933 1512 3988 ecclesias
1538 3935 1655 4006 quaudo

88 4022 323 4078 benedictionem
344 4025 373 4078 in
402 4027 599 4098 presbyterio,
629 4034 762 4085 „atagos
820 4023 1096 4093 suntomniasigna
1115 4021 1259 4091 pulsanda
1280 4038 1332 4090 pro
1351 4021 1656 4096 annivesariocujus-

87 4126 121 4180 m,
132 4113 160 4165 si
171 4113 237 4182 quis
254 4129 355 4168 eorum
367 4115 520 4171 ducendus
536 4123 581 4172 est
598 4118 627 4172 in
643 4119 761 4173 domum
819 4127 886 4181 quo,
910 4112 988 4180 quod
1008 4110 1083 4166 bene
1106 4113 1235 4163 notatum
1257 4114 1303 4164 cst
1320 4113 1348 4164 ct
1371 4110 1523 4181 sigillatim
1542 4112 1573 4165 in
1594 4112 1655 4168 Me-

87 4222 119 4275 n,
135 4207 203 4261 illuc
216 4224 333 4279 quoque
348 4209 395 4262 alii
422 4210 479 4264 duo
495 4213 615 4266 veniunt
630 4230 696 4268 cum
713 4230 758 4285 00,
819 4201 942 4254 moriali.
966 4201 997 4253 la
1017 4200 1097 4254 omni
1119 4201 1222 4268 quarta
1241 4198 1314 4252 seria
1338 4199 1365 4251 si
1379 4202 1425 4251 est
1443 4199 1556 4267 privata
1577 4199 1651 4266 dies,

87 4297 123 4351 :lu
135 4300 266 4351 moratur
287 4300 508 4353 coniurendatus
528 4306 573 4354 est
590 4304 761 4359 cautissimo
819 4292 847 4342 0¹
862 4289 891 4342 00
908 4288 986 4343 00000
1007 4288 1145 4356 8000000»
1166 4288 1263 4340 0000οῑ
1283 4288 1350 4356 1³⁰⁸t
1367 4302 1510 4356 00000000
1534 4287 1652 4344 0000000

100 4399 160 4455 quo
175 4386 222 4440 die
232 4391 380 4457 noctuque
390 4389 581 4458 cummium,
594 4396 622 4445 gt
633 4392 661 4445 in
676 4398 760 4448 nocte
819 4393 892 4432 suos
903 4395 910 4446 ς
922 4378 1020 4432 lavant
1030 4393 1148 4448 quoque
1161 4391 1274 4446 pannos
1286 4392 1359 4430 suos
1370 4377 1654 4433 consuetudinaliter

87 4488 103 4527 θ
118 4474 237 4542 incedit,
254 4479 349 4545 ponat
360 4481 426 4530 anae
451 4493 484 4531 50
499 4479 650 4550 laternam,
668 4487 762 4550 ponat
819 4471 885 4522 ante
902 4466 1005 4522 Natalo
1022 4469 1192 4520 sanctorum
1209 4467 1411 4534 apostolorum
1425 4466 1503 4521 l’etri
1514 4469 1542 4521 et
1558 4466 1650 4538 Pauli,

87 4562 213 4633 reulum
229 4565 255 4617 gi
276 4580 395 4619 earnem
424 4567 595 4637 eomedefq,
618 4571 761 4638 capellum
775 4545 802 4606 D
818 4559 884 4610 ante
904 4555 1138 4610 Translatioaem
1159 4554 1189 4609 S.
1208 4555 1369 4624 benedicti,
1395 4557 1424 4609 et
1441 4559 1507 4610 auto
1523 4556 1651 4611 Assum·

95 4652 238 4723 majorem
265 4654 504 4709 ccclesiamcum
527 4658 593 4712 aliis
622 4659 761 4715 infirmis·
818 4646 946 4714 0000000
960 4645 991 4699 S·
1009 4644 1120 4712 00000οι
1142 4660 1218 4716 (1000
1233 4648 1330 4699 000000
1344 4660 1402 4699 000
1419 4645 1652 4715 000000000000

87 4761 91 4793 r
114 4743 211 4795 tamen
230 4742 319 4797 intrat
333 4742 403 4797 illud
429 4746 593 4799 membrum
613 4747 714 4801 altaris
729 4749 759 4804 s,
818 4734 990 4788 siccandum
1005 4733 1036 4787 in
1049 4734 1141 4788 borda
1154 4735 1231 4804 (sic),
1246 4734 1333 4788 utalii
1343 4733 1461 4802 fratres,
1476 4734 1531 4789 sed
1541 4737 1651 4789 tantum

87 4829 231 4900 tamisim
252 4832 315 4900 sed,
336 4832 395 4886 jflig
422 4833 609 4905 intrantibus,
639 4836 687 4891 1110
712 4853 760 4892 re·
818 4823 967 4891 deponunt
982 4822 1012 4877 in
1033 4822 1170 4877 herbario
1191 4824 1323 4877 claustri.
1344 4823 1388 4877 Ad
1410 4823 1511 4877 boram
1530 4823 1651 4895 regula-

89 4933 105 4971 s
122 4935 211 4988 propo
227 4936 330 4974 urnam
344 4936 429 4991 aquas
438 4923 611 4992 benedictae,
621 4927 653 4978 ut
667 4928 762 4994 possit
816 4927 890 4977 rem,
903 4912 939 4965 00
954 4927 1041 4981 00000
1052 4927 1109 4964 000
1130 4912 1187 4966 0000
1208 4928 1297 4966 00000
1318 4912 1438 4983 siguum
1457 4912 1602 4981 pulsatur,
1619 4918 1652 4968 00

87 5008 229 5062 rsrideri.
248 5009 762 5070 llorantemautemiadomnointir·
815 5003 851 5055 00
875 5001 1010 5071 00000000,
1034 5000 1144 5054 0000000
1173 5001 1333 5054 0000000000
1366 4999 1395 5053 00
1420 4999 1509 5055 00000
1533 5001 1572 5055 00
1585 5016 1651 5057 0000

87 5100 226 5167 equenter
238 5098 338 5152 visitat
348 5100 520 5170 principalis
532 5103 676 5172 magister
687 5120 759 5173 pue·
815 5091 850 5144 00
866 5106 953 5160 (luam
967 5091 1025 5145 000
1041 5090 1070 5143 00
1085 5089 1268 5160 [0000οΥ000ῑο
1294 5105 1385 5160 prope
1404 5089 1505 5144 00000·

97 5202 165 5241 oum
180 5186 275 5256 primo
290 5202 357 5242 eum
372 5188 479 5243 viderit
495 5190 664 5260 hujusesso
682 5194 758 5248 aare.
852 5180 936 5233 blane
950 5195 1016 5234 cum
1032 5194 1065 5233 se
1081 5180 1179 5233 levant
1193 5179 1230 5233 ad
1241 5179 1379 5247 sonitum,
1406 5179 1452 5233 vel
1472 5181 1650 5251 cumprime

87 5277 164 5330 ‚dem
188 5292 247 5346 quo
276 5277 436 5332 adduxerat
464 5279 550 5333 modo
578 5281 701 5350 reducit,
731 5287 759 5337 gt
818 5272 951 5322 cantatur
966 5283 1151 5322 cumaurora
1166 5272 1333 5338 apparente,
1352 5266 1426 5322 utin
1448 5268 1572 5337 privatis
1587 5270 1648 5326 die·

87 5365 157 5421 reris
171 5365 316 5438 adjungit,
334 5369 491 5421 ecelesiam
508 5368 570 5440 jam
597 5371 757 5425 intramus
814 5357 881 5411 bue.
899 5358 922 5409 Α
940 5356 1003 5410 llal.
1019 5357 1156 5410 Octobris
1171 5356 1207 5410 ad
1226 5356 1290 5411 Kal.
1315 5355 1459 5411 Novemb.
1484 5373 1543 5412 non
1561 5359 1648 5430 prius

87 5456 159 5509 μοι
178 5455 305 5524 tertiam,
337 5457 362 5509 sq
393 5462 438 5510 θςῑ
466 5458 495 5510 qn
524 5459 620 5512 hamno
639 5465 667 5513 02
695 5460 759 5515 ‘1503
814 5445 1648 5517 valantaaaeeessariasquarnadccclosiam‚sedpostoa
1676 5518 1680 5526 .

87 5544 170 5600 Prius
194 5546 291 5600 tamen
311 5545 378 5616 ipso
402 5546 449 5600 die
472 5551 593 5602 auratus
614 5552 660 5602 esa
683 5551 759 5604 laute
813 5534 1647 5604 finitaborn,sivolacriat‚vel01·aliouibuslactis.Pos

813 5624 1035 5695 completorium
1054 5623 1165 5678 faciunt
1191 5623 1341 5680 orationes
1369 5624 1484 5697 absque
1503 5630 1646 5681 conventa

204 5706 332 5763 Parnon.
353 5704 483 5763 CXLIX.
1310 5712 1345 5768 aa
