3900 6112
69 246 76 459 q
129 286 179 353 ase
203 286 243 353 a.
261 257 1307 372 eternoacumusneeasunroersuonasrnmr...
1325 298 1742 386 norrruarsrcmci
1780 323 1839 388 ecl

69 488 86 655 ἓ
131 489 199 545 illum
214 493 244 546 et
258 491 289 547 in
308 493 385 550 coelo
399 495 561 568 coronavit,
589 500 618 552 et
632 497 719 554 nobis
735 498 764 554 in
792 502 870 554 terra
884 515 950 571 pro·
1005 503 1061 557 ·vit
1077 507 1105 558 et
1129 508 1232 577 regnat
1249 507 1327 563 Deus
1342 524 1395 580 per
1410 513 1506 567 omnia
1522 518 1632 572 saeuit
1657 517 1836 578 saeculorum

126 579 205 651 pilius
220 579 352 649 donarit.
367 583 418 655 qui
433 598 501 640 cum
519 585 606 641 Patre
621 589 650 641 et
665 585 775 657 Spiritu
786 593 887 644 sancto
903 591 948 644 vi·
1006 590 1109 649 Amen.

69 670 75 691 Γ

69 700 71 713 ι

803 760 1143 776 Μ-

744 856 979 916 EPITAPHIUM
990 859 1020 916 S.
1033 860 1206 918 uitulluul.

562 962 679 1019 ilerum
694 964 833 1020 nobilitas
849 964 930 1020 claro
945 968 1048 1038 generi
1063 970 1198 1038 copulata

712 1051 824 1108 Nititur
838 1051 917 1108 hunc
933 1057 1068 1109 sanetum
1079 1054 1233 1112 nobilitare
1250 1059 1356 1119 virum.

558 1139 674 1196 Proesul
689 1140 765 1196 bien
780 1156 872 1212 puero
884 1143 993 1197 divinis
1004 1143 1120 1199 notibus
1132 1144 1261 1215 bserens,

712 1229 900 1284 Commutere
912 1245 985 1284 sene
997 1231 1050 1302 jus
1066 1233 1179 1302 puerile
1192 1236 1299 1290 studet.

556 1317 649 1373 letum
663 1318 782 1373 securis
795 1322 950 1388 expertus,
963 1320 1071 1390 gaudia
1086 1322 1151 1375 coeli

710 1405 812 1475 Intrat,
831 1422 898 1461 cum
912 1405 1005 1477 justis
1021 1409 1130 1480 gaudet
1154 1410 1263 1466 babere
1279 1413 1387 1483 polum.

555 1494 636 1551 linus
647 1495 869 1565 immensaDeo,
886 1497 935 1567 qui
951 1498 992 1550 tot
1008 1497 1154 1567 tantisque
1170 1500 1326 1571 triumphis

710 1585 956 1655 (louregnatures
972 1583 1052 1638 ducit
1067 1585 1104 1639 ad
1118 1591 1198 1641 astra
1214 1603 1297 1644 suos.

122 1770 1823 1853 mssss

768 1914 856 1956 ΑΝΝΟ
878 1915 991 1959 uolitat
1008 1917 1165 1961 mcxxxiv.

259 2158 262 2163 .
363 2053 716 2210 antuus
789 2017 1583 2225 uluruunulluus

646 2281 788 2344 ABBAS
802 2281 985 2346 MAJORIS
1002 2284 1281 2352 Mounsuuuu.

899 2423 1093 2435 -—-—-..-.

468 2494 670 2576 NOTITIA
700 2494 939 2576 uluoulut
968 2496 1018 2578 lu
1041 2500 1475 2585 BARTHOLOllAEUli.

362 2687 499 2756 (Maeun.
528 2688 605 2742 Acta
639 2687 696 2744 SS.
727 2688 791 2744 ord.
825 2687 858 2744 S.
888 2688 1013 2760 Bened,
1048 2690 1123 2767 Seec.
1153 2690 1201 2763 Vl,
1229 2697 1312 2761 parte
1344 2712 1374 2765 u,
1409 2713 1476 2771 pag.
1512 2695 1564 2758 384

836 2865 1101 2882 m

157 2999 174 3056 l.
199 3003 373 3058 Restauratn
397 3017 451 3072 pcr
479 3005 615 3056 sanetum
642 2999 780 3055 Moiolum
800 2981 979 3055 nuliatenA
995 3005 1334 3072 seopusPietavensisin
1350 3006 1449 3064 charta
1465 3012 1631 3079 procudam
1642 3015 1822 3074 monasterio

133 3085 331 3146 ltunincensem
345 3088 476 3163 regulari
490 3088 685 3160 disciplinain
696 3090 858 3158 percelebri
874 3090 936 3143 lia·
993 3091 1059 3145 data
1074 3092 1130 3146 sub
1147 3092 1268 3147 alberto
1279 3096 1394 3150 alrbatc.
1411 3097 1468 3152 Sed
1481 3100 1819 3174 observationedignum

127 3174 936 3247 jodilonasteriuTuronensi,locusillcclimndeocelc-
993 3181 1306 3249 estqnodOrdorirns
1337 3184 1439 3238 l'itnlis
1458 3186 1751 3244 librotertionarrat
1785 3193 1822 3248 de

127 3264 178 3335 bris,
189 3269 238 3338 qui
254 3283 309 3337 per
325 3268 433 3322 multos
449 3283 544 3320 annos
557 3265 685 3320 incultus
696 3267 781 3335 plene
791 3265 935 3336 jacuerat,
994 3268 1118 3321 liudulfo
1136 3269 1262 3338 quodum
1275 3273 1336 3322 rirn
1353 3271 1443 3325 nobili
1454 3273 1561 3343 Geruli,
1573 3277 1821 3350 obegregiasacta

124 3353 188 3411 brevi
201 3359 240 3411 ita
253 3356 422 3428 ,pristinum
443 3354 631 3424 splendorem
654 3355 775 3424 recepit,
802 3359 831 3408 ut
856 3355 936 3408 nullo
991 3360 1187 3426 cognomento
1198 3357 1315 3425 llcrois,
1330 3359 1398 3426 lilio,
1412 3362 1462 3430 qui
1473 3363 1541 3416 tunc
1558 3365 1738 3434 temporisin
1758 3367 1821 3422 Ma-

120 3441 241 3516 lcinceps
255 3444 315 3498 alio
326 3445 505 3498 monasterio
520 3446 549 3499 et
559 3443 725 3498 sanctitatis
742 3443 818 3496 tama
836 3446 863 3496 et
878 3458 937 3496 mo·
987 3443 1047 3514 jori
1057 3444 1405 3500 llorraslcriomonaclrus
1422 3449 1518 3503 lactus
1533 3451 1709 3520 praeclarum
1722 3455 1820 3524 poeui-

118 3533 263 3589 ranorum
279 3547 402 3587 numero
413 3532 539 3587 interius
550 3530 857 3594 censeretur.Quantoe
865 3547 935 3585 vero
989 3533 1087 3586 tentiae
1096 3534 1246 3601 specimen
1255 3534 1397 3588 exhibuit.
1410 3559 1421 3582 a
1432 3537 1541 3591 Radull
1542 3553 1587 3606 us,
1595 3538 1699 3610 inquit,
1706 3541 1820 3598 relictis

117 3623 282 3677 celebritatis
298 3620 387 3675 luerit
401 3620 666 3692 subbajussaeculi
683 3619 828 3675 undecimi
837 3620 933 3687 tinem,
989 3621 1090 3674 mundi
1104 3621 1259 3675 lenociniis
1270 3621 1306 3674 ad
1327 3622 1423 3692 Majns
1439 3623 1649 3680 Mcnasterium
1673 3629 1819 3702 confugit,

115 3707 214 3765 discere
228 3725 394 3780 possumus
410 3725 446 3764 ex
475 3709 609 3763 Ordcrici
638 3708 743 3761 Vitulis
767 3707 848 3761 initio
864 3709 930 3762 libri
990 3708 1088 3778 ibique
1110 3710 1595 3769 subdlbertoabbatemoaaelrus
1612 3714 1817 3773 inclusiteum

114 3790 579 3866 quantillistoriaeecclesiasticee,
596 3795 930 3866 ubipaueislrisrerliis
989 3795 1336 3867 suppliciter-rogarunt
1364 3800 1538 3854 insanabilis
1562 3802 1652 3871 leprae
1668 3804 1772 3858 morbo
1788 3806 1818 3860 in

116 3888 255 3959 egregium
264 3885 846 3957 MaiorisMonasteriielogiumabsolvit.
859 3909 868 3930 ιι
879 3885 935 3938 llu-
988 3884 1290 3954 corporesuederetur,
1300 3891 1445 3955 qnatenus
1456 3904 1471 3941 a
1483 3893 1670 3957 peecatorum
1677 3892 1817 3949 sordibus

115 3971 248 4045 jusenim,
265 3975 369 4045 inquit,
379 3974 619 4029 Monasteriuma
634 3973 824 4027 sanctissimo
835 3974 931 4026 lierti—
986 3973 1015 4025 in
1032 3973 1126 4026 anima
1143 3974 1360 4028 emundaretur.
1373 3975 1456 4039 Quod
1472 3977 1518 4044 pie
1530 3976 1704 4046 deprecatus
1713 3984 1759 4035 est
1769 3982 1817 4037 cb·

116 4064 336 4119 noTuronorum
365 4062 592 4132 archiepiscopo
608 4067 736 4131 coeptum
752 4065 807 4129 est,
826 4061 925 4130 ibique
986 4061 1082 4129 tinuit,
1099 4064 1208 4129 etpost
1224 4062 1430 4116 conversionis
1442 4079 1535 4118 anuos
1548 4064 1609 4119 lere
1625 4067 1817 4124 sextelioiter

119 4146 400 4207 bonorumhominum
416 4151 523 4221 religio
539 4151 633 4204 crevit
644 4150 806 4219 inspirante
816 4149 885 4216 lieo,
903 4152 931 4202 et
946 4172 970 4233 Β
986 4147 1127 4202 decessit.
1143 4173 1153 4195 a
1171 4150 1312 4202 Allien-tus
1330 4166 1399 4202 roro
1415 4151 1573 4205 dctunotns
1588 4157 1633 4206 est
1648 4169 1723 4208 anno
1739 4153 1816 4226 1063,

121 4240 290 4311 nultiplicata
314 4244 370 4295 est.
388 4239 506 4294 Nostris
522 4238 715 4309 temporibus,
732 4237 873 4292 eilbertus
903 4239 931 4290 et
986 4235 1229 4306 cujusmemoria
1248 4237 1739 4311 inNrrrologiisSanctiBeuigni
1767 4243 1816 4297 Di·

121 4321 346 4402 Bartholomaeus,
354 4328 522 4382 Bernartius
530 4327 746 4395 etHilgotusac
756 4325 930 4380 Gnillelrnus
986 4325 1178 4392 visionensis,
1195 4329 1222 4379 et
1234 4325 1331 4379 Sancti
1348 4325 1483 4379 Gerrneni
1499 4342 1514 4380 a
1532 4327 1627 4405 Pratis
1638 4332 1817 4386 memoratur

122 4408 291 4472 Nautieensis
317 4417 440 4471 abbates
455 4415 523 4468 huic
539 4415 723 4469 monasterio
738 4415 929 4483 praefuerunt,
986 4413 1099 4468 decimo
1111 4414 1196 4467 tertio
1206 4413 1352 4467 Kalendas
1362 4414 1448 4467 danii.
1460 4414 1815 4473 EtBartholomaeussub·

120 4505 156 4568 lui
168 4507 319 4561 sanctitate
342 4509 370 4559 at
397 4504 541 4574 probitate
568 4502 669 4557 multis
696 4502 878 4572 protuerunt,
905 4504 933 4554 et
985 4503 1105 4556 stitutus
1122 4505 1177 4569 est,
1199 4502 1248 4572 qui
1260 4517 1321 4571 prae
1338 4503 1454 4557 lucteris
1471 4502 1563 4574 hirjus
1576 4504 1634 4558 loci
1659 4504 1815 4561 abbatibus
1892 4569 1897 4577 ⁸

117 4582 188 4665 lunge
202 4595 319 4664 lateque
331 4591 558 4662 tamoei,vicinis
568 4592 737 4646 etexternis
748 4590 932 4644 virilitermi-
986 4591 1114 4645 celebris
1131 4592 1253 4646 exstitit.
1277 4661 1282 4669 ι

115 4686 235 4738 currunt,
254 4704 266 4730 a
1020 4680 1046 4733 8.
1065 4679 1271 4734 Bartholomaei
1301 4679 1364 4734 Vita
1380 4680 1409 4734 in
1424 4682 1625 4751 manuscripto
1640 4680 1815 4736 codicellu-

138 4770 161 4825 Β.
176 4771 242 4827 Non
257 4772 342 4825 vacet
356 4769 404 4823 bic
418 4769 454 4824 de
464 4769 628 4823 innumeris
638 4767 930 4839 propemodumloeis
980 4768 1058 4837 ioris
1073 4768 1233 4822 Monasteri
1250 4768 1422 4837 habebatur,
1442 4771 1472 4823 ut
1482 4769 1639 4823 didicimus
1653 4785 1690 4824 ex
1705 4769 1817 4839 aliquot

106 4860 194 4913 beris
208 4859 382 4932 singillatim
401 4873 501 4930 agere,
524 4872 590 4927 quae
606 4857 643 4911 iis
659 4855 841 4926 temporibus
871 4856 927 4910 sub
983 4860 1154 4909 nostrorum
1169 4855 1290 4909 schedis
1309 4859 1354 4908 :et
1368 4856 1486 4927 quidem
1513 4871 1678 4925 anonymus
1701 4860 1814 4929 auctor,

103 4946 277 5007 adoniram
286 4948 404 5001 nomine
420 4945 526 5016 Majori
535 4942 856 5014 Monastcriosubjectn
867 4942 929 4996 iuc-
983 4943 1107 5013 lllnj0ris
1118 4943 1444 5012 llonasteriiclumnus,
1456 4943 1507 5012 qui
1516 4942 1688 4997 libellumde
1699 4944 1814 5001 actibus
1873 4970 1877 4975 ·

104 5037 175 5104 hini,
192 5035 337 5108 inquibus
349 5033 641 5089 monachiconstituti
659 5032 715 5085 sub
727 5031 863 5102 ejusdcm
872 5046 930 5085 mo·
981 5031 1187 5101 episcoporum
1197 5029 1740 5098 Turonensinmetoperibuscbbatum
1750 5032 1814 5087 Ma·

102 5124 360 5179 mnemiabbntum
368 5122 513 5193 regimine
522 5119 762 5191 etjurisdictione
770 5119 929 5172 versaban·
977 5117 1055 5188 juris
1067 5119 1238 5174 llonasterii
1248 5120 1377 5186 scripsit,
1389 5116 1751 5174 aldrmatliarthclomaeia
1765 5119 1815 5174 Vi·

102 5203 244 5268 laruam
260 5212 340 5265 nulla
356 5209 418 5264 lere
434 5209 488 5263 tuit
507 5225 565 5263 uon
586 5208 673 5263 modo
690 5207 854 5276 provincia,
874 5209 927 5263 sed
980 5213 1037 5262 tam
1052 5207 1202 5260 miraculis
1213 5209 1241 5260 et
1255 5207 1413 5263 virtutibus
1426 5205 1541 5273 plenam
1553 5204 1718 5262 inarmerio
1733 5222 1816 5278 repe·

106 5297 200 5356 civitas
214 5303 265 5355 aut
279 5298 420 5355 dimcesis
436 5298 467 5351 in
481 5300 540 5351 tota
556 5295 658 5364 Gallia,
676 5311 742 5366 quae
759 5310 793 5349 ea
813 5299 926 5365 tempe·
980 5295 1041 5348 riri.
1061 5318 1072 5342 ι»
1091 5294 1208 5361 Verum,
1219 5295 1370 5348 nesciinus
1386 5309 1443 5362 quo
1455 5309 1526 5346 casu
1536 5292 1631 5349 codex
1645 5293 1694 5349 ille
1709 5295 1815 5366 paucis

104 5391 168 5445 etsie
182 5388 307 5461 Maioris
324 5385 495 5441 llonasterii
505 5385 667 5439 monachos
683 5384 761 5454 apud
774 5382 925 5439 scitabere
979 5383 1086 5437 abhinc
1101 5382 1187 5436 anuis
1199 5382 1326 5436 evanuit.
1340 5381 1432 5444 Qriam
1448 5379 1598 5452 jacturam
1613 5381 1700 5453 gravi
1715 5382 1814 5438 animo

106 5489 153 5533 uon
173 5477 319 5533 ambierit.
332 5474 494 5529 Monacbos
523 5473 645 5546 Maioris
661 5471 830 5527 Monasterii
860 5493 871 5522 a
895 5473 925 5527 in
977 5470 1111 5540 ierimus,
1129 5469 1208 5541 quod
1231 5469 1413 5524 extractae
1435 5468 1539 5524 saeculi
1556 5468 1647 5541 hujus
1668 5468 1816 5544 Bedietinq

105 5571 197 5625 sancto
210 5565 364 5638 proposito
381 5586 392 5612 ι
410 5563 546 5619 viventes
557 5562 656 5619 laudat
670 5561 851 5618 isembertus
864 5561 926 5634 epi·
977 5560 1102 5618 historia
1115 5559 1273 5631 plurimum
1288 5557 1431 5614 illustrari
1446 5558 1594 5632 potuisset
1600 5576 1608 5627 ;
1632 5557 1815 5618 occultando

214 5655 345 5715 Persou.
370 5651 488 5710 CXLIX
1657 5645 1691 5704 ¹³
