3900 6112
70 375 75 380 ,
104 301 184 369 aeae
694 287 915 350 winnnnnr
931 286 1245 363 concessamus
1747 303 1823 368 naa

107 506 178 561 bant
192 505 222 557 in
236 499 448 569 arististruges
460 498 633 550 immaturas.
647 492 739 563 lgitur
752 488 944 561 acsaerilega
961 475 985 535 Α
1003 489 1102 560 gentia
1125 490 1232 548 decere
1264 495 1422 552 satellitum
1451 513 1576 554 suorum
1604 506 1829 570 perseverantie

107 593 208 666 praeda
228 590 398 658 diriperent,
421 585 446 638 si
476 600 534 654 qua
561 582 723 651 reperirent
744 577 941 632 ecclesiarum
1003 577 1232 650 disponentem,
1262 583 1355 638 inilla
1385 587 1605 658 gloriosissima
1631 590 1749 645 civitate
1775 596 1829 648 ren'

108 685 197 750 bona,
210 682 360 734 menstrua
377 674 498 744 penuria
513 672 665 742 fatigatum
679 669 841 722 exercitum
856 666 943 720 redu·
1005 669 1172 740 summique
1189 671 1258 725 boni
1282 673 1384 741 patria.
1401 674 1570 730 Genitorem
1586 693 1676 733 suum
1699 680 1829 751 inclytum

111 773 321 839 cebat,magno
333 765 622 831 animopraesumens
633 759 783 811 Conanum
794 772 847 826 pro
857 755 943 808 venia
1005 756 1111 810 ducem
1127 758 1290 814 liebertum
1305 765 1374 830 post
1395 764 1584 818 memoranda
1599 767 1715 835 merita,
1732 768 1829 838 quibus

113 859 210 913 delicti
226 861 254 910 et
270 853 364 926 gratia
385 850 555 921 propediem
578 848 812 917 deprecaturum.
830 846 866 898 At
889 859 946 897 ex·
1005 844 1083 917 domi
1106 846 1228 916 claruit,
1247 848 1346 903 tasces
1361 850 1534 921 dignitatum
1550 855 1738 924 seposuisse,
1754 872 1830 926 pere·

114 946 229 1003 cedenti
242 944 303 1014 jam
328 939 486 995 Britanniae
510 937 632 990 limitem
655 940 775 1005 repente
801 933 946 987 indicatur
1006 935 1123 1004 grinum
1135 934 1189 989 iter
1203 950 1237 989 ee
1253 937 1393 1005 periculis
1405 939 1523 1009 plenum
1537 942 1716 1012 arripuisse,
1727 943 1830 1000 deside-

113 1034 293 1091 Gnusredurn
307 1030 554 1098 andegavensem
571 1040 638 1078 cum
654 1023 826 1093 ingentibus
853 1021 948 1089 copiis
1006 1022 1051 1076 rio
1067 1023 1254 1091 imperatoris
1266 1025 1346 1080 illius
1357 1027 1385 1080 in
1398 1043 1526 1097 superna
1540 1029 1613 1084 Sion
1626 1032 1830 1102 conspiciendi.

115 1126 234 1179 Conana
250 1120 345 1173 luisse
369 1115 558 1186 conjunctum
581 1112 727 1166 ctambos
751 1113 870 1181 postero
898 1109 946 1164 die
1008 1110 1105 1179 Ipsius
1127 1127 1245 1166 crucem
1270 1114 1299 1166 in
1326 1115 1442 1184 trente,
1470 1116 1661 1173 dilectionem
1685 1120 1714 1172 in
1735 1125 1829 1188 mente,

118 1212 281 1283 praeliatum
305 1206 460 1260 affuturos
486 1203 585 1272 ltaque
600 1201 731 1270 aperitur
744 1200 898 1254 condictus
913 1212 948 1252 eo
1006 1200 1202 1253 reverentiam
1219 1201 1249 1255 in
1265 1206 1341 1272 actu,
1360 1204 1528 1260 Richardes
1545 1209 1831 1277 acsupericresaros

119 1300 253 1370 cupidior
263 1293 509 1368 quodgloriosius
521 1290 712 1360 intelligebat,
724 1287 903 1357 triumphum
913 1288 949 1341 de
1007 1288 1135 1354 potentia
1145 1289 1300 1356 sublimes,
1319 1291 1396 1346 tama
1408 1294 1570 1363 preclaros
1581 1294 1734 1351 humiliter
1744 1303 1831 1369 gesta-

119 1386 418 1454 lrostebin0,utr0que
428 1378 767 1448 immani,unoc.onsequi
777 1376 945 1439 certamine;
1009 1374 1297 1447 rissel'ensareral,
1310 1382 1499 1450 utprudentis
1515 1384 1624 1438 animae
1635 1385 1742 1457 homo,
1757 1402 1830 1456 quam

121 1463 946 1541 Adbocsoromultiplicemcjusdemtriumplriiruetum.
1009 1463 1048 1517 sit
1071 1464 1212 1519 miserum
1241 1472 1329 1538 atque
1358 1468 1528 1525 indecorum
1560 1472 1830 1542 spoliatoshonora

124 1564 370 1630 ltuallusautem,
389 1558 476 1629 eujus
501 1559 530 1611 in
559 1555 705 1610 territorio
734 1554 857 1608 tentoria
876 1553 952 1622 fige·
1009 1552 1119 1606 caduco
1149 1553 1179 1606 in
1207 1556 1329 1610 exilium
1371 1557 1570 1629 caliginosum
1596 1561 1755 1632 damnari,
1791 1564 1829 1619 uhi

123 1655 244 1720 bantur,
266 1649 369 1703 allatur-
395 1647 537 1717 querela:
556 1644 657 1698 baberi
675 1643 794 1713 quidem
817 1644 951 1713 gratum,
1009 1640 1125 1694 damma
1135 1642 1369 1714 inexstinguibili
1383 1647 1536 1719 ardebunt,
1550 1665 1610 1704 non
1621 1655 1828 1722 consumentur,

124 1741 203 1814 quod
219 1740 255 1794 ab
268 1739 384 1792 inimica
400 1738 430 1788 vi
444 1752 496 1805 per
512 1750 577 1788 eum
592 1733 680 1787 luerit
694 1737 823 1801 ereptus,
840 1732 867 1784 si
887 1745 953 1799 pro·
1009 1731 1149 1801 plangent
1178 1731 1207 1785 in
1231 1733 1362 1788 miseriis
1397 1737 1510 1806 absque
1536 1737 1721 1810 elementia,
1750 1746 1828 1795 errata

126 1831 234 1884 denum
244 1844 302 1882 non
319 1825 413 1879 dolcat
428 1823 627 1886 incommodo;
643 1821 750 1874 namsi
765 1819 954 1888 praestolatu-
972 1818 1246 1904 Blamentabuntur
1263 1822 1376 1894 absque
1403 1825 1498 1879 venia.
1524 1825 1654 1883 Econtra
1672 1829 1741 1884 felix
1755 1837 1824 1901 alque

127 1934 178 1973 rus
203 1915 377 1981 consideat,
400 1912 551 1983 regionem
568 1910 681 1963 modice
697 1908 852 1962 secundam
868 1907 956 1960 nimis
1011 1908 1823 1980 pulchrumessepostconsulatnsterrmstolaimmer
1872 1970 1874 1975 .

127 2008 304 2060 attenuatam
320 2001 450 2057 funditus
464 1999 622 2067 devastari,
639 2013 794 2067 necpcnes
808 1996 956 2067 agricolas
1011 1996 1130 2050 talitatis
1146 1998 1298 2054 redimitos
1326 2004 1497 2073 angelorum
1513 2005 1596 2059 cives
1618 2005 1767 2076 ordinari,
1790 2008 1824 2060 ubi

128 2095 275 2148 interesse
303 2089 532 2145 Northmannico
563 2104 600 2141 nn
623 2087 790 2141 Britannico
827 2085 958 2139 exercitu
1013 2086 1260 2154 voluptateomni
1285 2089 1517 2161 delectabuntur,
1538 2093 1655 2163 Deum,
1685 2096 1823 2163 sicutiest,

130 2183 303 2250 consumpta
319 2179 385 2233 anni
403 2179 532 2231 laborem
550 2175 723 2244 amiserint,
740 2175 797 2228 sibi
814 2175 899 2228 modo
922 2172 958 2226 ad
1014 2175 1297 2246 contemplabuntur,
1315 2177 1344 2231 in
1360 2179 1427 2250 ejus
1443 2180 1527 2236 laude
1544 2185 1688 2252 perpetua
1700 2184 1822 2255 iucunda·

129 2272 236 2324 tamam
264 2268 414 2333 valuisse,
439 2282 495 2318 non
522 2265 557 2318 nd
579 2264 834 2318 conservationem
860 2277 959 2316 rerum
1016 2263 1135 2317 buntur.

130 2359 242 2415 Conani
257 2357 469 2427 depulsionem.
486 2352 739 2409 Considerandum
755 2368 823 2407 esse
839 2353 897 2407 dux
912 2365 958 2405 re·
1051 2352 1103 2405 Vir
1117 2343 1214 2424 itaque
1230 2354 1339 2426 dignus
1354 2358 1402 2427 pic
1417 2363 1538 2427 parente
1554 2362 1583 2414 et
1597 2361 1657 2431 piis
1673 2362 1823 2433 majeribus,

131 2448 360 2519 spondens,nc
390 2443 537 2498 discessio
565 2443 769 2512 properantior
792 2441 959 2510 opinionem
1022 2442 1201 2509 nequedum
1221 2447 1351 2498 armatus
1375 2447 1520 2516 actitabat,
1539 2450 1660 2504 oculum
1681 2451 1825 2506 interieram

130 2540 224 2610 pariat
238 2538 337 2592 minus
355 2536 515 2602 honoram,
535 2535 698 2588 detrimenti
721 2538 960 2607 recompendium
1019 2530 1154 2585 aii¹110rc
1171 2532 1358 2600 sempiterna)
1373 2534 1538 2605 majestatis
1559 2537 1729 2609 dejiciebat.
1749 2541 1824 2594 Armis

132 2631 162 2682 in
180 2641 253 2681 auro
268 2624 473 2695 plenissimum
500 2624 649 2692 promittit.
667 2624 769 2678 Statim
792 2626 886 2680 {rualli
910 2641 960 2680 se.
1020 2633 1144 2688 namque
1159 2622 1336 2688 proterendo
1347 2623 1423 2678 bella
1438 2627 1569 2695 externa,
1582 2628 1713 2683 arcendo
1728 2629 1825 2683 seditio·

134 2719 219 2788 getes
229 2713 372 2768 militibus
384 2712 531 2766 interdicit
547 2713 961 2785 uepecora.0l1temperatum
1020 2721 1084 2774 ¹¹⁰8,
1097 2708 1225 2779 rapinas,
1240 2711 1368 2781 Pliadas,
1384 2713 1486 2782 poiriae
1510 2716 1686 2772 consulebat
1701 2718 1825 2772 Christum

133 2808 179 2860 cst
202 2806 348 2873 praecepto
360 2819 394 2856 ea
416 2801 591 2856 continentia
614 2806 643 2855 ut
672 2801 810 2858 frumenti
826 2805 963 2875 manipu-
1021 2796 1147 2866 OOiessiii
1164 2802 1193 2852 Ui
1209 2815 1348 2870 ‘lUOPflOfl
1359 2802 1425 2871 91⁰8
1436 2802 1597 2875 fruimini,
1615 2808 1715 2861 minus
1729 2806 1828 2862 violasti

135 2894 181 2948 lus
212 2893 317 2947 unicus
342 2892 378 2945 ad
401 2892 685 2960 recompensandum
716 2908 801 2946 omne
825 2893 962 2948 damnum
1021 2887 1256 2942 sacrainstituta.
1275 2889 1828 2965 Neevcredictumunquameritsuscc·

135 2981 396 3052 superabundaret.
413 2982 566 3034 Certamen
582 2981 779 3052 nequidquam
791 2983 844 3037 luit
859 2999 964 3053 exspe·
1020 2975 1102 3044 pisso
1117 2991 1184 3030 eum
1202 2976 1310 3032 bellua·
1327 2980 1405 3050 quod
1423 2979 1538 3050 justitia
1563 2989 1696 3040 vacaret.
1714 2985 1753 3039 lta
1764 2983 1828 3038 Chri·

136 3075 244 3126 etatum
259 3070 430 3124 adversario
446 3070 541 3140 magis
566 3070 595 3122 in
611 3071 750 3125 ulteriora
765 3071 962 3143 profugiente,
1021 3063 1133 3118 Siicolto
1148 3081 1237 3136 roges
1264 3069 1393 3137 gentium
1416 3070 1616 3126 Romanarum
1632 3078 1661 3127 et
1682 3073 1827 3128 Graeeann

135 3159 304 3228 recptusin
324 3174 378 3212 sua
401 3159 597 3227 percharum
623 3159 768 3230 hospitem
803 3160 964 3215 lleraldum
1021 3155 1229 3223 tutantursua,
1247 3157 1827 3233 propulsantinj111·ias,Justsadpalmam
1871 3198 1874 3233 ς

136 3249 212 3320 apud
227 3263 261 3303 se
284 3250 352 3318 post
366 3251 511 3302 moratum
529 3247 697 3318 aliquandiu
714 3249 800 3303 donis
824 3252 963 3303 onustum
1023 3243 1210 3297 contendunt.
1226 3244 1298 3309 Quis
1319 3250 1416 3301 aulem
1432 3248 1509 3302 dicct
1528 3265 1598 3305 esse
1624 3251 1695 3306 boni
1712 3250 1827 3323 principit
1871 3246 1874 3319 Ι

135 3338 243 3406 emisit,
260 3337 348 3408 digno
364 3340 488 3406 utroque
503 3338 531 3389 et
555 3337 642 3406 cuijus
655 3335 746 3405 jussu
761 3340 789 3391 et
809 3353 861 3407 pro
876 3337 964 3407 eujus
1021 3330 1080 3400 pati
1091 3331 1251 3386 seditiosos
1267 3338 1315 3388 aut
1331 3338 1488 3404 raptores?
1503 3336 1577 3408 Ejus
1596 3340 1827 3394 animadversione
1872 3326 1874 3335 '

134 3429 247 3483 honore
270 3424 434 3494 ampliando
458 3428 589 3478 venerat.
618 3425 800 3489 Quinetiam
833 3425 965 3480 fratuelis
1022 3417 1825 3491 etlegibuscNorthmanniasuntexterminatilatrones‚

136 3520 203 3586 ejus
223 3514 400 3568 alterobses
428 3514 574 3582 cumipse
601 3513 693 3567 redux
720 3517 840 3583 propter
868 3515 965 3583 ipsum
1024 3506 1191 3578 homicidae,
1208 3511 1343 3565 malefici.
1365 3512 1602 3569 Sanctissimain
1619 3516 1826 3579 Nortbmannia,

135 3603 268 3658 redditus
283 3604 338 3655 est.
354 3601 462 3655 Paucis
490 3600 622 3671 igiturte
647 3600 809 3670 affabimur,
827 3604 963 3660 Heralde.
1024 3597 1239 3674 observabatur
1259 3605 1478 3655 sacramentum
1497 3603 1580 3672 pacis
1607 3621 1697 3675 quam
1718 3604 1825 3659 Trarion
1870 3562 1874 3655 i

138 3691 201 3754 Quo
213 3692 308 3743 mente
320 3693 386 3759 post
396 3687 824 3745 haecWillelmohaereditatcm
835 3692 962 3763 auterre,
1023 3691 1139 3755 vocant,
1157 3689 1235 3757 (lUOd
1251 3688 1370 3744 effrenis
1394 3692 1550 3761 regionum
1564 3692 1690 3748 aliarum
1716 3692 1827 3764 iltitliiits

137 3779 246 3835 bellum
264 3777 374 3832 inferre
389 3794 482 3832 ausus
504 3793 548 3846 es,
566 3779 612 3832 eni
633 3781 660 3833 te
682 3782 858 3851 gentemque
887 3784 966 3836 tuam
1023 3772 1194 3845 frequenter·
1209 3779 1340 3832 tentarat.
1362 3777 1488 3833 Causam
1502 3780 1611 3850 viduoe,
1628 3783 1735 3854 inopis,
1751 3777 1829 3852 pupilli

138 3884 222 3923 sacro
240 3865 548 3936 sanetojurejurando
564 3867 720 3938 subjecisti
733 3871 782 3922 tua
794 3869 968 3940 etlinguaet
1024 3861 1088 3931 ipse
1117 3863 1266 3919 humililer·
1289 3867 1444 3936 audiebat,
1475 3870 1712 3925 misericorditer
1736 3869 1827 3942 agebat,

136 3955 402 4010 manuissoercere
419 3955 546 4009 debuisti
562 3959 589 4010 et
600 3956 854 4029 perniciosissime
869 3959 967 4012 conci·
1025 3952 1192 4008 rectissime
1208 3954 1375 4010 deliniebat.
1401 3957 1477 4028 Ejus
1502 3958 1640 4029 aeqnitnte
1667 3959 1828 4030 reprimente.

138 4045 215 4098 lasti.
232 4044 390 4098 lnielieiter
401 4045 523 4098 secundi
537 4045 634 4114 tlatus,
645 4046 694 4115 qui
710 4046 966 4115 nigerrimisvelis
1024 4039 1153 4111 iniquam
1170 4043 1356 4112 cupiiiiiiicm
1375 4046 1465 4100 Vicini
1480 4048 1579 4102 minus
1594 4049 1732 4116 valentis·
1748 4053 1788 4102 ³¹¹²
1803 4044 1828 4097 ii·

137 4133 196 4187 tuis
225 4133 430 4202 aspiraverunt
467 4132 679 4197 redeun,tibus;
712 4134 798 4202 impie
835 4134 966 4189 clemens
1024 4131 1122 4185 mitem
1138 4134 1201 4202 agri
1214 4136 1829 4207 movereautremullamusurpare,necpo·
1872 4186 1874 4191 ,

137 4224 254 4291 pontus,
271 4221 320 4291 qui
339 4221 494 4274 vehentem
513 4224 540 4274 te
557 4221 704 4276 bominem
726 4222 915 4276 deterrimum
930 4223 966 4277 ad
1024 4223 1090 4274 tens
1102 4221 1226 4274 audebat
1236 4222 1393 4292 quisquam
1405 4238 1459 4278 nee
1468 4224 1733 4294 familiarisl'illae,
1745 4225 1828 4283 castra,
1872 4216 1874 4223 '

137 4310 218 4363 littus
233 4309 357 4379 provebi
373 4325 482 4377 passus
499 4313 563 4379 cst-3
588 4310 708 4363 sinistre
737 4311 851 4379 placida
881 4313 967 4367 statio
1024 4308 1830 4381 urbesjurapercumbabebantstabiliaetbonalpsun
1872 4326 1874 4339 ¹

138 4399 201 4467 fuit,
218 4399 402 4468 quaerecepit
412 4402 439 4452 te
447 4398 634 4469 naufragium
649 4398 849 4453 miserrimum
864 4401 966 4469 patrias
1023 4397 1099 4452 laetis
1109 4399 1273 4467 plausibus,
1286 4399 1424 4454 dulcibus
1432 4401 1686 4473 cantilenisvulgo
1698 4397 1831 4456 etlercbant

136 4486 315 4542 afferentem,
1024 4487 1166 4556 Accipere
1191 4487 1297 4542 solitus
1313 4493 1358 4542 est
1374 4489 1460 4543 avido
1476 4489 1575 4543 auditu
1596 4492 1742 4562 suavique
1764 4490 1830 4560 gustu

174 4575 253 4629 luter
263 4577 471 4645 occupationes
485 4579 581 4631 tamen
597 4592 695 4631 rerum
710 4577 892 4645 bellicarum,
902 4577 964 4630 sive
984 4533 1119 4629 Dsacrae
1134 4576 1250 4648 paginae
1266 4592 1430 4645 sermoneS,
1448 4579 1486 4631 iis
1503 4582 1534 4631 ut
1548 4580 1655 4634 animae
1670 4579 1782 4649 epulum
1794 4590 1832 4628 su·

139 4665 378 4733 domesticarum,
404 4665 654 4734 quasmondanas
683 4666 839 4735 appellant,
869 4667 964 4720 studia
1024 4669 1114 4719 meret
1128 4664 1461 4730 delecter-idesiderans,
1476 4667 1618 4738 castigari
1629 4672 1716 4739 atque
1728 4662 1831 4722 edoceri.

139 4754 239 4824 optimi
260 4754 402 4823 principis
421 4755 450 4807 in
466 4753 573 4807 divinis
590 4755 711 4825 egregia
733 4754 883 4823 exstitere,
900 4772 966 4826 quae
1022 4755 1161 4809 Sumebat
1183 4757 1210 4807 ct
1234 4754 1398 4808 honorabat
1417 4754 1593 4810 condecenti
1620 4758 1781 4812 reverentia
1793 4753 1832 4806 be·

137 4857 191 4913 per
206 4843 324 4914 singula
346 4858 380 4897 ac
395 4858 447 4912 pro
460 4842 660 4912 magnitudine
684 4859 737 4896 sua
767 4843 892 4897 recitare
908 4860 966 4898 non
1025 4843 1110 4896 stiam
1135 4843 1308 4911 salutarem,
1331 4842 1516 4897 Dominicum
1533 4845 1723 4915 sanguinem,
1740 4845 1831 4897 sineere

140 4931 316 4985 sufficimus.
330 4933 460 4985 Noverat
469 4932 548 4984 enirn
562 4947 619 4984 non
631 4931 728 4986 solum
744 4931 926 5000 principatus
938 4933 967 4985 in
1027 4931 1082 4984 lide
1099 4935 1202 4984 tenens
1217 4932 1294 5001 quod
1310 4947 1381 4985 vera
1397 4930 1528 4986 doctrina
1540 4939 1736 5004 praeceperat,
1752 4941 1832 5003 panem

139 5021 246 5074 mundo
276 5020 515 5074 derentesbrcvi
545 5035 654 5073 oceanasu
674 5020 839 5089 terminari,
865 5035 967 5073 verum
1026 5023 1053 5073 ct
1076 5019 1176 5074 vinum
1197 5034 1263 5089 quae
1289 5020 1371 5072 altari
1395 5026 1655 5091 superponuntur,
1686 5018 1834 5076 consecrati

139 5107 224 5160 ctiam
239 5110 335 5177 ipsius
350 5109 449 5162 mundi
466 5108 590 5180 liguram
600 5108 760 5177 praeterire.
779 5109 904 5163 Unicum
919 5124 967 5162 au·
1023 5109 1188 5163 sacerdotis
1204 5108 1303 5178 lingua
1324 5113 1352 5162 et
1368 5124 1454 5162 nranu
1469 5112 1573 5163 sancte
1590 5125 1715 5178 canone,
1732 5109 1832 5164 lisdem·

138 5197 197 5247 tem
220 5211 344 5268 regnum
372 5197 559 5251 immobiliter
587 5200 676 5266 stare,
707 5197 774 5250 baie
803 5199 966 5266 praesidere
1021 5198 1830 5269 ptorisveramessecarnematverumcssesanguinem.

140 5279 343 5348 imperatorem
363 5284 539 5339 ineffabilem
566 5285 714 5339 dominatu
729 5289 849 5355 aeterno,
865 5302 966 5340 rerum
1021 5288 1129 5358 Utique
1145 5303 1203 5340 non
1220 5287 1353 5357 ignotum
1369 5290 1414 5340 est
1430 5290 1538 5356 quanto
1552 5286 1617 5340 zelo
1630 5286 1833 5342 lueritinsectt·

141 5367 389 5424 universalitatem
406 5389 491 5440 qnam
513 5374 643 5428 condidit
662 5376 807 5427 coaeterna
824 5374 882 5427 sibi
902 5390 967 5442 pro·
1019 5378 1080 5445 tns,
1097 5378 1183 5445 atque
1198 5376 1395 5429 exterminare
1411 5376 1584 5445 sategerite
1610 5378 1689 5430 terra
1704 5391 1756 5430 sua
1770 5373 1835 5428 aliter

140 5453 966 5529 videntiagubernantem,terrenorumdulcedininirnium
1022 5465 1196 5518 sentientem
1221 5465 1405 5532 pravitatem.
1422 5462 1544 5517 Celabat
1568 5462 1696 5518 devotus
1721 5469 1834 5517 ateana

142 5540 257 5595 deditos
280 5545 418 5611 tyrannos
442 5553 587 5604 momento
616 5555 769 5604 conterere
803 5551 956 5618 potentem
1023 5554 1106 5607 aetate
1131 5568 1216 5605 sacru
1233 5552 1385 5620 solemnia,
1402 5552 1618 5607 concelebrans
1631 5567 1667 5608 ea
1687 5548 1832 5623 sepissime

141 5628 305 5685 diademata
319 5633 406 5701 atque
420 5634 525 5700 palatia
540 5638 892 5709 inaestimabiliperpetim
907 5637 966 5694 tul·
1022 5656 1087 5695 eum
1105 5640 1269 5712 frequentia
1279 5640 1413 5712 religiosi
1429 5642 1605 5709 conventus,
1618 5640 1701 5713 cleri,
1716 5641 1776 5696 sire
1788 5649 1833 5691 ee·
