3900 6112
176 290 255 355 1439
302 284 305 287 ’

654 286 898 352 GUITMUNDl
919 285 1183 350 ARCHIEPISC.
1209 286 1432 350 AVERSANI.

1832 287 1897 349 1440

178 489 274 543 claudi
290 468 1048 559 616161661611666,611116116616616611116166Α
1074 486 1214 543 inutiliter
1223 489 1340 559 garrire
1356 503 1416 542 non
1431 487 1589 542 cessabis?
1599 485 1733 541 Proinde
1742 485 1901 540 considera-

174 578 350 647 vitalemque
362 576 460 631 cibum
472 576 617 631 restitutis
629 576 844 645 spiritualibus
857 591 934 647 quos
946 591 1009 629 car-

172 668 249 722 66116
258 667 307 721 1116
319 681 353 719 66
363 665 498 722 mortifer
517 665 665 721 clauserat
684 666 798 734 oculus,
809 664 873 736 jam
887 680 946 719 non
957 680 1009 720 se-

173 755 302 811 eundum
330 770 449 809 carnem
478 755 630 825 sapiamus
658 754 702 824 (II
724 756 791 810 Gor.
821 754 852 820 v)
876 753 912 808 61
928 770 1008 809 mor·

173 849 241 915 tem,
259 845 323 913 sed,
336 845 463 900 revelata
478 843 563 912 faeie,
578 860 645 915 666
661 847 730 898 6661
748 842 912 913 spiritualia
934 858 1006 898 eon-

173 935 349 1005 templemur
364 934 400 987 61
424 934 513 988 vitam
541 937 690 988 aeternam.
721 934 816 1003 Atque
845 934 884 987 ita
911 948 1005 1003 quaa-

174 1024 224 1078 diu
248 1024 277 1078 in
306 1038 400 1096 agone
429 1022 497 1077 fidei
525 1027 683 1091 certamus,
713 1022 842 1093 quaudiu
869 1021 1005 1093 peregri-

128 1144 131 1149 ·
174 1128 311 1167 namura
332 1111 571 1178 [1661661166
596 1114 727 1166 nostram
744 1111 847 1165 sedulo
870 1110 1006 1165 convenit

174 1202 320 1270 exerceri,
334 1203 480 1272 quatenus
490 1200 659 1255 exercendo
672 1200 832 1268 erudiatur,
844 1199 1007 1254 erudiendo

173 1295 323 1362 pascatur,
340 1289 490 1360 pascendo
503 1293 656 1360 augeatur,
672 1288 807 1360 augendo
827 1289 1005 1358 perficiatur,

173 1380 304 1451 perlecta
320 1381 485 1433 coronatur.
502 1378 585 1443 Quod
602 1380 697 1433 autem
714 1378 781 1432 fidei
792 1378 822 1432 id
836 1377 1008 1432 exercitium
1025 1400 1031 1411 ·

174 1467 326 1538 esset,vel
350 1467 428 1538 quod
453 1483 508 1537 pro
533 1467 674 1521 exercitio
700 1482 755 1521 suo
780 1467 916 1521 meritum
939 1466 1009 1519 tanti

175 1557 354 1614 sacramenti
368 1556 471 1611 fideles
489 1555 675 1624 haberent,si
686 1571 801 1610 sacram
813 1555 938 1610 hostiam
951 1570 1009 1609 nou

174 1660 276 1717 posse,
296 1644 353 1697 nisi
370 1660 423 1714 per
438 1642 621 1698 sacerdotem
639 1648 666 1696 61
682 1643 813 1697 inmissa
824 1642 1009 1697 solummodo

175 1735 276 1804 dividi,
287 1733 444 1788 manifesta
456 1736 484 1786 et
494 1731 796 1802 quorumlibetouulis
808 1731 1010 1802 pateret.Quis

1066 579 1125 632 tius
1142 578 1312 647 supradicta
1324 580 1461 646 retracta,
1475 580 1504 630 et
1515 575 1642 630 tidenter
1652 579 1732 644 tene,
1751 575 1900 628 66111661-

1067 683 1137 721 num
1158 668 1251 721 Deum
1266 669 1403 721 nostrum
1419 681 1538 720 caruem
1557 680 1645 720 suam
1673 663 1742 718 sine
1766 663 1829 717 ullo
1847 663 1902 734 ejus

1066 749 1901 826 incommodoperparte'sineffabiliterpossadistribuere,

1068 848 1126 914 ant,
1137 845 1164 899 si
1179 845 1244 899 idei
1258 860 1317 899 nou
1333 843 1438 915 placet,
1450 848 1712 898 sacramentasuaa
1729 843 1902 910 mensae,vel

1069 935 1232 990 secundum
1256 934 1387 989 rationes
1409 949 1484 1004 6666
1502 933 1644 1001 diximus,
1674 931 1725 985 val
1747 930 1903 985 secuudum

1068 1025 1153 1093 alias,
1170 1024 1196 1078 si
1215 1022 1295 1077 Deus
1311 1023 1364 1077 tibi
1382 1022 1495 1076 dederit
1514 1021 1641 1076 forsitan
1664 1019 1825 1087 meliores,
1847 1019 1903 1073 licet

1069 1114 1221 1169 06610166
1249 1111 1410 1166 carnalium
1438 1110 1599 1165 infirmitati
1638 1109 1730 1163 aliter
1759 1108 1901 1175 videatur,

1069 1205 1165 1256 lamen
1181 1201 1307 1255 indivisa
1321 1199 1501 1254 66661611
1515 1199 1541 1253 si
1557 1197 1631 1252 illud
1647 1196 1732 1269 quod
1749 1197 1836 1266 priua
1853 1196 1903 1249 dixi

1068 1290 1309 1359 1166160616661,
1323 1289 1368 1343 166
1392 1291 1437 1343 est
1466 1304 1538 1359 ergo
1566 1303 1628 1341 non
1653 1303 1712 1356 per
1744 1285 1902 1340 violentiam

1068 1381 1186 1451 quidem
1200 1378 1409 1447 6661166661
1424 1392 1477 1447 per
1492 1376 1697 1448 dignationem
1716 1390 1807 1429 suam
1829 1373 1902 1428 Chri·

1067 1474 1145 1524 stum
1162 1468 1325 1523 66666166
1341 1481 1460 1521 661666
1475 1465 1614 1520 dentibus
1626 1463 1719 1518 611611
1736 1468 1765 1518 61
1781 1478 1834 1533 per
1846 1479 1901 1532 par·

1066 1563 1112 1612 tes
1128 1572 1238 1628 601666
1254 1555 1321 1628 ejus
1343 1554 1480 1610 fidelibus
1503 1554 1681 1608 ministrari.
1710 1551 1833 1607 sivero
1853 1567 1900 1605 noa

1066 1649 1170 1717 placet,
1187 1645 1261 1700 nibil
1276 1645 1363 1700 nobis
1383 1644 1595 1698 inconveniens
1623 1643 1661 1696 de
1687 1641 1840 1695 divisione
1861 1655 1901 1693 sa·

1067 1741 1285 1790 crementorum
1297 1739 1326 1789 et
1340 1733 1534 1802 dissipatione
1550 1729 1749 1801 debetobjiei
1761 1746 1828 1800 quae
1842 1745 1901 1798 pas-

175 1820 734 1890 666661161116116661016661116611
748 1821 899 1889 miraculo,
914 1818 1010 1891 magis
1028 1841 1052 1904 Β
1068 1830 1146 1894 6661,
1163 1828 1194 1878 61
1213 1824 1354 1892 diximus,
1371 1821 1586 1887 rationabiliter
1601 1818 1808 1873 indivisibilia
1823 1821 1847 1872 et
1864 1819 1901 1871 in·

175 1910 525 1985 6666610161166611161
540 1910 740 1964 consentiret?
761 1910 893 1980 Denique
916 1909 1010 1963 maai-

176 2003 252 2057 iesta
267 1999 407 2054 miracula
419 2015 477 2053 nou
490 2004 610 2068 propter
625 1998 739 2067 fideles,
752 1998 806 2053 661
815 2001 936 2068 6106161
946 1997 1011 2051 inll-

1067 1914 1293 1985 disseparabilia
1310 1911 1506 1981 comprobari.

1430 2015 1537 2056 66666.

176 2083 258 2145 dele's
274 2088 344 2143 dicit
355 2089 517 2157 Apostolus
529 2087 612 2155 fieri,
631 2087 686 2141 hec
707 2089 802 2142 autem
826 2091 1010 2142 sacramenta
1104 2093 1144 2146 lta
1160 2091 1273 2160 fateor3
1288 2091 1403 2144 eunctis
1419 2105 1485 2159 quae
1496 2086 1628 2157 opposui
1642 2088 1697 2140 166
1714 2087 1903 2155 competenter

176 2175 912 2245 uonsuutiulrdelium,sedfidelium,(lCor.x1v).
926 2176 1009 2230 Unde
1070 2173 1201 2236 occdrrit
1215 2180 1300 2248 ratio,
1317 2183 1348 2233 ut
1363 2194 1416 2248 per
1429 2178 1525 2232 omnia
1541 2176 1707 2248 gaudeam,
1732 2178 1763 2229 et
1786 2175 1853 2228 nibil
1872 2188 1902 2226 ex

175 2284 230 2324 neo
240 2266 408 2321 infidelibus
424 2266 470 2319 fas
482 2267 528 2319 est
542 2265 590 2319 illa
604 2264 753 2332 distribui,
776 2265 829 2318 sed
846 2281 900 2319 nec
923 2265 1011 2318 etiam
1069 2270 1116 2324 his
1132 2269 1279 2340 reliquum
1290 2268 1405 2321 videam
1420 2265 1757 2337 iuquojustumputem
1768 2269 1796 2318 16
1808 2263 1901 2317 debere

176 2356 276 2427 pandi.
294 2356 359 2410 Non
371 2355 462 2426 igitur
483 2353 652 2408 infidelibus
675 2369 728 2422 per
748 2356 849 2422 aparte
871 2353 1011 2408 miracula
1067 2374 1146 2413 ame
1162 2357 1288 2428 amplius
1303 2356 1432 2427 fatigari.

175 2448 301 2517 pateant,
315 2443 370 2498 soli
382 2459 453 2497 vero
464 2443 569 2496 lldeles
578 2458 637 2497 606
649 2444 747 2497 661616
759 2443 863 2497 intuitu
871 2443 945 2511 haec,
956 2442 1011 2496 sed
1387 2459 1583 2498 0611666666.

175 2537 273 2589 66616
285 2535 417 2588 cernant.
435 2531 509 2584 Nam
525 2533 553 2584 et
564 2532 629 2600 ipse
645 2531 788 2585 Dominus
804 2534 906 2585 noster
920 2531 1010 2585 lesus
1104 2535 1177 2590 lllud
1193 2550 1265 2589 sane
1275 2534 1447 2603 scrupulum
1457 2536 1554 2587 movet
1568 2531 1743 2602 aliquibus,
1759 2530 1902 2602 quominus

175 2619 1009 2689 Christussacramentahaec,mpsteriumfideiappellavit.
1068 2626 1143 2680 hanc
1174 2626 1364 2679 mutationem
1391 2636 1483 2692 possa
1512 2621 1577 2675 fieri
1602 2620 1751 2686 credant,
1775 2619 1850 2691 qnod
1873 2632 1903 2671 ex

177 2711 216 2765 Ut
231 2710 300 2781 quid
317 2724 388 2780 ergo
404 2708 585 2779 mysterium,
608 2709 758 2791 61616616
781 2708 1011 2763 066611661111
1068 2713 1163 2767 solido
1178 2715 1291 2765 naturae
1315 2724 1406 2763 eursu
1426 2707 1506 2763 nulla
1524 2707 1588 2761 iere
1613 2722 1651 2761 ex
1676 2710 1743 2761 toto
1768 2705 1901 2760 simillima

176 2799 247 2871 quid
261 2799 340 2867 11161,
357 2798 415 2851 6161
433 2797 511 2865 6061
526 2795 582 2850 hoc
597 2812 654 2850 non
669 2799 767 2851 caruis
783 2798 878 2866 06610,
895 2797 948 2851 661
963 2798 1010 2850 iu·
1067 2801 1201 2857 occurrit
1214 2799 1347 2853 mutatio.
1363 2798 1437 2851 Nam
1452 2811 1519 2851 eum
1538 2796 1651 2867 aliquid
1679 2795 1903 2850 substantialiter

177 2886 713 2957 16116111616661661166616661611
740 2903 817 2956 nam,
841 2887 1011 2941 61661666-
1066 2888 1323 2944 transmutaturiu
1339 2886 1427 2956 61161,
1443 2887 1473 2940 16
1492 2885 1521 2939 11
1541 2887 1645 2956 611666
1672 2886 1808 2939 11666116
1829 2883 1901 2949 solet,

177 2978 330 3033 ctissimus
341 2976 379 3030 ait
392 2975 568 3047 GregoriuS,
593 2991 651 3029 uon
667 2976 755 3030 habet
772 2976 848 3030 fides
862 2976 1010 3045 meritum,
1066 2979 1145 3052 quod
1160 2976 1476 3046 nonexistebatprius,
1486 2975 1569 3029 verbi
1582 2975 1695 3046 gratia,
1707 2974 1806 3046 ¹Virga
1818 2972 1901 3044 Marsi

178 3068 226 3123 661
241 3067 369 3120 humana
384 3065 458 3119 ratio
474 3064 586 3135 praebet
606 3065 850 3134 experimentum.
873 3066 904 3120 Si
920 3065 1012 3136 igitur
1066 3073 1234 3123 6161616661
1250 3067 1281 3120 in
1299 3071 1470 3137 serpentem
1485 3064 1595 3133 (111161.
1604 3064 1673 3135 vu),
1687 3081 1759 3135 quaa
1774 3067 1840 3118 aute
1853 3076 1900 3114 600

176 3157 213 3212 16
228 3156 343 3211 fallacia
359 3154 519 3209 carnalium
536 3169 690 3222 sensuum,
708 3154 759 3225 qni
785 3170 840 3210 nac
863 3154 899 3209 de
919 3154 1010 3208 rebus
1027 3161 1129 3267 cerat
1142 3171 1280 3227 serpeus,
1297 3155 1431 3209 6611666
1447 3153 1786 3224 6661166666616666;
1801 3149 1901 3222 quaudo

176 3246 288 3316 parvis,
305 3247 408 3315 atquae
420 3242 494 3312 ipsis
509 3246 608 3312 661616
621 3243 763 3297 sensibus
779 3244 885 3312 solent,
903 3243 1011 3298 nedum
1067 3262 1140 3302 vero
1157 3245 1284 3300 dicimus
1300 3244 1405 3297 mutari
1421 3257 1536 3312 panem,
1552 3258 1614 3297 non
1646 3243 1680 3296 in
1702 3256 1823 3296 caruem
1847 3253 1901 3310 qna

177 3336 213 3391 de
237 3334 375 3389 maximis
391 3335 419 3386 at
440 3332 566 3386 occultis
581 3336 683 3387 606116
702 3333 845 3387 rationem
871 3332 1011 3387 credendi
1065 3337 1196 3392 nundum
1221 3333 1316 3387 iuerat
1339 3347 1419 3399 6616,
1455 3331 1557 3386 sedin
1580 3346 1648 3385 666
1674 3347 1746 3401 666
1770 3330 1830 3400 jam
1851 3328 1902 3381 6161

177 3428 257 3493 6661,
274 3423 427 3478 evidenter
442 3421 593 3489 accepisti,
609 3421 636 3474 si
651 3421 820 3488 spirituales
841 3437 951 3476 sensus
973 3422 1010 3476 ad
1065 3426 1176 3480 Christi
1191 3438 1270 3491 caro,
1283 3422 1348 3475 sine
1365 3419 1424 3474 ullo
1440 3420 1538 3474 carnis
1554 3419 1656 3489 ipsius
1674 3406 1839 3475 [lominica
1847 3431 1899 3470 ere·

177 3513 341 3585 spiritualia
357 3513 541 3565 sacramanta
553 3509 670 3579 aperiri,
688 3510 823 3566 carnales
834 3527 905 3565 vero
915 3510 1010 3565 claudi
1065 3516 1164 3570 mento
1177 3512 1283 3566 mutari
1298 3509 1482 3566 eonfitemur.
1498 3508 1534 3563 Et
1558 3523 1616 3563 nos
1636 3509 1784 3579 equidem
1805 3506 1838 3560 ad
1861 3506 1899 3557 iu·

177 3605 314 3673 oportere
329 3599 468 3667 didicisti,
486 3599 512 3653 si
527 3598 654 3669 denique
670 3598 723 3652 tibi
738 3599 773 3654 de
789 3601 929 3670 mysterio
941 3599 1009 3654 fidei
1064 3602 1257 3674 telligendum
1272 3599 1360 3654 nobis
1375 3600 1405 3652 in
1417 3596 1768 3653 hocsaeculodifficilem
1778 3594 1898 3650 muhlisr·

178 3691 222 3746 sic
232 3689 401 3745 infidelibus
412 3688 595 3757 occultando,
604 3687 741 3743 fidelibus
752 3693 848 3743 autem
860 3707 912 3761 pro
925 3706 1009 3747 exer·
1067 3709 1134 3749 nem
1149 3692 1225 3746 hane
1241 3705 1300 3744 non
1315 3702 1470 3760 negamus,
1483 3701 1541 3741 666
1554 3689 1660 3740 16666
1672 3687 1710 3740 61
1722 3683 1897 3740 credendum.

178 3781 247 3836 61116
264 3795 319 3834 666
334 3778 435 3832 661116
452 3778 615 3832 0166666116
632 3777 698 3832 fidei
722 3778 882 3847 plurimum
905 3782 1010 3850 prolu-

96 3888 103 3905 ·
176 3873 253 3938 1616,
272 3867 457 3923 satisfactum
468 3870 529 3935 est3
546 3867 646 3937 661116,
670 3869 700 3920 61
721 3868 858 3939 arbitror,
884 3870 932 3924 hic
946 3886 1010 3925 am-

177 3959 256 4029 plius
271 3956 404 4012 tenebris
419 3956 561 4027 improbae
581 3957 837 4028 tergiversationis
858 3962 886 4013 te
901 3959 1012 4013 involvi

1067 3783 1125 3838 Sed
1140 3794 1284 3852 quorsam
1294 3778 1346 3832 1(ἰῖ
1359 3777 1435 3831 Num
1452 3776 1532 3831 enini
1553 3774 1673 3829 ideirco
1698 3789 1837 3847 magnum
1855 3772 1899 3824 lior

1066 3875 1154 3944 atque
1169 3867 1397 3924 saluberrimum
1404 3865 1527 3920 eredere
1537 3878 1598 3919 noa
1610 3864 1775 3931 debemus,
1786 3863 1847 3918 siin
1856 3861 1899 3913 bac

1068 3962 1137 4032 vita,
1149 3958 1296 4031 quomodo
1312 3956 1370 4025 liat,
1388 3969 1494 4025 capara
1508 3969 1567 4008 non
1593 3953 1748 4023 valemus,
1773 3968 1837 4006 cum
1857 3963 1899 4003 ue·

177 4048 271 4103 16661.
288 4047 333 4100 Ad
349 4061 504 4113 summam,
520 4045 588 4116 quis
604 4047 700 4113 possit
714 4046 830 4101 edicere
845 4047 893 4102 vel
915 4053 1011 4130 mente
1068 4049 1202 4106 cessario
1217 4047 1308 4102 multa
1322 4045 1380 4099 ilde
1396 4048 1560 4112 teneamus,
1579 4042 1697 4114 quibus
1713 4045 1817 4098 606116
1827 4038 1899 4094 6661·

178 4151 294 4207 capere,
312 4137 420 4205 666616
435 4135 521 4189 61166
537 4137 647 4188 nostra
663 4134 761 4189 carnis
780 4137 848 4204 post
870 4151 1012 4192 resurre-
1067 4143 1123 4209 tas,
1134 4136 1282 4192 66166116
1294 4133 1457 4205 magis,aut
1468 4135 1547 4186 certe
1558 4146 1618 4186 nou
1633 4132 1739 4187 minus
1750 4141 1899 4201 repugnare

177 4227 303 4281 ctionem
319 4223 418 4278 161616
429 4224 467 4277 611
482 4223 587 4294 gloria,
604 4227 712 4296 666616
733 4224 883 4294 potentia?
906 4226 1012 4280 lmmu·
1066 4227 1209 4301 videtur?
1224 4226 1266 4280 De
1281 4222 1465 4295 providentia
1480 4234 1609 4291 namque
1624 4223 1657 4275 et
1672 4220 1774 4275 libero
1783 4218 1898 4275 arbitrio.

178 4315 306 4371 labimur
321 4310 834 4383 6616,616611661111161166161661
850 4317 1014 4386 corruptio·
1070 4334 1137 4373 cum
1153 4318 1310 4385 utrumque
1330 4311 1633 4379 11161116116666666,
1651 4311 1683 4363 et
1697 4310 1899 4379 6116666616

178 4406 294 4472 nem,et
306 4401 1015 4474 661666661666166166616616611116616(1061
1067 4407 1133 4463 neri
1150 4407 1292 4476 oporteat,
1318 4405 1358 4456 ita
1391 4400 1448 4455 sibi
1469 4399 1600 4453 rationes
1616 4396 1765 4452 humanm
1780 4397 1899 4452 videntur

178 4493 237 4562 xv),
247 4493 420 4562 dabiturque
429 4491 517 4545 uobis
527 4490 705 4562 quodoenlns
714 4508 771 4545 non
782 4493 1014 4562 vidit,necauris
1068 4497 1246 4552 altrinsecus
1262 4491 1394 4559 obviare,
1407 4492 1439 4543 ut
1448 4488 1546 4560 potius
1558 4490 1724 4558 utramque
1733 4481 1898 4559 [unumque]

180 4582 306 4652 audivit,
315 4598 369 4636 666
378 4582 408 4635 in
417 4580 603 4636 6611661616
611 4580 747 4635 66666111
756 4581 825 4651 (166.
835 4583 1014 4652 nx1v3160r.
1027 4565 1054 4630 D
1068 4584 1203 4639 vicissim
1215 4583 1378 4648 destruant,
1395 4591 1483 4649 quam
1497 4575 1544 4629 vel
1559 4575 1692 4630 alterum
1712 4591 1787 4631 esse
1808 4585 1898 4629 conte·

179 4671 221 4741 6).
233 4668 454 4741 Cumigiturvel
465 4669 588 4723 extremi
595 4667 1013 4739 cujuslibethomunculiearo
1069 4675 1147 4730 dant.
1163 4671 1252 4727 Nulla
1263 4683 1347 4724 mens
1367 4665 1496 4722 beminis
1511 4666 1611 4735 potest
1633 4680 1748 4735 666616
1770 4659 1898 4735 6606010

180 4763 319 4832 quantam
336 4759 375 4813 sit
392 4757 526 4813 habitura
541 4759 700 4826 potentiam
720 4760 800 4814 nulla
824 4776 903 4816 nunc
917 4763 1014 4833 possit
1069 4764 1097 4818 id
1109 4762 1187 4834 quod
1197 4761 1226 4815 in
1241 4759 1375 4814 unoloeo
1388 4759 1480 4811 totum
1491 4756 1537 4809 est
1548 4753 1659 4808 eodem
1675 4758 1811 4823 tempore
1824 4753 1898 4805 totum

181 4848 433 4918 comprehendere
448 4847 532 4917 ratio,
544 4850 574 4901 tu
590 4848 626 4902 de
638 4863 761 4916 corpore
776 4848 940 4905 Salvatoris
957 4851 1014 4905 im·
1070 4868 1140 4908 essa
1155 4850 1291 4921 possitiu
1305 4848 1408 4913 altero,
1421 4859 1488 4899 oum
1503 4843 1539 4898 de
1559 4858 1636 4897 vaae
1653 4847 1757 4898 tamea
1776 4838 1897 4900 bominis,

180 4939 326 5010 pudenter
336 4941 364 4991 et
378 4936 545 5004 carnaliter,
557 4935 643 5006 juxta
654 4952 765 4991 sensus
778 4932 923 5010 disputas,
935 4941 1014 5011 6601
1070 4941 1099 4997 11
1116 4956 1219 4996 06666
1235 4937 1367 5001 1666661;
1383 4934 1509 4988 661666
1523 4946 1648 5003 666666
1664 4932 1799 5004 siugulis
1814 4931 1897 4984 inesse

181 5044 243 5098 prae
255 5043 289 5082 se
305 5024 492 5082 ineffabiliter
502 5041 605 5081 amnas
616 5026 712 5097 angeli
723 5027 917 5084 venerantur!
929 5029 1015 5085 Certe
1071 5026 1307 5088 membrissimul
1315 5025 1520 5091 totam,beatus
1527 5021 1725 5092 Augustinus
1733 5023 1897 5091 inexpugna-

181 5117 332 5171 enimvero
348 5116 490 5187 quidquid
506 5115 633 5170 humano
645 5115 805 5172 intellectui
816 5121 946 5173 occurrit
960 5135 1015 5174 no·
1070 5112 1544 5178 11111611666606111661.1116666
1559 5110 1697 5166 omnium
1713 5125 1814 5166 rerum
1828 5120 1897 5161 crea·

181 5202 337 5272 bisposse
357 5203 1015 5279 16166666616111611111,61111616661
1070 5213 1111 5266 tio
1127 5208 1267 5278 ereditur,
1285 5219 1351 5259 cum
1375 5200 1523 5257 tamenab
1539 5198 1665 5255 homine
1691 5216 1752 5255 non
1774 5199 1895 5268 capiatur.

182 5291 360 5359 promittitur
370 5293 467 5347 nobis.
483 5291 555 5346 Cum
570 5293 662 5364 igitur
678 5309 734 5348 606
750 5299 924 5365 6606610166
946 5311 1016 5352 6666
1070 5301 1142 5367 Quis
1158 5297 1247 5367 euim,
1264 5297 1295 5349 ut
1309 5293 1346 5348 de
1361 5289 1534 5363 compendio
1549 5288 1671 5359 loquar,
1693 5288 1797 5343 valcat
1808 5295 1896 5356 capere

183 5377 332 5433 credimus
357 5380 435 5449 quod
454 5396 533 5435 nunc
555 5381 633 5435 scire
655 5383 801 5452 quomodo
822 5386 918 5453 possit
940 5386 1014 5458 lieri,
1070 5389 1142 5444 illud
1153 5387 1232 5459 quod
1246 5385 1342 5456 primo
1353 5382 1461 5436 factum
1477 5384 1532 5449 est,
1554 5380 1679 5451 quando
1701 5376 1806 5434 babuit
1827 5369 1897 5429 fieri?

183 5467 242 5522 nisi
257 5467 325 5538 quia
341 5468 402 5522 Deo
417 5470 515 5523 omnia
529 5470 685 5540 possibilia
706 5476 776 5528 suut
799 5488 857 5528 606
871 5477 1016 5546 valemus,
1069 5477 1153 5544 Quod
1168 5475 1247 5532 enim
1262 5473 1358 5528 adhuc
1373 5470 1492 5527 omnino
1507 5483 1568 5524 606
1592 5471 1655 5540 est,
1680 5484 1744 5524 non
1771 5467 1820 5537 iit;
1845 5458 1893 5517 tien

184 5560 215 5613 tu
230 5556 266 5611 da
282 5556 490 5626 omnipotentis
506 5557 558 5613 Dei
575 5573 709 5632 corpore,
726 5564 864 5634 quoniam
874 5581 1017 5637 6666666-
1070 5568 1147 5625 6616
1159 5565 1222 5638 jam
1238 5564 1274 5618 61
1289 5559 1508 5632 essepertiuat.
1537 5556 1707 5631 Postquam
1732 5558 1829 5612 66166
1849 5552 1891 5614 est

184 5661 242 5724 que
256 5649 385 5720 aguntur
399 5660 461 5715 pre
476 5647 571 5703 oeulis
589 5647 767 5708 bestialibus
781 5669 840 5711 nou
850 5655 953 5731 habea,
970 5658 1017 5715 in·
1069 5673 1129 5716 non
1144 5653 1269 5729 66166
1284 5651 1393 5724 quippe
1407 5648 1463 5704 est·
1480 5644 1540 5703 Sed
1554 5661 1614 5704 nee
1627 5647 1707 5703 inter
1720 5659 1793 5703 θεοῦ
1806 5645 1832 5698 0²
1846 5651 1892 5694 ¹⁰¹¹
