3908 6112
133 282 193 347 127

592 287 729 350 susm
750 288 1015 355 PONTIFICUM
1038 289 1411 357 CAMERACENSIUM

1790 295 1851 360 128

133 488 214 542 vium
224 486 432 543 dareauderet.
450 487 512 542 Nec
527 487 765 562 longumtamen,
778 491 826 561 pio
838 491 963 547 interce·
979 472 1009 534 Α
1022 492 1111 548 tionis
1136 493 1354 563 perturbatione
1377 493 1504 549 sollicito
1525 495 1654 550 occurrit
1669 495 1785 550 tandem
1801 511 1852 551 sa·

133 576 220 631 dente
231 579 352 646 patrono
362 593 378 632 a
389 592 518 648 superno
531 578 644 633 medico
653 579 886 636 misericorditer
895 582 964 635 visi-

132 669 221 737 tatus,
239 681 320 720 sanas
336 671 364 720 et
379 668 504 739 integrae
519 667 625 722 mentis
641 684 725 740 opem
742 670 863 740 recepit,
881 670 962 724 suis-

133 769 190 825 que
205 770 272 810 cum
287 755 395 826 gaudio
411 756 446 810 ad
462 771 517 810 sun
533 759 676 825 reversis,
692 758 757 828 ipse
769 759 918 813 Gerardus
929 789 964 799 —

133 843 189 899 hoc
204 844 281 898 enim
297 844 339 898 illi
354 845 530 900 vocabulum
550 876 585 886 —
609 847 639 900 in
663 848 841 902 monasterio
859 848 919 902 Deo
935 850 964 902 et

132 948 188 987 suo
213 934 403 988 sanctissimo
428 935 596 989 confessori
619 935 814 990 famulaturus
844 951 962 991 manere

132 1023 289 1076 estimavit.
301 1021 357 1077 Ubi
369 1038 435 1078 cum
451 1022 500 1077 diu
516 1039 630 1078 summa
645 1024 801 1079 devotione
818 1023 964 1079 familiari·

130 1111 178 1166 ter
192 1110 366 1182 deserviret,
384 1111 515 1182 contigit,
533 1115 563 1166 ut
580 1129 646 1167 cum
662 1113 787 1183 quadam
804 1113 850 1167 die
869 1114 963 1186 gratia

132 1200 224 1270 (957)
247 1201 384 1255 visitandi
409 1204 561 1270 paternam
581 1202 726 1255 colonium
747 1203 893 1257 invitaret.
918 1202 962 1257 nd

131 1304 218 1359 quam
231 1289 446 1358 comtenderet,
455 1289 729 1361 neolongeqnidem
739 1291 835 1344 adbuc
846 1291 961 1345 distans

130 1377 315 1433 sacerdotem
328 1378 591 1449 canitiedecorum‚
605 1378 686 1432 vultu
696 1379 856 1450 habituque
868 1396 962 1434 venu-

130 1468 223 1535 stum,
244 1470 275 1521 ut
295 1467 359 1536 ipse
379 1467 491 1522 referre
507 1466 630 1537 solebat,
648 1467 767 1522 obvium
782 1468 893 1537 habuit,
912 1470 961 1540 qui

129 1567 195 1609 cum
211 1555 402 1625 interpellans
418 1555 519 1610 verbis
529 1555 718 1628 hujusmodi:
739 1579 750 1603 «ι
763 1556 826 1622 Quo
841 1556 961 1612 tendis?

128 1642 232 1714 inquit.
249 1644 285 1698 Et
302 1645 349 1700 ille
367 1661 373 1699 :
392 1645 455 1699 lam
472 1645 652 1716 dudumest,
669 1646 786 1700 domine
802 1648 860 1714 mi,
882 1648 961 1717 quod

129 1733 320 1788 sanctissimo
336 1735 411 1804 patri
425 1733 590 1805 Gangerico
606 1750 659 1805 pro
676 1735 791 1789 collatis
806 1735 960 1791 beneflciis

1022 598 1090 637 num
1107 598 1140 636 ac
1155 582 1275 636 salubre
1290 583 1463 653 consilium,
1480 585 1511 637 ut
1526 583 1604 637 beati
1620 584 1756 639 videlicet
1771 583 1850 638 Gan-

1022 671 1113 742 gerici
1139 675 1288 741 expeteret
1310 671 1482 725 medicinale
1502 672 1696 744 suffragium,
1713 689 1784 727 saue
1801 674 1849 728 ubi

1020 760 1129 814 infirmi
1144 775 1281 830 persaepe
1298 761 1427 815 solerent
1442 760 1575 830 accipere
1592 763 1756 830 sanitatem,
1774 763 1851 816 iner-

1020 849 1132 920 gumini
1156 850 1265 920 quiquc
1290 850 1354 904 sive
1378 848 1498 902 lunatici
1521 848 1726 905 liberarentur.
1747 850 1850 905 Statim

1020 953 1093 1009 ergo
1109 938 1185 992 facta
1199 938 1428 1005 deliberatione,
1453 942 1598 1010 aegrotum
1615 939 1751 993 vehiculo
1767 940 1850 1009 inpo-

1020 1029 1109 1081 situm
1124 1027 1159 1080 ad
1176 1027 1386 1080 monasterium
1402 1027 1513 1097 attulit;
1531 1042 1703 1097 [tenensque
1718 1031 1784 1082 ante
1799 1042 1850 1082 se-

1018 1115 1184 1184 pulchrum,
1201 1116 1298 1185 ipsum
1314 1116 1443 1186 quidem,
1457 1116 1482 1169 si
1495 1116 1582 1169 saluti
1599 1115 1781 1187 redderetur,
1799 1117 1850 1172 ob-

1019 1205 1134 1276 sequiis
1156 1204 1319 1259 beatissimi
1344 1204 1501 1275 Gaugcrici
1530 1204 1713 1274 imperpetuo
1743 1205 1850 1259 manci·

1019 1293 1145 1364 pandum
1157 1293 1285 1347 devovit.
1294 1293 1354 1346 Car
1364 1293 1523 1362 producam
1533 1291 1851 1363 sornrurrorilumfpeu·

1018 1382 1109 1437 lulum
1121 1381 1225 1453 jacuit,
1241 1382 1348 1436 divinae
1364 1381 1486 1435 medelae
1501 1381 1625 1451 adeptus
1641 1383 1687 1435 cst
1703 1381 1848 1454 gratiam;

1018 1487 1070 1541 pro
1085 1471 1215 1541 tantique
1231 1470 1366 1524 beneficii
1379 1470 1541 1540 conpendio
1553 1471 1726 1524 monasticis
1742 1471 1849 1525 usibus

1018 1559 1202 1629 deserviens,
1219 1562 1321 1629 postea
1337 1559 1366 1612 in
1381 1558 1559 1613 monasterio
1577 1561 1780 1614 conversatur.
1858 1576 1860 1581 ’

1053 1648 1079 1704 7.
1093 1649 1137 1703 De
1149 1647 1284 1702 incendio
1296 1647 1414 1702 meritis
1424 1647 1522 1701 sancti
1534 1645 1694 1719 Gauperiei
1706 1651 1847 1702 extincto.
1870 1663 1873 1667 ’

1017 1739 1103 1792 Anao
1128 1736 1283 1791 dominicae
1306 1735 1517 1789 incarnationis
1544 1733 1612 1791 tom
1635 1733 1684 1805 2¹8,
1711 1735 1752 1790 ld.
1778 1736 1850 1791 tulii

129 1822 277 1889 deservio,
290 1823 960 1894 nnncautcmparentesquidfaciantvisitatu·
976 1840 1002 1901 Β
1017 1827 1119 1881 oborta
1144 1830 1189 1880 est
1213 1825 1242 1879 in
1264 1827 1328 1894 ipsa
1352 1824 1469 1878 civitate
1490 1828 1574 1878 vasta
1597 1826 1690 1894 pestis
1706 1824 1847 1894 incendii,

128 1926 191 1979 rus,
202 1910 237 1964 ad
247 1912 369 1981 patriam
380 1926 510 1966 remeare
520 1916 662 1966 exaestuo.
673 1913 779 1967 Melius
789 1917 844 1982 est,
855 1914 959 1984 inquit,
1016 1932 1083 1986 quae
1093 1914 1156 1986 jam
1173 1914 1300 1968 civitatis
1316 1928 1421 1984 magna
1436 1917 1519 1983 parte
1536 1912 1703 1983 combusta,
1721 1912 1848 1968 furenti-

128 1999 191 2067 tibi,
203 2001 234 2053 ut
245 2015 376 2069 maneas,
390 2015 426 2055 ne
439 2000 513 2054 forte
525 2000 621 2056 collati
632 2001 768 2056 beneficii
779 2002 909 2056 videaris
921 2004 960 2055 in·
1015 2004 1073 2058 bus
1090 2003 1235 2074 siquidem
1251 2002 1387 2070 tlammis,
1400 2002 1496 2057 ventis
1512 2002 1703 2074 agitantibus,
1719 2003 1847 2056 invales-

129 2092 242 2159 grntus.
256 2112 267 2137 a
281 2088 336 2142 Hie
348 2093 443 2144 autem
455 2089 607 2159 conceptis
620 2094 750 2159 paternae
759 2090 862 2162 gratiae
874 2088 960 2145 affee-
1017 2106 1088 2147 cans
1104 2091 1140 2145 ad
1151 2091 1256 2145 domos
1267 2091 1353 2144 etiam
1362 2105 1453 2160 prope
1463 2091 1557 2144 sancti
1568 2091 1624 2144 viri
1636 2091 1848 2145 monasterium

127 2177 218 2247 tibus,
227 2177 310 2232 datos
319 2182 502 2248 postponens
512 2179 651 2248 monitus,
662 2180 729 2232 dum
739 2180 961 2250 paululumpro·
979 2217 982 2222 -
1016 2181 1089 2235 sitas
1105 2195 1200 2250 usque
1216 2183 1401 2249 pervenerat,
1418 2195 1451 2232 ae
1467 2178 1675 2233 inevitabiliter
1691 2184 1845 2250 correptas

128 2266 267 2336 eederet,
289 2282 358 2320 mex
377 2267 467 2321 multo
485 2266 572 2337 peius
589 2283 676 2339 quam
693 2272 777 2322 antea
792 2284 808 2321 a
825 2268 960 2323 demonio
1014 2269 1097 2325 edaci
1108 2268 1295 2339 populatione
1311 2268 1484 2321 involverat.
1497 2267 1642 2322 lamvero
1654 2267 1778 2338 majoris
1790 2285 1849 2324 mc·

128 2354 294 2425 corripitur,
307 2354 719 2411 adeovidelicetdementatus
730 2360 961 2412 utoceurrentes
1015 2362 1062 2412 tus
1077 2373 1168 2411 causa
1178 2357 1214 2410 de
1230 2359 1369 2426 suspecta
1385 2356 1483 2426 templi
1502 2357 1732 2427 conflagratione
1747 2358 1847 2412 exori-

127 2444 185 2497 sibi
196 2460 332 2515 quosque
347 2444 478 2514 lapidare
496 2461 621 2515 prorsus
637 2445 812 2500 intenderet.
824 2447 848 2499 Α
860 2445 960 2500 multis
1014 2451 1070 2501 tur.
1095 2446 1160 2501 Non
1185 2445 1262 2499 enim
1286 2444 1414 2498 fortasse
1438 2442 1557 2497 dubium
1573 2444 1654 2515 quin,
1673 2445 1698 2498 si
1713 2445 1848 2514 proxima

126 2547 198 2586 vero
214 2547 273 2586 non
287 2532 373 2587 facile
385 2538 499 2604 captus
512 2534 584 2588 loris
595 2550 690 2590 nexus
702 2535 737 2589 ad
750 2535 960 2590 monasterium
1014 2535 1161 2589 domicilia
1176 2533 1386 2601 cremarentur,
1405 2531 1501 2602 ipsum
1513 2534 1541 2585 et
1553 2533 1762 2587 rnonasterium
1775 2533 1845 2605 igne

127 2620 232 2675 ilerum
249 2621 412 2691 attrahitur,
434 2626 462 2676 ct
482 2625 549 2693 quia
565 2625 664 2682 eontra
683 2624 769 2677 fidem
786 2624 960 2678 catholicam
1015 2627 1176 2694 raperetur.
1193 2621 1333 2676 Flammis
1348 2623 1445 2674 autem
1465 2620 1727 2683 invalescent-ibus,
1745 2624 1843 2676 metus

127 2709 254 2763 convitia
271 2709 387 2764 diabolo
403 2710 523 2766 doctore
537 2711 676 2781 jactabat,
695 2728 772 2766 urrnc
787 2714 875 2767 minis
891 2718 959 2768 tun·
1014 2713 1138 2782 amplior
1153 2711 1300 2776 incubuit,
1318 2709 1476 2781 globisque
1491 2710 1669 2778 volantibus,
1693 2713 1771 2764 totus
1787 2715 1847 2764 tam

126 2796 215 2867 ditur,
233 2814 310 2852 nunc
327 2798 453 2869 flagellis
469 2800 615 2870 quatitur3
640 2815 727 2854 nemo
752 2803 849 2855 tamea
864 2802 959 2856 rabidi
1012 2802 1140 2872 populus
1155 2816 1242 2870 quam
1257 2799 1357 2853 clerus
1374 2797 1490 2852 sublato
1507 2797 1536 2850 in
1549 2798 1652 2852 eaelum
1664 2798 1845 2853 clamorein·

126 2886 189 2940 oris
205 2887 360 2942 falsificam
372 2888 574 2959 garrulitatem
586 2903 767 2958 conpescere
783 2891 885 2960 potuit,
904 2891 957 2944 do·
1013 2890 1140 2944 fremuit.
1153 2889 1281 2958 Moxque
1293 2887 1350 2941 duo
1364 2902 1401 2940 ex
1414 2886 1534 2940 clericis
1550 2886 1585 2940 de
1608 2887 1752 2941 sententia
1763 2891 1844 2942 cele-

125 2991 180 3031 nce
197 2977 273 3031 inter
288 2977 403 3049 tlegclla
420 2979 447 3031 et
462 2976 581 3032 vincula
597 2979 662 3031 ante
678 2979 773 3032 saneti
788 2979 843 3032 viri
859 2981 957 3050 sepul·
991 3036 996 3047 ,
1013 2995 1124 3038 rorum.
1134 2979 1267 3032 sanetum
1277 2975 1467 3045 sepulchrum
1478 2975 1846 3046 celeriteradeuntes,pre·

126 3064 229 3120 chrum
245 3068 395 3134 prostrato
408 3062 448 3107 ³¹⁷
464 3081 500 3119 ex
514 3066 691 3121 lassitudine
707 3082 832 3122 somnus
849 3070 957 3140 obrep-
1013 3064 1844 3139 sumptaquidemdelimoreaudaciathecamargenteam

125 3154 174 3209 sit.
190 3153 245 3219 Qui
261 3170 327 3208 cnm
343 3169 414 3210 vero
425 3159 493 3224 post
503 3155 716 3227 aliquantulum
730 3158 957 3229 expergefactus
974 3193 998 3254 C
1013 3152 1842 3225 sanctissimieorporisextrahunt,cursimquctollcnteS,

124 3245 320 3309 surrexisset,
340 3260 408 3300 mox
423 3243 565 3299 divinitus
581 3248 677 3298 mente
693 3250 825 3315 recepta,
842 3248 956 3301 eunetis
1012 3246 1139 3300 flammis
1155 3243 1321 3298 furentibus
1336 3243 1453 3296 obviam
1465 3243 1571 3296 ferunt.
1584 3242 1686 3296 Statim
1701 3258 1786 3313 ergo,
1799 3241 1842 3295 di·

123 3332 338 3388 admirantibus
363 3338 392 3388 et
416 3350 478 3405 prae
494 3334 601 3406 gaudio
617 3334 872 3405 illacrimantibus
889 3351 955 3390 cum
1012 3335 1080 3389 vina
1096 3334 1248 3388 clementia
1265 3334 1404 3402 operante
1420 3331 1592 3402 meritisque
1608 3331 1701 3385 saneti
1717 3330 1771 3383 viri
1784 3330 1845 3385 suf·

123 3436 230 3492 magna
246 3422 422 3476 confusione
443 3422 565 3493 pudoris
586 3426 614 3475 et
630 3423 808 3492 paenitentiae
824 3427 889 3478 aule
905 3440 955 3479 se·
1012 3422 1208 3495 fragentibus,
1224 3421 1262 3474 ita
1275 3423 1354 3476 totus
1369 3421 1449 3492 ignis
1465 3419 1617 3474 submisso
1630 3420 1728 3473 furore
1740 3420 1843 3474 obtor-

123 3508 278 3577 pulehrum
293 3511 512 3581 prosternitnr3
529 3510 689 3565 confessus
705 3512 955 3582 culpam‚veniam
1011 3513 1091 3583 puil,
1107 3513 1138 3565 ut
1153 3509 1302 3564 rorulento
1324 3509 1453 3578 desuper
1472 3509 1564 3562 imbre
1580 3523 1752 3578 respersum
1769 3508 1843 3562 esti-

123 3599 235 3654 erroris
246 3599 433 3667 deprecatur.
447 3599 579 3670 Denique
596 3616 716 3671 compos
732 3600 820 3654 animi
837 3603 954 3658 omuino
1011 3616 1119 3655 mares.
1138 3599 1227 3653 Multa
1250 3599 1336 3652 etiam
1362 3600 1521 3652 oeerrrrunt
1536 3596 1700 3664 referenda,
1718 3597 1772 3650 sed
1787 3613 1843 3650 an-

123 3686 256 3759 effectns,
273 3688 954 3761 monasticisseobsequiisildelitermancipa-
1010 3692 1098 3762 gusta
1118 3688 1250 3742 brevitas
1276 3687 1366 3741 libelli
1390 3702 1447 3740 non
1470 3687 1589 3756 patitur.
1611 3685 1692 3750 Quod
1714 3685 1842 3739 vereda

122 3778 173 3847 vit,
191 3793 250 3832 non
265 3792 358 3831 ausus
373 3792 520 3848 quoquam
532 3777 606 3832 ultra
619 3778 770 3848 secedere,
783 3777 877 3833 donee
887 3783 955 3850 post
1009 3777 1194 3833 multitudino
1210 3776 1398 3829 diversorum
1409 3775 1611 3846 languentium
1623 3775 1738 3845 loquar,
1751 3773 1800 3844 qui
1811 3774 1844 3827 il·

121 3866 954 3937 multumtemporisafratribussumptalicentiallomam
1010 3866 1059 3921 luc
1080 3866 1185 3920 cotidie
1202 3866 1384 3919 continentes
1404 3864 1559 3917 sanitatem
1577 3863 1747 3933 rceipiuut‘.l
1765 3861 1842 3926 Quid

122 3955 248 4010 obtinuit
263 3970 400 4027 pergere.
411 3955 577 4010 Notandum
593 3971 663 4010 vcro
680 3957 796 4012 beatum
812 3956 954 4029 Gaugeri-
1009 3956 1074 4010 haec
1089 3955 1199 4023 dicam,
1221 3970 1287 4008 cum
1301 3953 1426 4024 amplius
1443 3953 1510 4006 visu
1526 3968 1612 4022 quam
1628 3953 1706 4006 dictu
1723 3967 1841 4021 semper

121 4059 188 4098 cum
204 4045 307 4114 procul
323 4045 412 4100 dubio
428 4046 562 4100 extitisse
586 4060 652 4099 eum
675 4046 789 4101 scilicet
811 4047 953 4102 sacerdo·
1009 4043 1384 4115 appareant‘lNupcrsane
1395 4046 1423 4096 et
1433 4057 1479 4096 me
1489 4042 1585 4112 ipsum
1596 4041 1730 4095 febribus
1740 4040 1843 4095 intole-

119 4135 179 4188 tem
195 4150 282 4205 quem
297 4134 339 4188 illi
354 4134 440 4204 paulo
456 4137 521 4189 ante
537 4133 666 4189 diximus
683 4135 865 4190 occurrisse.
1009 4135 1141 4189 rabiliter
1149 4132 1329 4187 laborantem
1342 4131 1488 4201 sospitati,
1499 4131 1559 4184 lleo
1569 4130 1690 4202 gratias
1701 4129 1839 4184 restituit.

154 4223 180 4278 6.
194 4222 237 4278 De
245 4230 396 4278 contracto
405 4230 517 4279 sanato.
529 4223 581 4277 Est
591 4223 687 4278 adhuc
699 4224 787 4280 homo
796 4225 825 4279 in
835 4240 953 4280 monas·
1043 4222 1072 4278 8.
1088 4223 1227 4293 Seriplor
1241 4237 1321 4274 suain
1342 4218 1494 4273 subinfert
1514 4219 1689 4273 molestiam.
1715 4217 1841 4271 blasima

118 4313 194 4367 tario
205 4313 353 4381 serviens,
366 4312 557 4367 Hildebertus
569 4314 697 4382 nomine,
709 4329 797 4384 quem
808 4317 876 4384 post
886 4315 952 4369 lon·
1008 4311 1233 4367 incommoditas
1258 4309 1361 4376 febris,
1388 4323 1454 4378 quae
1478 4324 1523 4362 me
1549 4309 1598 4361 diu
1622 4307 1724 4376 tenuit,
1748 4305 1841 4359 verba

119 4416 187 4474 gam
213 4401 418 4474 aegritudinem
443 4402 556 4456 meritis
581 4403 676 4456 sancti
696 4403 752 4455 viri
775 4403 952 4473 sospitatum
1008 4401 1095 4456 medo
1121 4399 1297 4469 succingere
1322 4398 1410 4469 cogit.
1438 4397 1520 4450 Licet
1542 4397 1619 4450 enim
1645 4395 1730 4449 mode
1754 4394 1840 4464 pulsa

120 4491 342 4562 cognoscimus.
357 4490 411 4543 Hic
425 4491 562 4544 nimirum
574 4507 628 4562 per
639 4492 731 4545 totam
741 4491 803 4545 fere
815 4493 882 4545 anni
895 4492 951 4546 cir·
1008 4488 1153 4557 molestia,
1166 4488 1226 4541 lleo
1243 4486 1364 4558 gratias,
1382 4486 1534 4555 paulisper
1549 4487 1577 4538 in
1594 4500 1716 4555 corpore
1732 4498 1840 4537 conva-

118 4581 216 4635 culum
227 4580 328 4634 nescio
343 4579 430 4651 cujus
444 4580 565 4650 generis
577 4580 679 4634 morbo
691 4580 948 4652 adeeangebatur,
965 4553 992 4614 D
1008 4579 1138 4643 leseam,
1160 4576 1256 4630 edlrue
1281 4578 1375 4630 tamen
1401 4576 1466 4646 ipso
1490 4575 1603 4628 recenti
1627 4572 1729 4626 dolore
1754 4586 1840 4626 mens

20 4686 24 4693 ¹
117 4671 149 4724 ut
158 4669 283 4723 maxima
294 4672 376 4739 parte
386 4669 520 4737 corporis
530 4669 795 4738 premortua,circa
804 4668 949 4725 humano·
1009 4667 1138 4721 sauciata
1163 4664 1295 4733 labascit,
1322 4679 1377 4718 nec
1399 4664 1425 4716 ei
1448 4664 1544 4716 virtus
1559 4662 1674 4733 integra
1695 4661 1729 4713 ad
1752 4660 1839 4730 plene

117 4773 181 4811 rum
197 4774 305 4813 usuam
320 4758 417 4812 studia
433 4756 513 4811 nullo
530 4756 628 4811 officio
645 4756 827 4829 fungeretur.
850 4758 949 4830 Hujus
1008 4756 1199 4811 scribendum
1218 4754 1338 4809 suflicit.
1363 4753 1461 4824 Hujus
1484 4766 1556 4822 ergo
1582 4749 1718 4822 opusculi
1743 4764 1838 4820 nego-

117 4862 171 4916 pro
182 4848 368 4902 restitutione
379 4845 483 4901 salutis
500 4848 582 4916 pater
593 4846 623 4899 in
636 4846 842 4917 frequentibus
858 4849 949 4902 medi·
1006 4847 1079 4901 tium
1093 4845 1196 4899 stricto
1211 4843 1326 4897 kalamo
1342 4841 1457 4895 interim
1473 4855 1698 4911 prosequamur.

118 4948 219 4988 corum
235 4935 481 4990 conductionibus
492 4935 655 5005 portionem
668 4951 731 4989 sum
742 4935 947 4991 substantiolae
1040 4934 1067 4988 9.
1085 4934 1128 4988 Dc
1139 4938 1241 4988 sancto
1251 4931 1407 4986 riutberto.
1426 4929 1526 4985 Sancti
1539 4928 1674 4983 botberti
1685 4929 1838 4983 anonaste-

119 5021 232 5091 absque
248 5023 306 5077 ullo
322 5024 454 5091 profectu
472 5038 504 5076 se
520 5039 664 5094 erogasse
676 5023 801 5092 dolebat,
812 5041 866 5079 nee
878 5026 947 5096 quid
1003 5016 1840 5092 riumadpaucosennonieessitumestintrameuiaurbis.

117 5110 949 5184 intenderetreperirovalebat.labacitaquemaestitiea·
1006 5105 1839 5182 Ubisiquidempetentibnsdiviuapraestanturbencticia

762 5274 909 5336 VARIAE
936 5270 1181 5337 LECTIONES.

150 5432 189 5478 ²1⁷
205 5450 231 5490 a.
248 5447 274 5490 s.
290 5450 320 5491 v.
337 5450 364 5490 s.
380 5451 426 5508 pr.
444 5435 526 5491 inter
540 5434 637 5494 lineas
652 5442 754 5495 auctor
769 5435 842 5512 ipse.
858 5429 911 5479 ²1⁸⁰
924 5433 1071 5490 XX⁰Vll⁰
1085 5433 1176 5489 babet
1192 5431 1218 5506 t,
1236 5432 1287 5488 nbi
1302 5433 1449 5489 incertam
1469 5439 1565 5489 utrum
1587 5427 1652 5485 Vll⁰
1670 5428 1708 5486 ad
1731 5443 1838 5486 annum

111 5507 277 5584 pertineat,
294 5523 331 5561 an
346 5506 387 5562 sit
402 5507 470 5564 dies
484 5506 596 5567 Iduum.
614 5510 695 5567 Idem
708 5507 957 5585 proraualiabent
969 5507 1089 5580 reliqui.

911 5623 1042 5693 NOTAE

149 5710 225 5790 (vel)
240 5711 261 5770 l.
279 5726 305 5770 e.
322 5709 463 5791 studium,
480 5708 614 5789 aflectus,
631 5713 673 5787 ut,
689 5727 708 5784 r,
723 5706 750 5770 7.
