3900 6112
159 306 221 371 923
1806 300 1865 369 924

653 309 790 372 GESTA
812 307 1021 374 DESlDERll
1040 306 1224 368 ABBATIS
1246 305 1385 411 cusat

146 511 256 564 —Tali
271 511 362 583 igitur
381 511 496 565 tandem
519 511 674 581 aliqnando
688 510 853 565 coriditione
867 510 903 564 ad
919 495 1013 565 Be-lt
1033 509 1122 564 Silvae
1139 509 1277 565 Candidas
1298 510 1437 581 episeopo
1451 510 1590 582 cognitas
1604 511 1634 565 et
1647 509 1738 565 nimis
1755 506 1864 561 charus

146 603 304 655 neventam
318 599 418 654 redeat
433 599 615 669 impetratur,
634 599 974 669 atsinaaticajasimpe·
1035 599 1196 667 exstiterat,
1214 603 1271 653 tam
1289 615 1343 668 per
1356 599 1436 653 illum
1453 614 1539 669 quam
1554 602 1583 653 et
1601 613 1655 668 per
1679 596 1864 651 Fridericnm

146 686 274 742 dimento
286 687 332 740 rel
350 687 581 741 contradictione
591 688 666 758 apnd
684 689 892 741 monasterium
907 688 978 742 Sau-
1034 691 1102 741 tune
1110 687 1327 756 cancellarium,
1340 687 1435 742 eidem
1443 703 1527 758 papae
1542 688 1629 741 notus
1645 690 1674 741 et
1688 686 1776 739 valde
1788 683 1866 737 fami·

146 780 201 830 ctae
217 774 335 846 Sophiae
352 776 408 830 sub
419 775 780 844 monasticaprofessionc
792 777 848 830 sibi
861 791 980 830 manere
1032 775 1114 830 liaris
1144 776 1281 845 efficitur,
1304 776 1377 830 adeo
1401 780 1431 829 at
1459 775 1501 829 illi
1521 774 1692 845 frequenter
1717 771 1864 826 innitaris

145 862 257 917 liceret.
275 865 436 934 Postquam
449 868 566 917 rentum
584 869 629 917 cst
647 865 854 932 Beneventum,
866 865 980 918 aniver-
1034 863 1132 919 officio
1144 864 1308 919 adhaereret
1323 868 1351 920 et
1367 863 1605 936 Evangeliumad
1616 862 1864 933 ejusmissassse

145 951 190 1004 sis
206 950 345 1005 affinibus
362 952 418 1006 sibi
436 952 550 1005 obviam
562 952 649 1006 simul
666 968 732 1006 cam
744 954 860 1007 civitate
871 952 979 1007 ruenti·
1034 952 1100 1021 pins
1123 951 1244 1024 legeret.
1269 954 1327 1007 Per
1341 953 1418 1007 idem
1435 957 1550 1023 tempus
1576 952 1718 1022 praefatus
1734 949 1864 1020 pontifex

145 1038 213 1109 bne,
232 1056 296 1093 cnm
314 1041 391 1093 omni
408 1041 518 1109 pariter
533 1042 670 1095 comitata
686 1041 825 1112 princeps
845 1042 927 1094 illum
942 1041 979 1095 ad
1033 1041 1224 1095 descenditin
1241 1041 1376 1112 Apuliam
1391 1057 1457 1096 cnm
1470 1039 1862 1106 Narmannisdimieaturns3

145 1129 356 1182 monasterinm
378 1132 422 1182 est
441 1133 626 1197 prosecutae.
649 1129 822 1203 Gregorius,
845 1133 914 1184 tane
934 1129 980 1183 vir
1033 1130 1086 1184 sed
1102 1130 1154 1184 Dei
1167 1130 1279 1201 judicio
1301 1131 1338 1184 ab
1356 1130 1403 1184 his
1425 1135 1594 1200 superatne,
1611 1144 1646 1182 ae
1662 1129 1861 1182 Beneventum

145 1215 229 1269 valde
244 1216 374 1285 prudens
390 1221 417 1271 et
434 1221 585 1286 strennas,
603 1218 697 1272 eidem
709 1220 977 1289 monasterioprae-
1032 1233 1204 1288 regressae,
1222 1219 1356 1274 ordinato
1372 1217 1764 1286 Vodelricoarcbiepiseopo
1779 1231 1862 1286 quem

145 1307 206 1358 emt
230 1305 259 1357 in
275 1305 421 1374 abbatem,
446 1308 495 1376 qni
521 1306 706 1360 Desideriam
729 1306 817 1361 multa
835 1307 979 1361 hilaritate
1033 1321 1134 1360 secam
1145 1306 1316 1376 adduxerat,
1333 1310 1400 1377 post
1415 1321 1521 1361 novem
1537 1306 1656 1360 circiter
1670 1319 1792 1357 menses
1809 1304 1862 1358 llo·

144 1391 303 1461 reeipienS,
320 1408 373 1460 pro
386 1407 421 1446 eo
433 1393 510 1462 qnod
527 1393 676 1446 universis
687 1394 894 1448 desiderabilis
906 1398 977 1465 erat,
1033 1410 1260 1450 mamreversus
1271 1398 1357 1465 atque
1374 1393 1531 1449 defunctus
1547 1397 1602 1448 est.
1619 1390 1862 1447 luterenDeside·

143 1482 213 1533 tune
229 1481 367 1550 primum,
385 1485 494 1535 mutato
506 1480 573 1552 ejas
589 1482 716 1551 nomine,
735 1482 922 1537 Desiderinm
933 1500 980 1553 ap·
1032 1483 1106 1551 rius,
1123 1484 1160 1538 ob
1176 1484 1294 1537 nimiam
1305 1484 1513 1538 abstinentiam
1528 1483 1695 1552 multasque
1706 1480 1824 1552 vigilias
1835 1479 1861 1534 in

143 1567 245 1636 pellani
256 1569 405 1639 praeeipit3
415 1585 482 1622 nam
497 1585 593 1640 usqne
604 1570 640 1623 ad
651 1570 679 1623 id
690 1574 809 1641 tempus
821 1571 979 1627 Danferius
1031 1571 1205 1644 languorem
1221 1589 1280 1627 non
1295 1573 1442 1634 modicam
1458 1571 1609 1638 decidens,
1625 1569 1763 1623 medendi
1774 1568 1862 1641 gratia

144 1658 317 1712 vocabatur.
1032 1660 1187 1717 Salernum
1198 1661 1339 1731 perrexit.
1351 1661 1394 1715 lbi
1405 1661 1503 1731 itaque
1521 1659 1571 1714 illo
1582 1657 1754 1730 aliquandiu
1769 1671 1862 1711 remo·

183 1745 557 1800 Transitinmonasterinm
570 1746 899 1803 Tremittonse.Tamr'n
912 1764 979 1804 ere·
1030 1753 1122 1804 rante.
1146 1749 1279 1814 Alfenus,
1302 1750 1353 1820 qai
1376 1749 1565 1820 postmodnm
1580 1746 1719 1818 ejusdem
1739 1744 1860 1800 civitatis

142 1850 229 1888 ruam.
239 1833 363 1903 Capitur
373 1834 490 1888 redire.
505 1864 540 1873 -
550 1835 593 1889 lbi
609 1851 683 1906 ergo
695 1836 745 1889 itte
761 1852 814 1905 per
824 1853 917 1892 annos
927 1837 1013 1928 ali-3
1030 1838 1448 1909 archiepiscopatnmadeptns
1458 1835 1859 1907 est,prudentissimnsetnn

143 1924 214 1992 quot
229 1923 286 1976 aab
301 1922 361 1975 vita
373 1921 602 1994 religiosissima
625 1928 833 1995 commorante,
850 1930 877 1980 et
898 1942 979 1997 saepe
1031 1927 1197 1981 bilissimas
1224 1927 1362 1995 clericus,
1385 1926 1512 1980 maxima
1533 1925 1576 1978 illi
1599 1925 1647 1978 est
1671 1923 1859 1977 familiaritate

147 2025 249 2064 secum
259 2013 410 2080 reputante
420 2012 597 2065 monachum
609 2014 638 2066 in
653 2029 705 2066 sna
716 2015 807 2084 patria
816 2015 980 2084 perfeetum
1031 2015 1219 2087 conjunctus,
1231 2014 1319 2087 cujus
1333 2014 1461 2068 animam
1475 2011 1680 2084 frequentibus
1696 2011 1814 2065 monitis
1827 2008 1856 2063 ed

147 2114 289 2153 essenon
306 2116 407 2169 posse,
424 2102 558 2169 pervenit
573 2102 689 2155 interim
706 2104 739 2156 nd
753 2104 882 2157 notitiam
899 2106 978 2160 iltius

147 2187 224 2241 fama
253 2190 424 2242 monasterii
446 2189 660 2259 Tremittensis,
686 2193 762 2263 quod
789 2192 925 2247 videlicet
949 2194 979 2249 in

146 2277 297 2330 Adriatico
314 2278 386 2330 arari
409 2279 485 2347 opud
501 2279 638 2348 insulam,
666 2281 816 2335 Diomedis
831 2283 979 2352 quondam

146 2367 265 2419 nomine
280 2366 445 2435 vocitatam,
464 2367 582 2438 triginta
599 2369 719 2424 circiter
738 2371 856 2425 milibus
871 2388 885 2424 a
901 2375 979 2426 terra

147 2454 272 2523 distans,
299 2456 386 2509 sitnm
404 2471 472 2509 esse
496 2458 690 2528 dignoscitur.
708 2459 742 2512 Et
763 2461 900 2529 qnoniam
918 2461 980 2532 jam

147 2543 256 2613 dudum
281 2545 356 2613 apud
381 2545 580 2598 Beneventum
610 2546 833 2601 familiaritatem
863 2549 979 2604 abbatis

147 2632 280 2701 praedicti
296 2633 351 2688 loci
363 2634 487 2703 adeptas
500 2634 604 2702 lucrat,
621 2637 679 2702 vix,
697 2635 765 2690 licet
776 2637 928 2707 impetrata
946 2637 978 2691 li-

148 2722 254 2790 ccntia,
271 2720 340 2775 illac
352 2723 497 2791 per1·exit;
514 2723 614 2793 ibique
631 2725 704 2778 satis
720 2729 846 2779 aristerae
859 2742 979 2781 conver·

148 2811 255 2863 sationi
272 2826 305 2864 sc
320 2811 451 2877 tradens,
464 2828 522 2866 non
539 2829 661 2883 parram
673 2818 789 2884 tempus
800 2816 908 2886 exegit.
921 2817 978 2871 Sed

148 2914 214 2952 enm
231 2898 267 2952 ab
283 2900 385 2954 codem
396 2901 501 2955 abbate
521 2901 593 2955 udee
610 2902 781 2974 diligeretur
797 2907 827 2957 ut
847 2905 979 2960 eamdem

147 2988 174 3040 ei
189 2987 345 3057 abbatiam,
356 3005 389 3043 se
399 3005 515 3061 quoque
525 2992 651 3058 vivente,
665 2993 836 3047 contradere
846 2998 977 3065 caperet,

146 3074 272 3131 illevero
282 3076 460 3148 subjectioni
472 3080 569 3148 potius
579 3096 665 3150 qaam
678 3081 842 3150 praelationi
851 3087 978 3136 mentem

1031 2104 1133 2158 mundi
1149 2107 1348 2174 contemptam
1364 2103 1535 2171 exhortans,
1559 2103 1604 2156 sic
1624 2101 1746 2154 taudem
1768 2097 1855 2151 abillo

1032 2195 1177 2265 exagitat
1192 2194 1357 2248 monachas
1372 2193 1471 2264 fleret,
1497 2193 1522 2246 si
1539 2190 1634 2262 priuS,
1651 2193 1683 2244 nt
1694 2187 1855 2260 jamdudum

1033 2286 1129 2336 mente
1141 2285 1326 2350 conceperat,
1342 2280 1556 2352 lerosolymam
1569 2278 1787 2349 irepermissas
1797 2276 1854 2328 faie

1033 2375 1087 2425 set.
1106 2371 1168 2424 Hac
1183 2369 1340 2425 interillos
1355 2370 1516 2439 sponsione
1525 2370 1649 2432 firmata,
1662 2366 1850 2420 Beneventum

1032 2475 1174 2514 reversas
1191 2459 1364 2513 Desiderius
1380 2461 1435 2527 est,
1453 2461 1539 2528 atque
1547 2460 1679 2525 postuon
1687 2453 1850 2508 multosdies

1033 2549 1149 2602 mandat
1160 2549 1255 2602 eidem
1266 2547 1372 2601 Alfeno
1384 2550 1415 2600 ut
1430 2547 1467 2600 ad
1485 2561 1518 2600 se
1527 2545 1634 2599 veniat.
1649 2545 1800 2598 Reunente
1813 2542 1849 2594 illa

1032 2653 1066 2691 ac
1081 2637 1179 2707 potius
1194 2638 1341 2707 pavitante
1357 2635 1511 2690 Salernum
1527 2633 1641 2705 egredi,
1657 2633 1764 2686 iterum
1779 2631 1848 2684 [lesi-

1032 2725 1133 2780 derins
1149 2726 1185 2778 ad
1201 2726 1282 2779 illum
1293 2726 1372 2794 abiit,
1385 2740 1522 2794 eumque,
1539 2725 1660 2793 propter
1675 2719 1849 2792 quorumdam

1033 2815 1244 2868 inimicantium
1268 2813 1309 2867 illi
1337 2816 1482 2882 timorem,
1511 2812 1627 2866 cuculla
1651 2826 1708 2864 sua
1736 2808 1849 2862 indutam

1033 2908 1120 2957 noctu
1145 2903 1181 2956 de
1197 2903 1312 2956 civitate
1328 2902 1469 2965 educens,
1487 2915 1588 2955 secnm
1605 2899 1803 2952 Beneventum
1817 2894 1850 2948 ud·

1033 2992 1124 3046 duxit.
1140 2991 1212 3046 Cam
1224 3006 1295 3045 vero
1307 2991 1469 3060 caepissent
1481 2989 1617 3043 Alfenum
1628 2987 1746 3041 nobiles
1757 2986 1848 3056 quique

1032 3081 1088 3134 viri
1113 3096 1147 3134 ae
1171 3079 1272 3134 clerici
1292 3078 1491 3149 frequentare,
1512 3090 1639 3146 eamque
1658 3076 1697 3128 nb
1713 3074 1850 3127 maximam

145 3166 391 3230 accommodaret,
409 3183 441 3220 ac
456 3171 611 3238 propterea
622 3169 785 3224 cedendam
802 3169 865 3224 leco
882 3171 922 3224 illi
932 3172 979 3225 de·
1031 3165 1099 3236 ejus
1115 3166 1299 3236 prudentiam
1315 3165 1453 3219 decenter
1469 3160 1850 3231 ex⁰010¹·⁰‚P¹”0P⁰Si¹u¹1¹⁸l·

147 3258 291 3322 cerneret,
309 3257 434 3325 quodam
449 3259 581 3325 ternpore
595 3258 672 3311 idern
688 3259 780 3311 abbas
796 3259 832 3312 ad
848 3275 898 3313 res
914 3276 978 3314 mo-
1032 3260 1089 3310 tem
1101 3254 1355 3324 ierosolymitanae
1364 3251 1564 3321 vieepanlatim
1576 3251 1720 3320 coepisset
1731 3252 1759 3302 et
1766 3247 1850 3318 inejn

147 3342 812 3416 nestoriidisquirendasegrcdiens,camdem
828 3348 979 3402 Desidcri-
1032 3348 1128 3398 mente
1154 3346 1317 3413 tepescere,
1345 3355 1437 3412 sequa
1460 3357 1475 3394 n
1499 3339 1644 3394 Desiderii
1670 3338 1762 3392 latere
1785 3335 1849 3392 nullo

147 3431 978 3507 amsecamirerogavit.Quamilleegressionisopportn-

146 3523 266 3578 nitatem
291 3524 417 3579 libenter
443 3528 609 3596 amplexae,
640 3529 757 3583 minime
788 3530 978 3586 differendam

145 3612 265 3681 putavit.
289 3611 420 3684 Cumque
445 3615 554 3684 pariter
575 3616 611 3669 ad
632 3616 832 3672 Transmnndi
849 3621 976 3691 comitis,

147 3700 285 3771 quoniam
294 3702 387 3756 resita
399 3703 550 3774 poscebat,
559 3706 670 3759 curiam
682 3708 895 3779 perrexissent,
904 3726 980 3764 uxor

146 3786 281 3860 ejusdem
299 3792 414 3845 comitis
431 3808 522 3862 super
536 3794 663 3848 adventa
686 3796 840 3865 Desiderii,
860 3804 979 3868 propter

145 3877 223 3947 qaod
235 3877 302 3949 ejus
312 3880 411 3934 affinis
423 3885 513 3951 esset,
532 3883 615 3936 valde
627 3883 798 3954 exhilarata,
815 3902 830 3938 a
848 3887 911 3942 viro
924 3903 978 3944 sno

146 3968 176 4020 ut
199 3981 301 4021 secum
328 3967 409 4022 illum
424 3969 594 4040 aliquandiu
616 3973 767 4042 retineret,
785 3975 871 4029 ctiam
887 3977 978 4032 invito

146 4055 262 4123 abbate,
280 4056 421 4127 obtinuit,
437 4059 524 4129 cajus
542 4060 678 4115 videlicet
689 4063 861 4118 retentionis
877 4070 980 4119 auctor

53 4197 56 4200 ,
144 4144 279 4214 ipsemet,
303 4150 333 4200 nt
349 4147 428 4217 dicit,
454 4150 575 4202 exstitit.
599 4150 731 4204 Audiens
747 4156 844 4206 aatcm
861 4154 978 4209 celebre

144 4234 214 4287 tnnc
235 4250 342 4289 nomen
357 4237 545 4290 eremitarum
567 4237 694 4310 lfajellae
710 4240 890 4311 degentium,
908 4242 978 4297 illue

1032 3449 1161 3503 anquam
1186 3432 1283 3500 modo,
1313 3430 1394 3484 nullo
1417 3445 1547 3501 unquam
1562 3432 1695 3497 ternpore
1715 3427 1851 3480 assereret

1033 3521 1109 3576 velle
1124 3520 1266 3588 dividere,
1283 3521 1400 3588 tempas
1410 3518 1446 3572 ab
1458 3517 1506 3571 his
1521 3518 1703 3588 aliquantum
1717 3516 1795 3586 apud
1808 3528 1853 3568 mc·

1034 3609 1197 3664 nasterium
1209 3608 1324 3663 Sanctae
1340 3607 1457 3676 Sophiae
1473 3609 1608 3662 exactam
1623 3606 1680 3658 est.

1075 3698 1220 3753 Victorem
1229 3713 1333 3769 papam
1348 3697 1464 3765 inrisit,
1483 3702 1512 3750 et
1528 3693 1684 3750 cassinum
1699 3694 1852 3750 secedit.-

1033 3786 1106 3842 Cum
1128 3802 1198 3841 eece
1221 3786 1296 3839 fama
1320 3785 1509 3855 percrebruit
1531 3784 1682 3838 Victorem
1703 3799 1808 3854 papam
1824 3781 1851 3835 ab

1032 3875 1257 3943 ultramontanis
1270 3875 1403 3944 partibas
1416 3875 1537 3928 Romam
1548 3873 1681 3943 venisse,
1693 3888 1817 3943 eumque
1826 3869 1852 3924 ad

1032 3970 1132 4036 partes
1157 3965 1232 4019 istas
1252 3965 1281 4018 in
1304 3963 1438 4034 proximo
1460 3966 1614 4016 ventarum
1638 3961 1712 4016 fore.
1734 3961 1852 4016 Territus

1034 4052 1342 4124 AlfenashaJ‘nsmodi
1354 4053 1467 4122 nuntio,
1482 4051 1561 4122 quod
1576 4051 1853 4119 fratressnossuper

1034 4143 1192 4198 Gnaimnrii
1208 4141 1351 4212 principis
1367 4141 1517 4196 occisione
1531 4140 1751 4194 insimulandos
1767 4135 1851 4210 prarnl

1034 4232 1124 4287 dnbio
1149 4234 1263 4298 nosset,
1297 4245 1508 4300 praeoccupare
1537 4229 1639 4284 statuit
1662 4230 1851 4298 apostolicam,

145 4338 346 4393 properareac
359 4324 977 4400 Daosecretinsserviredeside1·ans,prae-
1034 4336 1196 4391 secumque
1212 4319 1254 4374 ῑΓθ
1270 4319 1516 4389 ⁰¹'fltssuplllissste1'
1532 4318 1732 4372 DssSidel'ium·
1750 4317 1784 4372 El
1797 4330 1850 4412 ‘1¹¹9‘

145 4410 254 4466 dietum
270 4413 406 4466 comitem
424 4417 454 4467 ut
474 4413 583 4467 ibidem
602 4417 852 4472 transmitteretur
867 4421 977 4489 oravit,
1033 4412 1112 4464 ¹¹1⁸OE
1134 4409 1238 4462 miram
1261 4408 1396 4461 cantandi
1421 4405 1553 4477 letitiam
1569 4407 1775 4490 ⁰¹Am⁸di⁰i⁰ae
1792 4409 1848 4500 ΜΨ

145 4500 223 4569 qnod
240 4503 268 4554 et
283 4500 391 4554 factum
407 4507 461 4556 est.
475 4502 531 4556 Ubi
548 4518 615 4556 curn
630 4504 726 4559 tribus
742 4505 978 4562 circitermensi-
1034 4499 1188 4554 seientiam
1202 4512 1389 4566 ¹¹⁰1¹P³¹W⁸¹¹¹
1415 4496 1562 4565 habebfltn
1581 4494 1778 4566 0j⁰Sd⁰fflllU0
1792 4496 1847 4588 ΒΨ

145 4587 211 4658 bus,
222 4588 392 4659 aprincipio
403 4590 540 4644 videlieet
555 4591 814 4664 Februariinsqne
825 4596 854 4647 in
865 4597 978 4650 tertiam
994 4578 1019 4640 D
1034 4587 1152 4642 00di⁰eS
1169 4586 1329 4641 nonnullos
1343 4601 1446 4640 Sssssum
1464 4585 1580 4639 ⁰d⁰¹¹¹⁰
1595 4585 1752 4653 dfflfllefflb
1768 4596 1846 4652 “iiim

145 4681 212 4747 post
230 4678 347 4732 Pascha
370 4679 561 4748 Dominicam,
587 4681 643 4734 snb
669 4681 781 4753 ingenti
801 4685 979 4740 continentia

75 4797 84 4810 ·
145 4770 311 4822 remoratus
326 4766 444 4837 fnisset,
460 4770 659 4823 transmissus
674 4773 720 4824 est
735 4771 804 4826 illuc
820 4789 909 4842 snpra
924 4789 979 4828 no-

145 4856 273 4910 minatus
296 4857 454 4927 laqnintns
474 4873 540 4911 cum
555 4858 661 4912 litteris
677 4875 712 4912 ex
728 4864 809 4929 parte
825 4861 980 4931 apostolici

145 4943 180 4998 ad
195 4945 288 4999 eremi
300 4945 397 5015 ipsius
414 4945 559 5014 Priorem,
572 4963 696 5018 quaram
707 4952 808 5004 tenore
818 4951 908 5019 priori
923 4951 979 5007 snb

144 5031 378 5088 interminatione
400 5034 525 5104 jubebat
546 5051 582 5089 ne
608 5036 689 5090 illum
704 5037 830 5106 amplius
851 5039 980 5094 retinere

150 5127 346 5191 Plfflssumeret
355 5142 361 5190 ;
379 5127 407 5180 et
425 5124 468 5178 illi
483 5124 675 5180 nihilominus
690 5127 808 5180 mandat
822 5143 858 5181 ne
873 5128 920 5181 vel
934 5128 983 5182 al?-

144 5212 268 5279 quantas
283 5211 355 5266 inibi
373 5228 474 5267 moras
486 5213 636 5268 innectere
652 5215 783 5268 auderet.
800 5216 840 5268 lta
854 5231 976 5287 regres-

144 5313 198 5352 sus
209 5298 245 5353 ad
260 5299 376 5355 Sanctae
393 5300 512 5370 Sophiae
529 5303 739 5357 monasterium
755 5308 810 5357 est.

181 5386 272 5441 Leoni
294 5388 383 5457 Papae
407 5386 439 5440 nt
466 5396 560 5444 notus.
582 5390 691 5445 Alfeno
704 5392 836 5462 junctam.
858 5393 977 5447 -Non

131 5478 211 5545 ‚post
224 5475 333 5529 maltos
350 5473 425 5543 dies,
438 5475 574 5533 dominus
589 5480 648 5533 lieo
660 5495 733 5549 papa
745 5480 980 5536 sanctissimnsa

142 5560 278 5632 partibas
287 5560 512 5617 ultramontanis
524 5581 683 5637 regressus
695 5567 893 5622 ltcnerentnm
904 5569 978 5621 intra

107 5647 196 5744 κῇ,
211 5649 248 5719 et,
265 5649 404 5724 queniam
427 5651 601 5708 Desiderius
613 5654 791 5726 iamdudum
817 5655 980 5711 flamberto

1033 4678 1143 4748 aliquid
1159 4691 1192 4730 se
1205 4674 1372 4729 habendam
1389 4675 1416 4726 in
1436 4673 1702 4744 summipontifieis
1714 4674 1845 4728 curiana·

1033 4766 1160 4820 raimodis
1177 4765 1351 4819 confidebat.
1377 4763 1526 4817 Confectis
1548 4763 1643 4834 igitur
1660 4766 1747 4834 atque
1761 4756 1844 4832 aptatis

1034 4856 1177 4927 quotquot
1193 4853 1284 4923 potnit
1300 4851 1555 4918 medicaminibus
1575 4867 1635 4905 una
1658 4867 1726 4905 cum
1740 4845 1844 4906 civitatis

1035 4945 1131 5014 ipsias
1158 4942 1383 5012 archiepiscopo
1403 4940 1440 4994 ad
1469 4941 1633 4995 Romanum
1654 4933 1857 5011 pontificante

1035 5032 1173 5086 Tusciam
1187 5031 1426 5102 proficiscuntur,
1442 5043 1568 5099 eumque
1586 5030 1664 5099 npud
1689 5025 1857 5084 Florentiam

1036 5124 1230 5175 remorantem
1255 5119 1415 5189 reperiunt.
1441 5117 1472 5171 ln
1492 5117 1577 5172 brevi
1597 5118 1696 5188 itaque
1712 5117 1854 5171 maximam

1034 5211 1110 5280 apud
1122 5210 1202 5262 illum
1212 5208 1436 5262 familiaritatem
1446 5206 1553 5277 adepti,
1570 5210 1598 5261 et
1614 5207 1690 5261 satis
1705 5200 1858 5261 honorifce

1035 5299 1126 5352 habiti
1145 5304 1225 5352 snut.
1253 5298 1308 5351 Sec
1329 5313 1394 5351 cnm
1414 5296 1454 5349 ibi
1474 5311 1527 5365 per
1550 5299 1669 5365 tempus
1688 5295 1854 5366 aliquantum

1036 5387 1184 5454 remorati,
1197 5404 1251 5457 pro
1267 5391 1346 5441 corto
1363 5385 1536 5440 Desiderius
1553 5385 1750 5455 comperisset
1764 5389 1852 5453 papan²

1035 5480 1154 5533 minime
1178 5479 1213 5531 ad
1242 5481 1340 5546 partes
1356 5476 1432 5529 istas
1456 5477 1622 5541 ventarum,
1641 5475 1764 5545 insuper
1777 5468 1843 5525 etian

1036 5568 1110 5622 altre
1123 5569 1237 5621 montes
1248 5565 1380 5636 proxime
1391 5563 1602 5634 profecturum,
1623 5563 1770 5634 simulque
1781 5553 1842 5612 valde

1034 5658 1164 5712 inutilem
1176 5672 1246 5711 esse
1256 5654 1407 5727 proposito
1419 5667 1474 5708 suo
1483 5652 1681 5708 considerans
1691 5653 1721 5706 in
1730 5647 1842 5722 ejusdcm
