<?xml version="1.0" encoding="UTF-8"?>
<!DOCTYPE html PUBLIC "-//W3C//DTD XHTML 1.0 Transitional//EN"
    "http://www.w3.org/TR/xhtml1/DTD/xhtml1-transitional.dtd">
<html xmlns="http://www.w3.org/1999/xhtml" xml:lang="en" lang="en">
 <head>
  <title>
</title>
<meta http-equiv="Content-Type" content="text/html;charset=utf-8" />
  <meta name='ocr-system' content='tesseract 3.04.00' />
  <meta name='ocr-capabilities' content='ocr_page ocr_carea ocr_par ocr_line ocrx_word'/>
</head>
<body>
  <div class='ocr_page' id='page_1' title='image "./patrologiaecurs66unkngoog_0239.png"; bbox 0 0 3908 6112; ppageno 0'>
   <div class='ocr_carea' id='block_1_1' title="bbox 109 305 1838 375">
    <p class='ocr_par' dir='ltr' id='par_1_1' title="bbox 109 305 1838 375">
     <span class='ocr_line' id='line_1_1' title="bbox 109 305 1838 375; baseline 0.002 -3"><span class='ocrx_word' id='word_1_1' title='bbox 109 307 169 372; x_wconf 72' lang='lat'>467</span> <span class='ocrx_word' id='word_1_2' title='bbox 627 307 661 371; x_wconf 85' lang='lat' dir='ltr'>S.</span> <span class='ocrx_word' id='word_1_3' title='bbox 680 306 870 371; x_wconf 80' lang='lat' dir='ltr'>ANSELMI</span> <span class='ocrx_word' id='word_1_4' title='bbox 896 305 1101 370; x_wconf 81' lang='lat' dir='ltr'>LUGENSIS</span> <span class='ocrx_word' id='word_1_5' title='bbox 1122 307 1328 373; x_wconf 81' lang='lat' dir='ltr'>EPISCOPI.</span> <span class='ocrx_word' id='word_1_6' title='bbox 1777 310 1838 375; x_wconf 78' lang='lat'>⁴68</span> 
     </span>
    </p>
   </div>
   <div class='ocr_carea' id='block_1_2' title="bbox 109 487 1837 582">
    <p class='ocr_par' dir='ltr' id='par_1_2' title="bbox 109 487 1837 582">
     <span class='ocr_line' id='line_1_2' title="bbox 109 487 1837 582; baseline -0.003 -13"><span class='ocrx_word' id='word_1_7' title='bbox 109 514 213 569; x_wconf 90' lang='lat' dir='ltr'>contra</span> <span class='ocrx_word' id='word_1_8' title='bbox 229 509 411 581; x_wconf 84' lang='lat' dir='ltr'>evangelicae</span> <span class='ocrx_word' id='word_1_9' title='bbox 429 509 476 563; x_wconf 85' lang='lat' dir='ltr'>vel</span> <span class='ocrx_word' id='word_1_10' title='bbox 500 508 681 578; x_wconf 77' lang='lat' dir='ltr'>propheticae</span> <span class='ocrx_word' id='word_1_11' title='bbox 704 511 754 563; x_wconf 90' lang='lat' dir='ltr'>aut</span> <span class='ocrx_word' id='word_1_12' title='bbox 768 507 942 577; x_wconf 74' lang='lat' dir='ltr'>apostolicae</span> <span class='ocrx_word' id='word_1_13' title='bbox 957 487 986 559; x_wconf 63' lang='lat' dir='ltr'><strong><em>l</em></strong></span> <span class='ocrx_word' id='word_1_14' title='bbox 1005 523 1062 578; x_wconf 90' lang='lat' dir='ltr'>qua</span> <span class='ocrx_word' id='word_1_15' title='bbox 1078 509 1267 580; x_wconf 89' lang='lat' dir='ltr'>suggerenda</span> <span class='ocrx_word' id='word_1_16' title='bbox 1281 511 1351 563; x_wconf 89' lang='lat' dir='ltr'>sunt</span> <span class='ocrx_word' id='word_1_17' title='bbox 1364 525 1417 580; x_wconf 89' lang='lat' dir='ltr'>per</span> <span class='ocrx_word' id='word_1_18' title='bbox 1432 525 1505 565; x_wconf 91' lang='lat' dir='ltr'>suos</span> <span class='ocrx_word' id='word_1_19' title='bbox 1519 510 1661 565; x_wconf 86' lang='lat' dir='ltr'>diaconos</span> <span class='ocrx_word' id='word_1_20' title='bbox 1675 509 1777 582; x_wconf 90' lang='lat' dir='ltr'>potius</span> <span class='ocrx_word' id='word_1_21' title='bbox 1788 511 1837 564; x_wconf 88' lang='lat' dir='ltr'>iu·</span> 
     </span>
    </p>
   </div>
   <div class='ocr_carea' id='block_1_3' title="bbox 6 594 1839 669">
    <p class='ocr_par' dir='ltr' id='par_1_3' title="bbox 6 594 1839 669">
     <span class='ocr_line' id='line_1_3' title="bbox 6 594 1839 669; baseline 0.001 -18"><span class='ocrx_word' id='word_1_22' title='bbox 6 646 9 651; x_wconf 87' lang='lat'><em>.</em></span> <span class='ocrx_word' id='word_1_23' title='bbox 112 600 255 658; x_wconf 73' lang='lat' dir='ltr'>doctrinae</span> <span class='ocrx_word' id='word_1_24' title='bbox 280 598 519 654; x_wconf 88' lang='lat' dir='ltr'>constitutionem</span> <span class='ocrx_word' id='word_1_25' title='bbox 544 598 609 652; x_wconf 88' lang='lat' dir='ltr'>sive</span> <span class='ocrx_word' id='word_1_26' title='bbox 635 601 805 652; x_wconf 86' lang='lat' dir='ltr'>sauctorum</span> <span class='ocrx_word' id='word_1_27' title='bbox 825 597 945 651; x_wconf 88' lang='lat' dir='ltr'>Patrum</span> <span class='ocrx_word' id='word_1_28' title='bbox 1004 597 1118 651; x_wconf 85' lang='lat' dir='ltr'>limare.</span> <span class='ocrx_word' id='word_1_29' title='bbox 1144 594 1276 668; x_wconf 80' lang='lat' dir='ltr'>Cumque</span> <span class='ocrx_word' id='word_1_30' title='bbox 1298 597 1386 652; x_wconf 91' lang='lat' dir='ltr'>iidem</span> <span class='ocrx_word' id='word_1_31' title='bbox 1410 599 1635 669; x_wconf 82' lang='lat' dir='ltr'>sacricanonas</span> <span class='ocrx_word' id='word_1_32' title='bbox 1659 598 1839 669; x_wconf 77' lang='lat' dir='ltr'><strong>prohibeant</strong></span> 
     </span>
    </p>
   </div>
   <div class='ocr_carea' id='block_1_4' title="bbox 55 685 1883 5105">
    <p class='ocr_par' dir='ltr' id='par_1_4' title="bbox 55 685 1883 5105">
     <span class='ocr_line' id='line_1_4' title="bbox 113 685 1838 764; baseline -0.002 -20"><span class='ocrx_word' id='word_1_33' title='bbox 113 693 211 745; x_wconf 92' lang='lat' dir='ltr'>actum</span> <span class='ocrx_word' id='word_1_34' title='bbox 226 688 324 756; x_wconf 89' lang='lat' dir='ltr'>luerit,</span> <span class='ocrx_word' id='word_1_35' title='bbox 348 686 446 753; x_wconf 88' lang='lat' dir='ltr'>stabit,</span> <span class='ocrx_word' id='word_1_36' title='bbox 463 691 491 740; x_wconf 89' lang='lat' dir='ltr'>et</span> <span class='ocrx_word' id='word_1_37' title='bbox 507 687 584 758; x_wconf 91' lang='lat' dir='ltr'>quod</span> <span class='ocrx_word' id='word_1_38' title='bbox 601 686 637 740; x_wconf 94' lang='lat' dir='ltr'>ab</span> <span class='ocrx_word' id='word_1_39' title='bbox 655 685 823 740; x_wconf 82' lang='lat' dir='ltr'>infidelibus</span> <span class='ocrx_word' id='word_1_40' title='bbox 839 689 867 739; x_wconf 91' lang='lat' dir='ltr'>et</span> <span class='ocrx_word' id='word_1_41' title='bbox 884 685 944 764; x_wconf 82' lang='lat' dir='ltr'>bae·</span> <span class='ocrx_word' id='word_1_42' title='bbox 1005 685 1062 739; x_wconf 93' lang='lat' dir='ltr'>sub</span> <span class='ocrx_word' id='word_1_43' title='bbox 1077 685 1321 755; x_wconf 86' lang='lat' dir='ltr'>interminatione,</span> <span class='ocrx_word' id='word_1_44' title='bbox 1338 701 1484 759; x_wconf 90' lang='lat' dir='ltr'>quemque</span> <span class='ocrx_word' id='word_1_45' title='bbox 1506 687 1701 758; x_wconf 84' lang='lat' dir='ltr'>pontificema</span> <span class='ocrx_word' id='word_1_46' title='bbox 1717 703 1774 743; x_wconf 88' lang='lat' dir='ltr'>sua</span> <span class='ocrx_word' id='word_1_47' title='bbox 1789 702 1838 742; x_wconf 85' lang='lat' dir='ltr'>cu·</span> 
     </span>
     <span class='ocr_line' id='line_1_5' title="bbox 113 755 1837 847; baseline -0.001 -15"><span class='ocrx_word' id='word_1_48' title='bbox 113 778 367 847; x_wconf 62' lang='lat' dir='ltr'>reticis„sanctum</span> <span class='ocrx_word' id='word_1_49' title='bbox 378 776 442 844; x_wconf 88' lang='lat' dir='ltr'>erit,</span> <span class='ocrx_word' id='word_1_50' title='bbox 459 775 577 829; x_wconf 89' lang='lat' dir='ltr'>omnino</span> <span class='ocrx_word' id='word_1_51' title='bbox 593 774 770 829; x_wconf 75' lang='lat' dir='ltr'><strong>cassabitur.</strong></span> <span class='ocrx_word' id='word_1_52' title='bbox 834 767 848 774; x_wconf 75' lang='grc'>”</span> <span class='ocrx_word' id='word_1_53' title='bbox 865 755 940 775; x_wconf 65' lang='grc'>”““</span> <span class='ocrx_word' id='word_1_54' title='bbox 1004 774 1129 829; x_wconf 87' lang='lat' dir='ltr'>thedrali</span> <span class='ocrx_word' id='word_1_55' title='bbox 1146 775 1272 830; x_wconf 90' lang='lat' dir='ltr'>ecclesia</span> <span class='ocrx_word' id='word_1_56' title='bbox 1293 775 1389 830; x_wconf 89' lang='lat' dir='ltr'>tribus</span> <span class='ocrx_word' id='word_1_57' title='bbox 1413 775 1575 831; x_wconf 82' lang='lat' dir='ltr'>Dominicis</span> <span class='ocrx_word' id='word_1_58' title='bbox 1596 776 1702 832; x_wconf 89' lang='lat' dir='ltr'>diebus</span> <span class='ocrx_word' id='word_1_59' title='bbox 1716 776 1837 843; x_wconf 86' lang='lat' dir='ltr'>abesse,</span> 
     </span>
     <span class='ocr_line' id='line_1_6' title="bbox 150 862 1839 936; baseline -0.001 -16"><span class='ocrx_word' id='word_1_60' title='bbox 150 867 221 920; x_wconf 91' lang='lat' dir='ltr'>Item</span> <span class='ocrx_word' id='word_1_61' title='bbox 235 864 384 918; x_wconf 79' lang='lat' dir='ltr'>Adrianus</span> <span class='ocrx_word' id='word_1_62' title='bbox 395 864 431 918; x_wconf 88' lang='lat' dir='ltr'>ad</span> <span class='ocrx_word' id='word_1_63' title='bbox 446 864 686 936; x_wconf 81' lang='lat' dir='ltr'>Engelrammum</span> <span class='ocrx_word' id='word_1_64' title='bbox 694 864 867 934; x_wconf 86' lang='lat' dir='ltr'>episcopum</span> <span class='ocrx_word' id='word_1_65' title='bbox 881 878 946 933; x_wconf 90' lang='lat' dir='ltr'>cap.</span> <span class='ocrx_word' id='word_1_66' title='bbox 1008 863 1083 918; x_wconf 90' lang='lat' dir='ltr'>alios</span> <span class='ocrx_word' id='word_1_67' title='bbox 1097 862 1215 934; x_wconf 91' lang='lat' dir='ltr'>quidem</span> <span class='ocrx_word' id='word_1_68' title='bbox 1230 878 1334 919; x_wconf 90' lang='lat' dir='ltr'>eorum</span> <span class='ocrx_word' id='word_1_69' title='bbox 1348 864 1399 917; x_wconf 87' lang='lat' dir='ltr'>vix</span> <span class='ocrx_word' id='word_1_70' title='bbox 1418 867 1462 919; x_wconf 90' lang='lat' dir='ltr'>ter</span> <span class='ocrx_word' id='word_1_71' title='bbox 1481 868 1530 920; x_wconf 90' lang='lat' dir='ltr'>aut</span> <span class='ocrx_word' id='word_1_72' title='bbox 1543 866 1647 936; x_wconf 89' lang='lat' dir='ltr'>quater</span> <span class='ocrx_word' id='word_1_73' title='bbox 1659 866 1689 919; x_wconf 91' lang='lat' dir='ltr'>in</span> <span class='ocrx_word' id='word_1_74' title='bbox 1704 879 1794 933; x_wconf 90' lang='lat' dir='ltr'>anno,</span> <span class='ocrx_word' id='word_1_75' title='bbox 1809 866 1839 919; x_wconf 90' lang='lat' dir='ltr'>et</span> 
     </span>
     <span class='ocr_line' id='line_1_7' title="bbox 114 951 1837 1025; baseline -0.002 -15"><span class='ocrx_word' id='word_1_76' title='bbox 114 952 149 1010; x_wconf 70' lang='lat'>48</span> <span class='ocrx_word' id='word_1_77' title='bbox 166 970 172 1008; x_wconf 93' lang='lat'><strong>:</strong></span> <span class='ocrx_word' id='word_1_78' title='bbox 192 975 203 1003; x_wconf 74' lang='lat' dir='ltr'>a</span> <span class='ocrx_word' id='word_1_79' title='bbox 221 953 292 1006; x_wconf 91' lang='lat' dir='ltr'>Item</span> <span class='ocrx_word' id='word_1_80' title='bbox 307 953 437 1023; x_wconf 87' lang='lat' dir='ltr'>generali</span> <span class='ocrx_word' id='word_1_81' title='bbox 452 953 570 1007; x_wconf 89' lang='lat' dir='ltr'>decreto</span> <span class='ocrx_word' id='word_1_82' title='bbox 587 952 795 1007; x_wconf 89' lang='lat' dir='ltr'>constituimus</span> <span class='ocrx_word' id='word_1_83' title='bbox 811 955 842 1006; x_wconf 94' lang='lat' dir='ltr'>ut</span> <span class='ocrx_word' id='word_1_84' title='bbox 857 966 946 1006; x_wconf 86' lang='lat' dir='ltr'>exse·</span> <span class='ocrx_word' id='word_1_85' title='bbox 1006 951 1063 1006; x_wconf 86' lang='lat' dir='ltr'>bos</span> <span class='ocrx_word' id='word_1_86' title='bbox 1079 951 1130 1004; x_wconf 84' lang='lat' dir='ltr'>vix</span> <span class='ocrx_word' id='word_1_87' title='bbox 1145 965 1221 1005; x_wconf 87' lang='lat' dir='ltr'>anno</span> <span class='ocrx_word' id='word_1_88' title='bbox 1246 952 1363 1023; x_wconf 89' lang='lat' dir='ltr'>integro</span> <span class='ocrx_word' id='word_1_89' title='bbox 1386 951 1529 1025; x_wconf 88' lang='lat' dir='ltr'>contingit</span> <span class='ocrx_word' id='word_1_90' title='bbox 1551 952 1672 1008; x_wconf 85' lang='lat' dir='ltr'>easdem</span> <span class='ocrx_word' id='word_1_91' title='bbox 1690 953 1837 1008; x_wconf 82' lang='lat' dir='ltr'>revisere.</span> 
     </span>
     <span class='ocr_line' id='line_1_8' title="bbox 116 1038 1837 1111; baseline -0.001 -14"><span class='ocrx_word' id='word_1_92' title='bbox 116 1042 259 1097; x_wconf 87' lang='lat' dir='ltr'>orandum</span> <span class='ocrx_word' id='word_1_93' title='bbox 275 1042 427 1095; x_wconf 86' lang='lat' dir='ltr'>anathema</span> <span class='ocrx_word' id='word_1_94' title='bbox 443 1041 501 1110; x_wconf 88' lang='lat' dir='ltr'>liat,</span> <span class='ocrx_word' id='word_1_95' title='bbox 518 1045 547 1095; x_wconf 89' lang='lat' dir='ltr'>et</span> <span class='ocrx_word' id='word_1_96' title='bbox 563 1040 652 1094; x_wconf 77' lang='lat' dir='ltr'>veluti</span> <span class='ocrx_word' id='word_1_97' title='bbox 667 1040 881 1110; x_wconf 77' lang='lat' dir='ltr'>praevaricator</span> <span class='ocrx_word' id='word_1_98' title='bbox 897 1057 947 1094; x_wconf 92' lang='lat' dir='ltr'>ca·</span> <span class='ocrx_word' id='word_1_99' title='bbox 1007 1040 1043 1094; x_wconf 81' lang='lat' dir='ltr'>Et</span> <span class='ocrx_word' id='word_1_100' title='bbox 1053 1042 1084 1094; x_wconf 91' lang='lat' dir='ltr'>ut</span> <span class='ocrx_word' id='word_1_101' title='bbox 1099 1038 1155 1094; x_wconf 94' lang='lat' dir='ltr'>soli</span> <span class='ocrx_word' id='word_1_102' title='bbox 1170 1055 1228 1094; x_wconf 91' lang='lat' dir='ltr'>non</span> <span class='ocrx_word' id='word_1_103' title='bbox 1243 1043 1375 1111; x_wconf 89' lang='lat' dir='ltr'>peccent,</span> <span class='ocrx_word' id='word_1_104' title='bbox 1391 1041 1445 1095; x_wconf 92' lang='lat' dir='ltr'>sed</span> <span class='ocrx_word' id='word_1_105' title='bbox 1467 1041 1539 1096; x_wconf 89' lang='lat' dir='ltr'>fiant</span> <span class='ocrx_word' id='word_1_106' title='bbox 1557 1045 1590 1097; x_wconf 92' lang='lat' dir='ltr'>ut</span> <span class='ocrx_word' id='word_1_107' title='bbox 1611 1041 1757 1111; x_wconf 89' lang='lat' dir='ltr'>scriptum</span> <span class='ocrx_word' id='word_1_108' title='bbox 1772 1042 1837 1096; x_wconf 89' lang='lat' dir='ltr'>est:</span> 
     </span>
     <span class='ocr_line' id='line_1_9' title="bbox 115 1126 1839 1202; baseline 0 -20"><span class='ocrx_word' id='word_1_109' title='bbox 115 1127 232 1182; x_wconf 90' lang='lat' dir='ltr'>tholicea</span> <span class='ocrx_word' id='word_1_110' title='bbox 248 1127 316 1180; x_wconf 83' lang='lat' dir='ltr'>fidei</span> <span class='ocrx_word' id='word_1_111' title='bbox 332 1142 451 1194; x_wconf 90' lang='lat' dir='ltr'>semper</span> <span class='ocrx_word' id='word_1_112' title='bbox 465 1127 541 1195; x_wconf 92' lang='lat' dir='ltr'>apud</span> <span class='ocrx_word' id='word_1_113' title='bbox 556 1127 729 1180; x_wconf 90' lang='lat' dir='ltr'>Deumrous</span> <span class='ocrx_word' id='word_1_114' title='bbox 741 1126 863 1194; x_wconf 87' lang='lat' dir='ltr'>existat,</span> <span class='ocrx_word' id='word_1_115' title='bbox 884 1127 949 1197; x_wconf 92' lang='lat' dir='ltr'>qui-</span> <span class='ocrx_word' id='word_1_116' title='bbox 1009 1151 1020 1176; x_wconf 76' lang='lat' dir='ltr'>a</span> <span class='ocrx_word' id='word_1_117' title='bbox 1046 1130 1171 1202; x_wconf 88' lang='lat' dir='ltr'>laqueus</span> <span class='ocrx_word' id='word_1_118' title='bbox 1190 1127 1334 1200; x_wconf 80' lang='lat' dir='ltr'>juvenum</span> <span class='ocrx_word' id='word_1_119' title='bbox 1357 1127 1427 1199; x_wconf 88' lang='lat' dir='ltr'>(Isa.</span> <span class='ocrx_word' id='word_1_120' title='bbox 1447 1130 1528 1200; x_wconf 76' lang='lat' dir='ltr'>axii),</span> <span class='ocrx_word' id='word_1_121' title='bbox 1548 1130 1645 1184; x_wconf 74' lang='lat' dir='ltr'>»dant</span> <span class='ocrx_word' id='word_1_122' title='bbox 1668 1128 1839 1200; x_wconf 90' lang='lat' dir='ltr'>exemplum</span> 
     </span>
     <span class='ocr_line' id='line_1_10' title="bbox 117 1195 1840 1289; baseline 0.001 -19"><span class='ocrx_word' id='word_1_123' title='bbox 117 1230 232 1286; x_wconf 88' lang='lat' dir='ltr'>cunque</span> <span class='ocrx_word' id='word_1_124' title='bbox 253 1217 369 1286; x_wconf 81' lang='lat' dir='ltr'>Regum</span> <span class='ocrx_word' id='word_1_125' title='bbox 397 1215 443 1268; x_wconf 86' lang='lat' dir='ltr'>vel</span> <span class='ocrx_word' id='word_1_126' title='bbox 467 1218 618 1284; x_wconf 89' lang='lat' dir='ltr'>potantum</span> <span class='ocrx_word' id='word_1_127' title='bbox 641 1214 782 1284; x_wconf 79' lang='lat' dir='ltr'>deinceps</span> <span class='ocrx_word' id='word_1_128' title='bbox 803 1195 950 1269; x_wconf 68' lang='lat' dir='ltr'>cauobu&#39;u&#39;i</span> <span class='ocrx_word' id='word_1_129' title='bbox 1007 1217 1125 1273; x_wconf 90' lang='lat' dir='ltr'>clericis</span> <span class='ocrx_word' id='word_1_130' title='bbox 1140 1233 1212 1274; x_wconf 88' lang='lat' dir='ltr'>suas</span> <span class='ocrx_word' id='word_1_131' title='bbox 1225 1218 1326 1272; x_wconf 91' lang='lat' dir='ltr'>itidem</span> <span class='ocrx_word' id='word_1_132' title='bbox 1341 1218 1486 1273; x_wconf 91' lang='lat' dir='ltr'>ecclesias</span> <span class='ocrx_word' id='word_1_133' title='bbox 1502 1217 1653 1289; x_wconf 88' lang='lat' dir='ltr'>deserere,</span> <span class='ocrx_word' id='word_1_134' title='bbox 1670 1220 1699 1273; x_wconf 89' lang='lat' dir='ltr'>et</span> <span class='ocrx_word' id='word_1_135' title='bbox 1710 1217 1770 1273; x_wconf 90' lang='lat' dir='ltr'>sub</span> <span class='ocrx_word' id='word_1_136' title='bbox 1786 1231 1840 1289; x_wconf 87' lang='lat' dir='ltr'>spe</span> 
     </span>
     <span class='ocr_line' id='line_1_11' title="bbox 117 1302 1576 1377; baseline 0.001 -19"><span class='ocrx_word' id='word_1_137' title='bbox 117 1318 275 1358; x_wconf 85' lang='lat' dir='ltr'>censuram</span> <span class='ocrx_word' id='word_1_138' title='bbox 288 1303 318 1357; x_wconf 90' lang='lat' dir='ltr'>in</span> <span class='ocrx_word' id='word_1_139' title='bbox 338 1317 515 1374; x_wconf 89' lang='lat' dir='ltr'>quocunque</span> <span class='ocrx_word' id='word_1_140' title='bbox 535 1302 693 1356; x_wconf 88' lang='lat' dir='ltr'>crediderit</span> <span class='ocrx_word' id='word_1_141' title='bbox 717 1303 764 1357; x_wconf 90' lang='lat' dir='ltr'>vel</span> <span class='ocrx_word' id='word_1_142' title='bbox 780 1303 949 1373; x_wconf 80' lang='lat' dir='ltr'>permiserit</span> <span class='ocrx_word' id='word_1_143' title='bbox 1008 1305 1198 1377; x_wconf 89' lang='lat' dir='ltr'>episcopandi</span> <span class='ocrx_word' id='word_1_144' title='bbox 1214 1321 1318 1377; x_wconf 89' lang='lat' dir='ltr'>regum</span> <span class='ocrx_word' id='word_1_145' title='bbox 1334 1307 1424 1361; x_wconf 80' lang='lat' dir='ltr'>auriae</span> <span class='ocrx_word' id='word_1_146' title='bbox 1439 1306 1576 1361; x_wconf 88' lang='lat' dir='ltr'>militare.</span> 
     </span>
     <span class='ocr_line' id='line_1_12' title="bbox 116 1390 1840 1465; baseline 0.002 -19"><span class='ocrx_word' id='word_1_147' title='bbox 116 1392 293 1446; x_wconf 86' lang='lat' dir='ltr'>violandam.</span> <span class='ocrx_word' id='word_1_148' title='bbox 322 1412 333 1441; x_wconf 73' lang='lat' dir='ltr'>l</span> <span class='ocrx_word' id='word_1_149' title='bbox 352 1391 423 1445; x_wconf 89' lang='lat' dir='ltr'>ltem</span> <span class='ocrx_word' id='word_1_150' title='bbox 439 1392 516 1445; x_wconf 89' lang='lat' dir='ltr'>idem</span> <span class='ocrx_word' id='word_1_151' title='bbox 536 1392 572 1445; x_wconf 87' lang='lat' dir='ltr'>ad</span> <span class='ocrx_word' id='word_1_152' title='bbox 593 1392 728 1446; x_wconf 90' lang='lat' dir='ltr'>eumdem</span> <span class='ocrx_word' id='word_1_153' title='bbox 745 1408 751 1446; x_wconf 90' lang='lat'>:</span> <span class='ocrx_word' id='word_1_154' title='bbox 770 1415 781 1439; x_wconf 74' lang='lat' dir='ltr'>a</span> <span class='ocrx_word' id='word_1_155' title='bbox 799 1390 950 1447; x_wconf 90' lang='lat' dir='ltr'>Constitu·</span> <span class='ocrx_word' id='word_1_156' title='bbox 1042 1393 1100 1448; x_wconf 90' lang='lat' dir='ltr'>Sed</span> <span class='ocrx_word' id='word_1_157' title='bbox 1116 1394 1264 1464; x_wconf 82' lang='lat' dir='ltr'>objicitur,</span> <span class='ocrx_word' id='word_1_158' title='bbox 1282 1393 1408 1450; x_wconf 87' lang='lat' dir='ltr'>clericos</span> <span class='ocrx_word' id='word_1_159' title='bbox 1423 1397 1455 1449; x_wconf 89' lang='lat' dir='ltr'>ut</span> <span class='ocrx_word' id='word_1_160' title='bbox 1469 1394 1567 1450; x_wconf 86' lang='lat' dir='ltr'>divina</span> <span class='ocrx_word' id='word_1_161' title='bbox 1583 1394 1680 1449; x_wconf 78' lang='lat' dir='ltr'>officia</span> <span class='ocrx_word' id='word_1_162' title='bbox 1696 1395 1840 1465; x_wconf 88' lang='lat' dir='ltr'>principi-</span> 
     </span>
     <span class='ocr_line' id='line_1_13' title="bbox 116 1481 1840 1554; baseline 0.002 -19"><span class='ocrx_word' id='word_1_163' title='bbox 116 1482 214 1535; x_wconf 91' lang='lat' dir='ltr'>tiones</span> <span class='ocrx_word' id='word_1_164' title='bbox 230 1483 333 1534; x_wconf 86' lang='lat' dir='ltr'>contra</span> <span class='ocrx_word' id='word_1_165' title='bbox 350 1483 451 1534; x_wconf 87' lang='lat' dir='ltr'>sancta</span> <span class='ocrx_word' id='word_1_166' title='bbox 475 1481 594 1535; x_wconf 87' lang='lat' dir='ltr'>decreta</span> <span class='ocrx_word' id='word_1_167' title='bbox 617 1482 818 1535; x_wconf 79' lang='lat' dir='ltr'>Romanorum</span> <span class='ocrx_word' id='word_1_168' title='bbox 832 1497 950 1550; x_wconf 88' lang='lat' dir='ltr'>praesu·</span> <span class='ocrx_word' id='word_1_169' title='bbox 1006 1483 1063 1538; x_wconf 90' lang='lat' dir='ltr'>bus</span> <span class='ocrx_word' id='word_1_170' title='bbox 1075 1482 1243 1551; x_wconf 79' lang='lat' dir='ltr'>exhibeant,</span> <span class='ocrx_word' id='word_1_171' title='bbox 1256 1483 1427 1538; x_wconf 90' lang='lat' dir='ltr'>eorumdem</span> <span class='ocrx_word' id='word_1_172' title='bbox 1442 1484 1606 1538; x_wconf 89' lang='lat' dir='ltr'>inhabitare</span> <span class='ocrx_word' id='word_1_173' title='bbox 1621 1484 1735 1538; x_wconf 90' lang='lat' dir='ltr'>curiam</span> <span class='ocrx_word' id='word_1_174' title='bbox 1750 1499 1840 1554; x_wconf 92' lang='lat' dir='ltr'>opor-</span> 
     </span>
     <span class='ocr_line' id='line_1_14' title="bbox 118 1567 1839 1643; baseline 0.003 -21"><span class='ocrx_word' id='word_1_175' title='bbox 118 1570 188 1638; x_wconf 88' lang='lat' dir='ltr'>Ium,</span> <span class='ocrx_word' id='word_1_176' title='bbox 205 1567 315 1622; x_wconf 89' lang='lat' dir='ltr'>nullius</span> <span class='ocrx_word' id='word_1_177' title='bbox 331 1569 391 1623; x_wconf 91' lang='lat' dir='ltr'>sint</span> <span class='ocrx_word' id='word_1_178' title='bbox 404 1570 553 1623; x_wconf 76' lang='lat' dir='ltr'>momenti.</span> <span class='ocrx_word' id='word_1_179' title='bbox 573 1593 583 1616; x_wconf 73' lang='lat' dir='ltr'>a</span> <span class='ocrx_word' id='word_1_180' title='bbox 680 1606 686 1616; x_wconf 84' lang='lat'><strong>.</strong></span> <span class='ocrx_word' id='word_1_181' title='bbox 1005 1574 1078 1641; x_wconf 91' lang='lat' dir='ltr'>tere,</span> <span class='ocrx_word' id='word_1_182' title='bbox 1095 1572 1182 1643; x_wconf 89' lang='lat' dir='ltr'>quasi</span> <span class='ocrx_word' id='word_1_183' title='bbox 1193 1587 1251 1627; x_wconf 91' lang='lat' dir='ltr'>non</span> <span class='ocrx_word' id='word_1_184' title='bbox 1268 1571 1429 1642; x_wconf 83' lang='lat' dir='ltr'>sitjustius</span> <span class='ocrx_word' id='word_1_185' title='bbox 1443 1572 1520 1641; x_wconf 88' lang='lat' dir='ltr'>apud</span> <span class='ocrx_word' id='word_1_186' title='bbox 1536 1572 1639 1637; x_wconf 84' lang='lat' dir='ltr'>ileum,</span> <span class='ocrx_word' id='word_1_187' title='bbox 1652 1576 1681 1628; x_wconf 90' lang='lat' dir='ltr'>et</span> <span class='ocrx_word' id='word_1_188' title='bbox 1691 1571 1772 1642; x_wconf 88' lang='lat' dir='ltr'>apud</span> <span class='ocrx_word' id='word_1_189' title='bbox 1787 1570 1839 1627; x_wconf 89' lang='lat' dir='ltr'>ha-</span> 
     </span>
     <span class='ocr_line' id='line_1_15' title="bbox 153 1657 1842 1732; baseline 0.002 -21"><span class='ocrx_word' id='word_1_190' title='bbox 153 1657 183 1711; x_wconf 91' lang='lat' dir='ltr'>Si</span> <span class='ocrx_word' id='word_1_191' title='bbox 200 1660 297 1711; x_wconf 90' lang='lat' dir='ltr'>autem</span> <span class='ocrx_word' id='word_1_192' title='bbox 317 1657 413 1712; x_wconf 87' lang='lat' dir='ltr'>omnis</span> <span class='ocrx_word' id='word_1_193' title='bbox 429 1658 578 1728; x_wconf 88' lang='lat' dir='ltr'>plantatio,</span> <span class='ocrx_word' id='word_1_194' title='bbox 605 1673 691 1727; x_wconf 79' lang='lat' dir='ltr'>quarn</span> <span class='ocrx_word' id='word_1_195' title='bbox 710 1658 799 1712; x_wconf 88' lang='lat' dir='ltr'>Pater</span> <span class='ocrx_word' id='word_1_196' title='bbox 818 1657 950 1714; x_wconf 89' lang='lat' dir='ltr'>coelestis</span> <span class='ocrx_word' id='word_1_197' title='bbox 1006 1661 1102 1715; x_wconf 89' lang='lat' dir='ltr'>mines</span> <span class='ocrx_word' id='word_1_198' title='bbox 1119 1659 1353 1728; x_wconf 86' lang='lat' dir='ltr'>convenientius,</span> <span class='ocrx_word' id='word_1_199' title='bbox 1366 1675 1513 1731; x_wconf 89' lang='lat' dir='ltr'>quemque</span> <span class='ocrx_word' id='word_1_200' title='bbox 1524 1661 1698 1731; x_wconf 89' lang='lat' dir='ltr'>episcopum</span> <span class='ocrx_word' id='word_1_201' title='bbox 1707 1661 1739 1715; x_wconf 92' lang='lat' dir='ltr'>in</span> <span class='ocrx_word' id='word_1_202' title='bbox 1754 1658 1842 1732; x_wconf 76' lang='lat' dir='ltr'>cujus</span> 
     </span>
     <span class='ocr_line' id='line_1_16' title="bbox 119 1746 1842 1819; baseline 0.002 -20"><span class='ocrx_word' id='word_1_203' title='bbox 119 1761 178 1801; x_wconf 90' lang='lat' dir='ltr'>non</span> <span class='ocrx_word' id='word_1_204' title='bbox 191 1746 343 1815; x_wconf 88' lang='lat' dir='ltr'>plautavit,</span> <span class='ocrx_word' id='word_1_205' title='bbox 360 1746 569 1816; x_wconf 78' lang='lat' dir='ltr'>eradicabitur,</span> <span class='ocrx_word' id='word_1_206' title='bbox 582 1750 610 1801; x_wconf 92' lang='lat' dir='ltr'>et</span> <span class='ocrx_word' id='word_1_207' title='bbox 625 1748 701 1815; x_wconf 90' lang='lat' dir='ltr'>si,ut</span> <span class='ocrx_word' id='word_1_208' title='bbox 711 1746 950 1816; x_wconf 85' lang='lat' dir='ltr'>praedictumeet,</span> <span class='ocrx_word' id='word_1_209' title='bbox 1007 1748 1128 1804; x_wconf 90' lang='lat' dir='ltr'>dioecesi</span> <span class='ocrx_word' id='word_1_210' title='bbox 1145 1748 1288 1819; x_wconf 87' lang='lat' dir='ltr'>contingit</span> <span class='ocrx_word' id='word_1_211' title='bbox 1296 1750 1460 1819; x_wconf 89' lang='lat' dir='ltr'>principem</span> <span class='ocrx_word' id='word_1_212' title='bbox 1475 1749 1593 1819; x_wconf 90' lang='lat' dir='ltr'>adesse,</span> <span class='ocrx_word' id='word_1_213' title='bbox 1606 1748 1702 1803; x_wconf 89' lang='lat' dir='ltr'>eidem</span> <span class='ocrx_word' id='word_1_214' title='bbox 1716 1748 1842 1805; x_wconf 83' lang='lat' dir='ltr'>idoneae</span> 
     </span>
     <span class='ocr_line' id='line_1_17' title="bbox 119 1834 1843 1923; baseline 0.002 -34"><span class='ocrx_word' id='word_1_215' title='bbox 119 1835 198 1906; x_wconf 88' lang='lat' dir='ltr'>quod</span> <span class='ocrx_word' id='word_1_216' title='bbox 213 1834 249 1887; x_wconf 93' lang='lat' dir='ltr'>ab</span> <span class='ocrx_word' id='word_1_217' title='bbox 266 1834 434 1889; x_wconf 84' lang='lat' dir='ltr'>infidelibus</span> <span class='ocrx_word' id='word_1_218' title='bbox 450 1839 477 1890; x_wconf 93' lang='lat' dir='ltr'>ct</span> <span class='ocrx_word' id='word_1_219' title='bbox 493 1836 641 1890; x_wconf 62' lang='lat' dir='ltr'>haereticis</span> <span class='ocrx_word' id='word_1_220' title='bbox 657 1839 753 1891; x_wconf 89' lang='lat' dir='ltr'>actum</span> <span class='ocrx_word' id='word_1_221' title='bbox 769 1835 866 1906; x_wconf 89' lang='lat' dir='ltr'>luerit,</span> <span class='ocrx_word' id='word_1_222' title='bbox 887 1852 952 1890; x_wconf 91' lang='lat' dir='ltr'>om·</span> <span class='ocrx_word' id='word_1_223' title='bbox 967 1858 995 1923; x_wconf 73' lang='lat' dir='ltr'>B</span> <span class='ocrx_word' id='word_1_224' title='bbox 1008 1840 1036 1892; x_wconf 88' lang='lat' dir='ltr'>et</span> <span class='ocrx_word' id='word_1_225' title='bbox 1049 1836 1210 1907; x_wconf 87' lang='lat' dir='ltr'>religiosos</span> <span class='ocrx_word' id='word_1_226' title='bbox 1221 1837 1346 1892; x_wconf 90' lang='lat' dir='ltr'>clericos</span> <span class='ocrx_word' id='word_1_227' title='bbox 1355 1837 1392 1891; x_wconf 91' lang='lat' dir='ltr'>ad</span> <span class='ocrx_word' id='word_1_228' title='bbox 1403 1837 1501 1892; x_wconf 87' lang='lat' dir='ltr'>divina</span> <span class='ocrx_word' id='word_1_229' title='bbox 1511 1838 1651 1910; x_wconf 78' lang='lat' dir='ltr'>mysteria</span> <span class='ocrx_word' id='word_1_230' title='bbox 1663 1837 1843 1894; x_wconf 61' lang='lat' dir='ltr'>celebran&amp;</span> 
     </span>
     <span class='ocr_line' id='line_1_18' title="bbox 75 1924 1843 2001; baseline 0.002 -24"><span class='ocrx_word' id='word_1_231' title='bbox 75 1996 81 2001; x_wconf 87' lang='lat'>.</span> <span class='ocrx_word' id='word_1_232' title='bbox 119 1925 187 1978; x_wconf 88' lang='lat' dir='ltr'>nino</span> <span class='ocrx_word' id='word_1_233' title='bbox 204 1924 381 1992; x_wconf 80' lang='lat' dir='ltr'>cassabitur,</span> <span class='ocrx_word' id='word_1_234' title='bbox 397 1925 751 1995; x_wconf 88' lang='lat' dir='ltr'>uunquidheecimpietas</span> <span class='ocrx_word' id='word_1_235' title='bbox 767 1924 952 1997; x_wconf 72' lang='lat' dir='ltr'>Eutychiani·</span> <span class='ocrx_word' id='word_1_236' title='bbox 1008 1925 1147 1998; x_wconf 89' lang='lat' dir='ltr'>dirigere,</span> <span class='ocrx_word' id='word_1_237' title='bbox 1168 1928 1197 1980; x_wconf 90' lang='lat' dir='ltr'>et</span> <span class='ocrx_word' id='word_1_238' title='bbox 1218 1941 1270 1995; x_wconf 86' lang='lat' dir='ltr'>pro</span> <span class='ocrx_word' id='word_1_239' title='bbox 1292 1927 1435 1996; x_wconf 88' lang='lat' dir='ltr'>temporis</span> <span class='ocrx_word' id='word_1_240' title='bbox 1457 1926 1662 1996; x_wconf 83' lang='lat' dir='ltr'>diuturnitate,</span> <span class='ocrx_word' id='word_1_241' title='bbox 1682 1942 1744 1998; x_wconf 89' lang='lat' dir='ltr'>qua</span> <span class='ocrx_word' id='word_1_242' title='bbox 1766 1926 1843 1981; x_wconf 85' lang='lat' dir='ltr'>idem</span> 
     </span>
     <span class='ocr_line' id='line_1_19' title="bbox 120 2013 1752 2086; baseline 0.002 -19"><span class='ocrx_word' id='word_1_243' title='bbox 120 2015 233 2067; x_wconf 91' lang='lat' dir='ltr'>starum</span> <span class='ocrx_word' id='word_1_244' title='bbox 245 2013 457 2081; x_wconf 88' lang='lat' dir='ltr'>imperatorum</span> <span class='ocrx_word' id='word_1_245' title='bbox 473 2014 597 2083; x_wconf 89' lang='lat' dir='ltr'>cassari,</span> <span class='ocrx_word' id='word_1_246' title='bbox 614 2017 642 2069; x_wconf 91' lang='lat' dir='ltr'>et</span> <span class='ocrx_word' id='word_1_247' title='bbox 657 2015 800 2069; x_wconf 90' lang='lat' dir='ltr'>eradicari</span> <span class='ocrx_word' id='word_1_248' title='bbox 824 2030 881 2068; x_wconf 89' lang='lat' dir='ltr'>uon</span> <span class='ocrx_word' id='word_1_249' title='bbox 897 2015 950 2070; x_wconf 94' lang='lat' dir='ltr'>de·</span> <span class='ocrx_word' id='word_1_250' title='bbox 1008 2014 1117 2068; x_wconf 92' lang='lat' dir='ltr'>ibidem</span> <span class='ocrx_word' id='word_1_251' title='bbox 1132 2016 1272 2083; x_wconf 88' lang='lat' dir='ltr'>moratur,</span> <span class='ocrx_word' id='word_1_252' title='bbox 1288 2014 1364 2069; x_wconf 90' lang='lat' dir='ltr'>alios</span> <span class='ocrx_word' id='word_1_253' title='bbox 1375 2015 1442 2070; x_wconf 92' lang='lat' dir='ltr'>aliis</span> <span class='ocrx_word' id='word_1_254' title='bbox 1453 2015 1562 2086; x_wconf 79' lang='lat' dir='ltr'>jubere</span> <span class='ocrx_word' id='word_1_255' title='bbox 1576 2013 1752 2070; x_wconf 85' lang='lat' dir='ltr'>succedere.</span> 
     </span>
     <span class='ocr_line' id='line_1_20' title="bbox 120 2100 1843 2175; baseline 0 -19"><span class='ocrx_word' id='word_1_256' title='bbox 120 2101 191 2156; x_wconf 79' lang='lat' dir='ltr'>bet‘?</span> <span class='ocrx_word' id='word_1_257' title='bbox 206 2100 291 2156; x_wconf 85' lang='lat' dir='ltr'>Certe</span> <span class='ocrx_word' id='word_1_258' title='bbox 309 2101 447 2172; x_wconf 91' lang='lat' dir='ltr'>quisquis</span> <span class='ocrx_word' id='word_1_259' title='bbox 470 2102 696 2158; x_wconf 87' lang='lat' dir='ltr'>ecclesiasticus</span> <span class='ocrx_word' id='word_1_260' title='bbox 711 2118 764 2172; x_wconf 89' lang='lat' dir='ltr'>pro</span> <span class='ocrx_word' id='word_1_261' title='bbox 781 2118 837 2158; x_wconf 91' lang='lat' dir='ltr'>suo</span> <span class='ocrx_word' id='word_1_262' title='bbox 852 2102 952 2158; x_wconf 87' lang='lat' dir='ltr'>olflcio</span> <span class='ocrx_word' id='word_1_263' title='bbox 1045 2102 1100 2157; x_wconf 92' lang='lat' dir='ltr'>His</span> <span class='ocrx_word' id='word_1_264' title='bbox 1115 2102 1204 2158; x_wconf 90' lang='lat' dir='ltr'>tantis</span> <span class='ocrx_word' id='word_1_265' title='bbox 1219 2102 1354 2157; x_wconf 84' lang='lat' dir='ltr'>cladibus</span> <span class='ocrx_word' id='word_1_266' title='bbox 1377 2118 1444 2174; x_wconf 84' lang='lat' dir='ltr'>quaa</span> <span class='ocrx_word' id='word_1_267' title='bbox 1464 2103 1638 2175; x_wconf 90' lang='lat' dir='ltr'>contingunt</span> <span class='ocrx_word' id='word_1_268' title='bbox 1651 2119 1690 2158; x_wconf 86' lang='lat' dir='ltr'>ex</span> <span class='ocrx_word' id='word_1_269' title='bbox 1705 2102 1843 2174; x_wconf 77' lang='lat' dir='ltr'>praefatis</span> 
     </span>
     <span class='ocr_line' id='line_1_21' title="bbox 121 2188 1843 2263; baseline 0.002 -21"><span class='ocrx_word' id='word_1_270' title='bbox 121 2188 312 2244; x_wconf 89' lang='lat' dir='ltr'>vehementer</span> <span class='ocrx_word' id='word_1_271' title='bbox 326 2206 384 2245; x_wconf 92' lang='lat' dir='ltr'>uon</span> <span class='ocrx_word' id='word_1_272' title='bbox 396 2191 579 2256; x_wconf 87' lang='lat' dir='ltr'>accenditur,</span> <span class='ocrx_word' id='word_1_273' title='bbox 590 2194 621 2246; x_wconf 91' lang='lat' dir='ltr'>ut</span> <span class='ocrx_word' id='word_1_274' title='bbox 635 2194 713 2246; x_wconf 89' lang='lat' dir='ltr'>tauta</span> <span class='ocrx_word' id='word_1_275' title='bbox 729 2193 859 2263; x_wconf 89' lang='lat' dir='ltr'>pravitas</span> <span class='ocrx_word' id='word_1_276' title='bbox 874 2192 953 2247; x_wconf 87' lang='lat' dir='ltr'>aDei</span> <span class='ocrx_word' id='word_1_277' title='bbox 1009 2189 1843 2262; x_wconf 84' lang='lat' dir='ltr'>promotionibus,Gregoriusseptimusobviarecupians,</span> 
     </span>
     <span class='ocr_line' id='line_1_22' title="bbox 122 2277 1844 2352; baseline -0.001 -19"><span class='ocrx_word' id='word_1_278' title='bbox 122 2278 208 2333; x_wconf 92' lang='lat' dir='ltr'>domo</span> <span class='ocrx_word' id='word_1_279' title='bbox 224 2277 366 2333; x_wconf 89' lang='lat' dir='ltr'>radicitus</span> <span class='ocrx_word' id='word_1_280' title='bbox 383 2279 534 2349; x_wconf 88' lang='lat' dir='ltr'>evellatur,</span> <span class='ocrx_word' id='word_1_281' title='bbox 550 2282 611 2335; x_wconf 84' lang='lat' dir='ltr'>zelo</span> <span class='ocrx_word' id='word_1_282' title='bbox 628 2280 764 2352; x_wconf 85' lang='lat' dir='ltr'>ejusdem</span> <span class='ocrx_word' id='word_1_283' title='bbox 779 2282 885 2336; x_wconf 89' lang='lat' dir='ltr'>domus</span> <span class='ocrx_word' id='word_1_284' title='bbox 902 2280 955 2336; x_wconf 87' lang='lat' dir='ltr'>Dei</span> <span class='ocrx_word' id='word_1_285' title='bbox 1012 2280 1143 2335; x_wconf 78' lang='lat' dir='ltr'>Romana</span> <span class='ocrx_word' id='word_1_286' title='bbox 1157 2279 1270 2351; x_wconf 75' lang='lat' dir='ltr'>synodo</span> <span class='ocrx_word' id='word_1_287' title='bbox 1284 2281 1497 2352; x_wconf 79' lang='lat' dir='ltr'>quinquaginta</span> <span class='ocrx_word' id='word_1_288' title='bbox 1509 2280 1729 2350; x_wconf 86' lang='lat' dir='ltr'>episcoporum,</span> <span class='ocrx_word' id='word_1_289' title='bbox 1745 2279 1844 2335; x_wconf 90' lang='lat' dir='ltr'>consi·</span> 
     </span>
     <span class='ocr_line' id='line_1_23' title="bbox 122 2366 1845 2439; baseline 0.001 -19"><span class='ocrx_word' id='word_1_290' title='bbox 122 2382 181 2422; x_wconf 91' lang='lat' dir='ltr'>non</span> <span class='ocrx_word' id='word_1_291' title='bbox 201 2367 373 2437; x_wconf 89' lang='lat' dir='ltr'>comeditur,</span> <span class='ocrx_word' id='word_1_292' title='bbox 391 2371 419 2423; x_wconf 89' lang='lat' dir='ltr'>et</span> <span class='ocrx_word' id='word_1_293' title='bbox 432 2370 509 2439; x_wconf 87' lang='lat' dir='ltr'>apud</span> <span class='ocrx_word' id='word_1_294' title='bbox 525 2369 616 2425; x_wconf 88' lang='lat' dir='ltr'>Deum</span> <span class='ocrx_word' id='word_1_295' title='bbox 633 2370 716 2424; x_wconf 92' lang='lat' dir='ltr'>oanis</span> <span class='ocrx_word' id='word_1_296' title='bbox 732 2373 830 2425; x_wconf 91' lang='lat' dir='ltr'>mutus</span> <span class='ocrx_word' id='word_1_297' title='bbox 846 2369 954 2425; x_wconf 85' lang='lat' dir='ltr'>latrare</span> <span class='ocrx_word' id='word_1_298' title='bbox 1010 2369 1097 2423; x_wconf 89' lang='lat' dir='ltr'>dente</span> <span class='ocrx_word' id='word_1_299' title='bbox 1118 2368 1362 2438; x_wconf 73' lang='lat' dir='ltr'>presbyterorum</span> <span class='ocrx_word' id='word_1_300' title='bbox 1377 2372 1405 2423; x_wconf 93' lang='lat' dir='ltr'>et</span> <span class='ocrx_word' id='word_1_301' title='bbox 1424 2369 1561 2424; x_wconf 90' lang='lat' dir='ltr'>abbatum</span> <span class='ocrx_word' id='word_1_302' title='bbox 1575 2366 1773 2438; x_wconf 90' lang='lat' dir='ltr'>multitudine,</span> <span class='ocrx_word' id='word_1_303' title='bbox 1792 2381 1845 2438; x_wconf 90' lang='lat' dir='ltr'>per</span> 
     </span>
     <span class='ocr_line' id='line_1_24' title="bbox 123 2455 1843 2528; baseline 0.002 -19"><span class='ocrx_word' id='word_1_304' title='bbox 123 2471 182 2511; x_wconf 93' lang='lat' dir='ltr'>non</span> <span class='ocrx_word' id='word_1_305' title='bbox 197 2456 300 2510; x_wconf 89' lang='lat' dir='ltr'>valens</span> <span class='ocrx_word' id='word_1_306' title='bbox 316 2460 477 2528; x_wconf 88' lang='lat' dir='ltr'>reputatur.</span> <span class='ocrx_word' id='word_1_307' title='bbox 489 2456 563 2523; x_wconf 88' lang='lat' dir='ltr'>Quis</span> <span class='ocrx_word' id='word_1_308' title='bbox 575 2458 719 2514; x_wconf 91' lang='lat' dir='ltr'>enimnon</span> <span class='ocrx_word' id='word_1_309' title='bbox 730 2458 862 2514; x_wconf 89' lang='lat' dir='ltr'>advertat</span> <span class='ocrx_word' id='word_1_310' title='bbox 878 2458 955 2511; x_wconf 89' lang='lat' dir='ltr'>banc</span> <span class='ocrx_word' id='word_1_311' title='bbox 1011 2457 1109 2513; x_wconf 91' lang='lat' dir='ltr'>omniu</span> <span class='ocrx_word' id='word_1_312' title='bbox 1123 2458 1235 2513; x_wconf 89' lang='lat' dir='ltr'>sanctis</span> <span class='ocrx_word' id='word_1_313' title='bbox 1254 2458 1387 2528; x_wconf 84' lang='lat' dir='ltr'>praefatis</span> <span class='ocrx_word' id='word_1_314' title='bbox 1408 2458 1547 2514; x_wconf 87' lang='lat' dir='ltr'>Patribus</span> <span class='ocrx_word' id='word_1_315' title='bbox 1573 2457 1770 2514; x_wconf 88' lang='lat' dir='ltr'>consonantia</span> <span class='ocrx_word' id='word_1_316' title='bbox 1789 2455 1843 2512; x_wconf 84' lang='lat' dir='ltr'>de·</span> 
     </span>
     <span class='ocr_line' id='line_1_25' title="bbox 122 2545 1846 2619; baseline 0.001 -21"><span class='ocrx_word' id='word_1_317' title='bbox 122 2545 238 2614; x_wconf 89' lang='lat' dir='ltr'>pestem</span> <span class='ocrx_word' id='word_1_318' title='bbox 262 2546 452 2600; x_wconf 87' lang='lat' dir='ltr'>seminarium</span> <span class='ocrx_word' id='word_1_319' title='bbox 468 2561 537 2601; x_wconf 89' lang='lat' dir='ltr'>esse</span> <span class='ocrx_word' id='word_1_320' title='bbox 552 2546 728 2603; x_wconf 81' lang='lat' dir='ltr'>Simoniacae</span> <span class='ocrx_word' id='word_1_321' title='bbox 748 2549 911 2613; x_wconf 69' lang='lat' dir='ltr'>haereseos,</span> <span class='ocrx_word' id='word_1_322' title='bbox 928 2550 957 2601; x_wconf 90' lang='lat' dir='ltr'>et</span> <span class='ocrx_word' id='word_1_323' title='bbox 1011 2548 1090 2600; x_wconf 88' lang='lat' dir='ltr'>creta</span> <span class='ocrx_word' id='word_1_324' title='bbox 1111 2545 1228 2614; x_wconf 86' lang='lat' dir='ltr'>statuit,</span> <span class='ocrx_word' id='word_1_325' title='bbox 1244 2545 1348 2601; x_wconf 91' lang='lat' dir='ltr'>dicens</span> <span class='ocrx_word' id='word_1_326' title='bbox 1367 2563 1374 2601; x_wconf 90' lang='lat'>:</span> <span class='ocrx_word' id='word_1_327' title='bbox 1394 2567 1405 2598; x_wconf 83' lang='grc' dir='ltr'>ι</span> <span class='ocrx_word' id='word_1_328' title='bbox 1422 2547 1454 2602; x_wconf 90' lang='lat' dir='ltr'>Si</span> <span class='ocrx_word' id='word_1_329' title='bbox 1476 2549 1545 2619; x_wconf 89' lang='lat' dir='ltr'>quis</span> <span class='ocrx_word' id='word_1_330' title='bbox 1559 2546 1701 2618; x_wconf 87' lang='lat' dir='ltr'>deinceps</span> <span class='ocrx_word' id='word_1_331' title='bbox 1724 2545 1846 2616; x_wconf 87' lang='lat' dir='ltr'>episco-</span> 
     </span>
     <span class='ocr_line' id='line_1_26' title="bbox 124 2632 1842 2708; baseline 0.001 -21"><span class='ocrx_word' id='word_1_332' title='bbox 124 2635 214 2688; x_wconf 92' lang='lat' dir='ltr'>totius</span> <span class='ocrx_word' id='word_1_333' title='bbox 230 2632 406 2689; x_wconf 84' lang='lat' dir='ltr'>Christianae</span> <span class='ocrx_word' id='word_1_334' title='bbox 420 2636 575 2707; x_wconf 78' lang='lat' dir='ltr'>religionis</span> <span class='ocrx_word' id='word_1_335' title='bbox 591 2636 808 2692; x_wconf 89' lang='lat' dir='ltr'>lamentabilem</span> <span class='ocrx_word' id='word_1_336' title='bbox 822 2638 956 2692; x_wconf 89' lang='lat' dir='ltr'>destruc·</span> <span class='ocrx_word' id='word_1_337' title='bbox 1010 2637 1111 2705; x_wconf 91' lang='lat' dir='ltr'>patum</span> <span class='ocrx_word' id='word_1_338' title='bbox 1124 2634 1173 2689; x_wconf 83' lang='lat' dir='ltr'>vel</span> <span class='ocrx_word' id='word_1_339' title='bbox 1187 2634 1333 2689; x_wconf 89' lang='lat' dir='ltr'>abbatiam</span> <span class='ocrx_word' id='word_1_340' title='bbox 1355 2635 1391 2689; x_wconf 92' lang='lat' dir='ltr'>de</span> <span class='ocrx_word' id='word_1_341' title='bbox 1414 2651 1502 2691; x_wconf 92' lang='lat' dir='ltr'>manu</span> <span class='ocrx_word' id='word_1_342' title='bbox 1517 2634 1645 2708; x_wconf 80' lang='lat' dir='ltr'>alicujus</span> <span class='ocrx_word' id='word_1_343' title='bbox 1670 2634 1756 2690; x_wconf 84' lang='lat' dir='ltr'>laicae</span> <span class='ocrx_word' id='word_1_344' title='bbox 1772 2649 1842 2705; x_wconf 88' lang='lat' dir='ltr'>per·</span> 
     </span>
     <span class='ocr_line' id='line_1_27' title="bbox 126 2721 1846 2799; baseline 0.001 -23"><span class='ocrx_word' id='word_1_345' title='bbox 126 2721 257 2777; x_wconf 78' lang='lat' dir='ltr'>tionem?</span> <span class='ocrx_word' id='word_1_346' title='bbox 272 2723 384 2795; x_wconf 91' lang='lat' dir='ltr'>Nempe</span> <span class='ocrx_word' id='word_1_347' title='bbox 399 2740 466 2779; x_wconf 93' lang='lat' dir='ltr'>cum</span> <span class='ocrx_word' id='word_1_348' title='bbox 491 2724 619 2796; x_wconf 80' lang='lat' dir='ltr'>dignitas</span> <span class='ocrx_word' id='word_1_349' title='bbox 640 2725 820 2795; x_wconf 89' lang='lat' dir='ltr'>episcopalis</span> <span class='ocrx_word' id='word_1_350' title='bbox 842 2725 957 2796; x_wconf 87' lang='lat' dir='ltr'>aprin·</span> <span class='ocrx_word' id='word_1_351' title='bbox 1012 2739 1095 2780; x_wconf 76' lang='lat' dir='ltr'>sonae</span> <span class='ocrx_word' id='word_1_352' title='bbox 1117 2723 1293 2799; x_wconf 87' lang='lat' dir='ltr'>susceperit,</span> <span class='ocrx_word' id='word_1_353' title='bbox 1318 2723 1489 2779; x_wconf 88' lang='lat' dir='ltr'>nullatenus</span> <span class='ocrx_word' id='word_1_354' title='bbox 1512 2724 1589 2780; x_wconf 91' lang='lat' dir='ltr'>inter</span> <span class='ocrx_word' id='word_1_355' title='bbox 1612 2724 1778 2795; x_wconf 86' lang='lat' dir='ltr'>episcopos</span> <span class='ocrx_word' id='word_1_356' title='bbox 1797 2722 1846 2778; x_wconf 89' lang='lat' dir='ltr'>ha·</span> 
     </span>
     <span class='ocr_line' id='line_1_28' title="bbox 127 2811 1848 2884; baseline 0.001 -21"><span class='ocrx_word' id='word_1_357' title='bbox 127 2811 192 2880; x_wconf 88' lang='lat' dir='ltr'>cipe</span> <span class='ocrx_word' id='word_1_358' title='bbox 206 2811 331 2882; x_wconf 89' lang='lat' dir='ltr'>adipisci</span> <span class='ocrx_word' id='word_1_359' title='bbox 346 2828 436 2882; x_wconf 89' lang='lat' dir='ltr'>posse</span> <span class='ocrx_word' id='word_1_360' title='bbox 451 2817 597 2883; x_wconf 87' lang='lat' dir='ltr'>speratur,</span> <span class='ocrx_word' id='word_1_361' title='bbox 608 2815 783 2883; x_wconf 91' lang='lat' dir='ltr'>contemptis</span> <span class='ocrx_word' id='word_1_362' title='bbox 798 2814 864 2868; x_wconf 92' lang='lat' dir='ltr'>suis</span> <span class='ocrx_word' id='word_1_363' title='bbox 879 2815 960 2883; x_wconf 86' lang='lat' dir='ltr'>epis·</span> <span class='ocrx_word' id='word_1_364' title='bbox 1011 2812 1124 2881; x_wconf 87' lang='lat' dir='ltr'>beatur,</span> <span class='ocrx_word' id='word_1_365' title='bbox 1142 2827 1197 2867; x_wconf 91' lang='lat' dir='ltr'>nec</span> <span class='ocrx_word' id='word_1_366' title='bbox 1212 2811 1270 2865; x_wconf 90' lang='lat' dir='ltr'>ulla</span> <span class='ocrx_word' id='word_1_367' title='bbox 1285 2811 1313 2867; x_wconf 91' lang='lat' dir='ltr'>ei</span> <span class='ocrx_word' id='word_1_368' title='bbox 1323 2813 1355 2867; x_wconf 92' lang='lat' dir='ltr'>ut</span> <span class='ocrx_word' id='word_1_369' title='bbox 1369 2814 1509 2884; x_wconf 90' lang='lat' dir='ltr'>episcopo</span> <span class='ocrx_word' id='word_1_370' title='bbox 1517 2816 1567 2868; x_wconf 91' lang='lat' dir='ltr'>aut</span> <span class='ocrx_word' id='word_1_371' title='bbox 1582 2811 1682 2869; x_wconf 87' lang='lat' dir='ltr'>abbati</span> <span class='ocrx_word' id='word_1_372' title='bbox 1696 2811 1848 2867; x_wconf 88' lang='lat' dir='ltr'>audientia</span> 
     </span>
     <span class='ocr_line' id='line_1_29' title="bbox 127 2899 1848 2974; baseline 0.001 -21"><span class='ocrx_word' id='word_1_373' title='bbox 127 2901 210 2970; x_wconf 92' lang='lat' dir='ltr'>copis</span> <span class='ocrx_word' id='word_1_374' title='bbox 225 2914 260 2953; x_wconf 92' lang='lat' dir='ltr'>ac</span> <span class='ocrx_word' id='word_1_375' title='bbox 275 2900 395 2955; x_wconf 90' lang='lat' dir='ltr'>clericis</span> <span class='ocrx_word' id='word_1_376' title='bbox 410 2902 463 2956; x_wconf 88' lang='lat' dir='ltr'>Dei</span> <span class='ocrx_word' id='word_1_377' title='bbox 473 2901 610 2956; x_wconf 78' lang='lat' dir='ltr'>Ecclesia</span> <span class='ocrx_word' id='word_1_378' title='bbox 619 2902 779 2972; x_wconf 87' lang='lat' dir='ltr'>deseritur,</span> <span class='ocrx_word' id='word_1_379' title='bbox 797 2907 826 2958; x_wconf 92' lang='lat' dir='ltr'>et</span> <span class='ocrx_word' id='word_1_380' title='bbox 839 2903 876 2958; x_wconf 89' lang='lat' dir='ltr'>ab</span> <span class='ocrx_word' id='word_1_381' title='bbox 891 2902 959 2957; x_wconf 92' lang='lat' dir='ltr'>aliis</span> <span class='ocrx_word' id='word_1_382' title='bbox 1013 2901 1201 2968; x_wconf 89' lang='lat' dir='ltr'>concedatur,</span> <span class='ocrx_word' id='word_1_383' title='bbox 1217 2901 1341 2972; x_wconf 90' lang='lat' dir='ltr'>insuper</span> <span class='ocrx_word' id='word_1_384' title='bbox 1350 2902 1377 2957; x_wconf 90' lang='lat' dir='ltr'>ei</span> <span class='ocrx_word' id='word_1_385' title='bbox 1391 2903 1516 2974; x_wconf 88' lang='lat' dir='ltr'>gratiam</span> <span class='ocrx_word' id='word_1_386' title='bbox 1525 2902 1604 2958; x_wconf 90' lang='lat' dir='ltr'>beati</span> <span class='ocrx_word' id='word_1_387' title='bbox 1614 2901 1695 2957; x_wconf 88' lang='lat' dir='ltr'>Petri</span> <span class='ocrx_word' id='word_1_388' title='bbox 1703 2903 1733 2956; x_wconf 91' lang='lat' dir='ltr'>et</span> <span class='ocrx_word' id='word_1_389' title='bbox 1746 2899 1848 2955; x_wconf 89' lang='lat' dir='ltr'>introi·</span> 
     </span>
     <span class='ocr_line' id='line_1_30' title="bbox 127 2987 1847 3063; baseline 0 -21"><span class='ocrx_word' id='word_1_390' title='bbox 127 2988 246 3059; x_wconf 92' lang='lat' dir='ltr'>quidem</span> <span class='ocrx_word' id='word_1_391' title='bbox 256 2989 364 3062; x_wconf 88' lang='lat' dir='ltr'>ingens</span> <span class='ocrx_word' id='word_1_392' title='bbox 380 2991 504 3060; x_wconf 90' lang='lat' dir='ltr'>pecunia</span> <span class='ocrx_word' id='word_1_393' title='bbox 519 2991 682 3047; x_wconf 89' lang='lat' dir='ltr'>aulicorum</span> <span class='ocrx_word' id='word_1_394' title='bbox 693 2992 852 3062; x_wconf 88' lang='lat' dir='ltr'>marsupiis</span> <span class='ocrx_word' id='word_1_395' title='bbox 863 2991 959 3046; x_wconf 86' lang='lat' dir='ltr'>inlun-</span> <span class='ocrx_word' id='word_1_396' title='bbox 1012 2994 1074 3045; x_wconf 91' lang='lat' dir='ltr'>tum</span> <span class='ocrx_word' id='word_1_397' title='bbox 1088 2987 1232 3044; x_wconf 82' lang='lat' dir='ltr'>Ecclesiae</span> <span class='ocrx_word' id='word_1_398' title='bbox 1246 2990 1460 3061; x_wconf 89' lang='lat' dir='ltr'>interdicimus,</span> <span class='ocrx_word' id='word_1_399' title='bbox 1478 3004 1634 3063; x_wconf 90' lang='lat' dir='ltr'>quousque</span> <span class='ocrx_word' id='word_1_400' title='bbox 1648 2989 1750 3044; x_wconf 91' lang='lat' dir='ltr'>locum</span> <span class='ocrx_word' id='word_1_401' title='bbox 1758 3003 1847 3060; x_wconf 87' lang='lat' dir='ltr'>quem</span> 
     </span>
     <span class='ocr_line' id='line_1_31' title="bbox 128 3075 1848 3153; baseline 0.001 -21"><span class='ocrx_word' id='word_1_402' title='bbox 128 3078 215 3146; x_wconf 89' lang='lat' dir='ltr'>ditur,</span> <span class='ocrx_word' id='word_1_403' title='bbox 232 3079 264 3132; x_wconf 91' lang='lat' dir='ltr'>ut</span> <span class='ocrx_word' id='word_1_404' title='bbox 278 3080 447 3134; x_wconf 89' lang='lat' dir='ltr'>eorumdem</span> <span class='ocrx_word' id='word_1_405' title='bbox 459 3077 603 3153; x_wconf 80' lang='lat' dir='ltr'>suffragia</span> <span class='ocrx_word' id='word_1_406' title='bbox 614 3081 650 3135; x_wconf 90' lang='lat' dir='ltr'>ad</span> <span class='ocrx_word' id='word_1_407' title='bbox 665 3084 724 3136; x_wconf 90' lang='lat' dir='ltr'>tam</span> <span class='ocrx_word' id='word_1_408' title='bbox 734 3080 876 3136; x_wconf 77' lang='lat' dir='ltr'>nefariam</span> <span class='ocrx_word' id='word_1_409' title='bbox 890 3095 958 3151; x_wconf 93' lang='lat' dir='ltr'>pro·</span> <span class='ocrx_word' id='word_1_410' title='bbox 1013 3080 1070 3134; x_wconf 92' lang='lat' dir='ltr'>sub</span> <span class='ocrx_word' id='word_1_411' title='bbox 1077 3079 1198 3134; x_wconf 91' lang='lat' dir='ltr'>crimine</span> <span class='ocrx_word' id='word_1_412' title='bbox 1208 3082 1265 3134; x_wconf 88' lang='lat' dir='ltr'>tam</span> <span class='ocrx_word' id='word_1_413' title='bbox 1272 3077 1441 3134; x_wconf 89' lang='lat' dir='ltr'>ambitionis</span> <span class='ocrx_word' id='word_1_414' title='bbox 1447 3078 1761 3150; x_wconf 85' lang='lat' dir='ltr'>quaminobedientire,</span> <span class='ocrx_word' id='word_1_415' title='bbox 1767 3075 1848 3150; x_wconf 88' lang='lat' dir='ltr'>quad</span> 
     </span>
     <span class='ocr_line' id='line_1_32' title="bbox 128 3155 1883 3241; baseline 0.001 -21"><span class='ocrx_word' id='word_1_416' title='bbox 128 3167 287 3223; x_wconf 90' lang='lat' dir='ltr'>motionem</span> <span class='ocrx_word' id='word_1_417' title='bbox 302 3168 527 3236; x_wconf 90' lang='lat' dir='ltr'>mereantur,ab</span> <span class='ocrx_word' id='word_1_418' title='bbox 542 3169 609 3224; x_wconf 90' lang='lat' dir='ltr'>aliis</span> <span class='ocrx_word' id='word_1_419' title='bbox 624 3169 960 3241; x_wconf 85' lang='lat' dir='ltr'>inliniteepecuniaadis·</span> <span class='ocrx_word' id='word_1_420' title='bbox 1013 3170 1060 3222; x_wconf 91' lang='lat' dir='ltr'>est</span> <span class='ocrx_word' id='word_1_421' title='bbox 1075 3166 1177 3222; x_wconf 91' lang='lat' dir='ltr'>scelus</span> <span class='ocrx_word' id='word_1_422' title='bbox 1194 3165 1379 3236; x_wconf 73' lang='lat' dir='ltr'>idololatriae,</span> <span class='ocrx_word' id='word_1_423' title='bbox 1391 3168 1489 3238; x_wconf 90' lang='lat' dir='ltr'>coepit,</span> <span class='ocrx_word' id='word_1_424' title='bbox 1501 3155 1707 3238; x_wconf 88' lang='lat' dir='ltr'>resipiscendo</span> <span class='ocrx_word' id='word_1_425' title='bbox 1721 3180 1783 3222; x_wconf 92' lang='lat' dir='ltr'>non</span> <span class='ocrx_word' id='word_1_426' title='bbox 1793 3165 1848 3221; x_wconf 87' lang='lat' dir='ltr'>da·</span> <span class='ocrx_word' id='word_1_427' title='bbox 1881 3155 1883 3159; x_wconf 63' lang='grc'>’</span> 
     </span>
     <span class='ocr_line' id='line_1_33' title="bbox 128 3254 1848 3328; baseline 0.001 -19"><span class='ocrx_word' id='word_1_428' title='bbox 128 3255 236 3323; x_wconf 93' lang='lat' dir='ltr'>pendio</span> <span class='ocrx_word' id='word_1_429' title='bbox 249 3256 318 3324; x_wconf 92' lang='lat' dir='ltr'>plus</span> <span class='ocrx_word' id='word_1_430' title='bbox 333 3257 476 3313; x_wconf 88' lang='lat' dir='ltr'>decennio</span> <span class='ocrx_word' id='word_1_431' title='bbox 485 3257 516 3312; x_wconf 89' lang='lat' dir='ltr'>ia</span> <span class='ocrx_word' id='word_1_432' title='bbox 528 3257 667 3314; x_wconf 85' lang='lat' dir='ltr'>saeculari</span> <span class='ocrx_word' id='word_1_433' title='bbox 681 3260 765 3313; x_wconf 90' lang='lat' dir='ltr'>curia</span> <span class='ocrx_word' id='word_1_434' title='bbox 779 3258 958 3328; x_wconf 85' lang='lat' dir='ltr'>deservitur,</span> <span class='ocrx_word' id='word_1_435' title='bbox 1013 3256 1096 3310; x_wconf 87' lang='lat' dir='ltr'>serit.</span> <span class='ocrx_word' id='word_1_436' title='bbox 1116 3255 1259 3311; x_wconf 90' lang='lat' dir='ltr'>Similiter</span> <span class='ocrx_word' id='word_1_437' title='bbox 1271 3255 1357 3310; x_wconf 89' lang='lat' dir='ltr'>etiam</span> <span class='ocrx_word' id='word_1_438' title='bbox 1376 3256 1413 3310; x_wconf 93' lang='lat' dir='ltr'>de</span> <span class='ocrx_word' id='word_1_439' title='bbox 1427 3255 1620 3311; x_wconf 79' lang='lat' dir='ltr'>interioribus</span> <span class='ocrx_word' id='word_1_440' title='bbox 1639 3256 1669 3310; x_wconf 89' lang='lat' dir='ltr'>et</span> <span class='ocrx_word' id='word_1_441' title='bbox 1682 3254 1848 3311; x_wconf 83' lang='lat' dir='ltr'>ecclesias·</span> 
     </span>
     <span class='ocr_line' id='line_1_34' title="bbox 130 3341 1849 3422; baseline -0.002 -21"><span class='ocrx_word' id='word_1_442' title='bbox 130 3348 233 3414; x_wconf 75' lang='lat' dir='ltr'>aestus,</span> <span class='ocrx_word' id='word_1_443' title='bbox 249 3345 372 3416; x_wconf 75' lang='lat' dir='ltr'>pluvia,</span> <span class='ocrx_word' id='word_1_444' title='bbox 388 3346 511 3422; x_wconf 79' lang='lat' dir='ltr'>frigora,</span> <span class='ocrx_word' id='word_1_445' title='bbox 538 3351 568 3401; x_wconf 90' lang='lat' dir='ltr'>et</span> <span class='ocrx_word' id='word_1_446' title='bbox 587 3351 694 3403; x_wconf 88' lang='lat' dir='ltr'>caetera</span> <span class='ocrx_word' id='word_1_447' title='bbox 715 3347 899 3402; x_wconf 90' lang='lat' dir='ltr'>incommoda</span> <span class='ocrx_word' id='word_1_448' title='bbox 915 3363 963 3417; x_wconf 89' lang='lat' dir='ltr'>pa·</span> <span class='ocrx_word' id='word_1_449' title='bbox 1013 3343 1081 3398; x_wconf 90' lang='lat' dir='ltr'>ticis</span> <span class='ocrx_word' id='word_1_450' title='bbox 1096 3342 1298 3416; x_wconf 78' lang='lat' dir='ltr'>dignitatibus,</span> <span class='ocrx_word' id='word_1_451' title='bbox 1317 3344 1533 3399; x_wconf 87' lang='lat' dir='ltr'>constituimus.</span> <span class='ocrx_word' id='word_1_452' title='bbox 1555 3367 1567 3392; x_wconf 74' lang='grc' dir='ltr'>ι</span> <span class='ocrx_word' id='word_1_453' title='bbox 1587 3343 1659 3399; x_wconf 91' lang='lat' dir='ltr'>Item</span> <span class='ocrx_word' id='word_1_454' title='bbox 1676 3358 1683 3398; x_wconf 73' lang='grc' dir='ltr'><strong><em>ε</em></strong></span> <span class='ocrx_word' id='word_1_455' title='bbox 1701 3364 1713 3391; x_wconf 69' lang='lat' dir='ltr'>a</span> <span class='ocrx_word' id='word_1_456' title='bbox 1731 3341 1765 3398; x_wconf 88' lang='lat' dir='ltr'>Si</span> <span class='ocrx_word' id='word_1_457' title='bbox 1778 3342 1849 3415; x_wconf 84' lang='lat' dir='ltr'>quie</span> 
     </span>
     <span class='ocr_line' id='line_1_35' title="bbox 128 3431 1849 3506; baseline -0.001 -19"><span class='ocrx_word' id='word_1_458' title='bbox 128 3433 307 3489; x_wconf 87' lang='lat' dir='ltr'>tientissime</span> <span class='ocrx_word' id='word_1_459' title='bbox 322 3436 504 3505; x_wconf 79' lang='lat' dir='ltr'>tolerantur3</span> <span class='ocrx_word' id='word_1_460' title='bbox 520 3435 558 3489; x_wconf 90' lang='lat' dir='ltr'>ab</span> <span class='ocrx_word' id='word_1_461' title='bbox 574 3436 640 3490; x_wconf 89' lang='lat' dir='ltr'>aliis</span> <span class='ocrx_word' id='word_1_462' title='bbox 655 3438 752 3490; x_wconf 89' lang='lat' dir='ltr'>autem</span> <span class='ocrx_word' id='word_1_463' title='bbox 767 3437 814 3490; x_wconf 89' lang='lat' dir='ltr'>vel</span> <span class='ocrx_word' id='word_1_464' title='bbox 831 3437 879 3491; x_wconf 91' lang='lat' dir='ltr'>sui</span> <span class='ocrx_word' id='word_1_465' title='bbox 894 3452 963 3506; x_wconf 89' lang='lat' dir='ltr'>pas·</span> <span class='ocrx_word' id='word_1_466' title='bbox 1015 3434 1233 3502; x_wconf 86' lang='lat' dir='ltr'>imperatorum,</span> <span class='ocrx_word' id='word_1_467' title='bbox 1256 3447 1370 3504; x_wconf 89' lang='lat' dir='ltr'>regum,</span> <span class='ocrx_word' id='word_1_468' title='bbox 1388 3432 1507 3502; x_wconf 88' lang='lat' dir='ltr'>ducum,</span> <span class='ocrx_word' id='word_1_469' title='bbox 1522 3431 1736 3500; x_wconf 89' lang='lat' dir='ltr'>marchionum,</span> <span class='ocrx_word' id='word_1_470' title='bbox 1753 3431 1849 3487; x_wconf 89' lang='lat' dir='ltr'>comi·</span> 
     </span>
     <span class='ocr_line' id='line_1_36' title="bbox 130 3519 1850 3592; baseline 0 -18"><span class='ocrx_word' id='word_1_471' title='bbox 130 3519 216 3589; x_wconf 89' lang='lat' dir='ltr'>toris,</span> <span class='ocrx_word' id='word_1_472' title='bbox 232 3521 280 3575; x_wconf 79' lang='lat' dir='ltr'>rel</span> <span class='ocrx_word' id='word_1_473' title='bbox 295 3521 383 3591; x_wconf 81' lang='lat' dir='ltr'>cujus</span> <span class='ocrx_word' id='word_1_474' title='bbox 392 3521 533 3576; x_wconf 90' lang='lat' dir='ltr'>honorem</span> <span class='ocrx_word' id='word_1_475' title='bbox 542 3522 674 3576; x_wconf 91' lang='lat' dir='ltr'>ambiunt</span> <span class='ocrx_word' id='word_1_476' title='bbox 684 3539 765 3578; x_wconf 90' lang='lat' dir='ltr'>mors</span> <span class='ocrx_word' id='word_1_477' title='bbox 778 3524 964 3578; x_wconf 88' lang='lat' dir='ltr'>incessanter</span> <span class='ocrx_word' id='word_1_478' title='bbox 1016 3524 1087 3590; x_wconf 91' lang='lat' dir='ltr'>tum,</span> <span class='ocrx_word' id='word_1_479' title='bbox 1110 3521 1157 3575; x_wconf 85' lang='lat' dir='ltr'>vel</span> <span class='ocrx_word' id='word_1_480' title='bbox 1171 3520 1295 3592; x_wconf 89' lang='lat' dir='ltr'>quilibet</span> <span class='ocrx_word' id='word_1_481' title='bbox 1315 3521 1503 3576; x_wconf 85' lang='lat' dir='ltr'>saecularium</span> <span class='ocrx_word' id='word_1_482' title='bbox 1520 3523 1698 3591; x_wconf 90' lang='lat' dir='ltr'>potestatum</span> <span class='ocrx_word' id='word_1_483' title='bbox 1713 3522 1766 3574; x_wconf 88' lang='lat' dir='ltr'>aut</span> <span class='ocrx_word' id='word_1_484' title='bbox 1778 3534 1850 3590; x_wconf 91' lang='lat' dir='ltr'>per·</span> 
     </span>
     <span class='ocr_line' id='line_1_37' title="bbox 132 3607 1849 3683; baseline -0.001 -20"><span class='ocrx_word' id='word_1_485' title='bbox 132 3611 257 3678; x_wconf 88' lang='lat' dir='ltr'>optatur,</span> <span class='ocrx_word' id='word_1_486' title='bbox 269 3608 306 3662; x_wconf 90' lang='lat' dir='ltr'>ab</span> <span class='ocrx_word' id='word_1_487' title='bbox 312 3608 369 3664; x_wconf 88' lang='lat' dir='ltr'>alio</span> <span class='ocrx_word' id='word_1_488' title='bbox 381 3609 431 3663; x_wconf 88' lang='lat' dir='ltr'>alii</span> <span class='ocrx_word' id='word_1_489' title='bbox 441 3610 632 3665; x_wconf 89' lang='lat' dir='ltr'>vehementer</span> <span class='ocrx_word' id='word_1_490' title='bbox 639 3611 797 3681; x_wconf 88' lang='lat' dir='ltr'>invidetur,</span> <span class='ocrx_word' id='word_1_491' title='bbox 809 3611 964 3683; x_wconf 93' lang='lat' dir='ltr'>dumquod</span> <span class='ocrx_word' id='word_1_492' title='bbox 1017 3625 1157 3665; x_wconf 91' lang='lat' dir='ltr'>sonarum</span> <span class='ocrx_word' id='word_1_493' title='bbox 1177 3609 1383 3664; x_wconf 90' lang='lat' dir='ltr'>investituram</span> <span class='ocrx_word' id='word_1_494' title='bbox 1403 3609 1636 3680; x_wconf 87' lang='lat' dir='ltr'>episcopatuum,</span> <span class='ocrx_word' id='word_1_495' title='bbox 1651 3608 1701 3664; x_wconf 87' lang='lat' dir='ltr'>vel</span> <span class='ocrx_word' id='word_1_496' title='bbox 1715 3607 1849 3681; x_wconf 71' lang='lat' dir='ltr'>alicuius</span> 
     </span>
     <span class='ocr_line' id='line_1_38' title="bbox 133 3695 1851 3772; baseline 0 -20"><span class='ocrx_word' id='word_1_497' title='bbox 133 3696 191 3752; x_wconf 89' lang='lat' dir='ltr'>sibi</span> <span class='ocrx_word' id='word_1_498' title='bbox 205 3700 306 3768; x_wconf 86' lang='lat' dir='ltr'>sperat</span> <span class='ocrx_word' id='word_1_499' title='bbox 319 3697 356 3752; x_wconf 91' lang='lat' dir='ltr'>ab</span> <span class='ocrx_word' id='word_1_500' title='bbox 372 3713 407 3753; x_wconf 93' lang='lat' dir='ltr'>eo</span> <span class='ocrx_word' id='word_1_501' title='bbox 423 3699 538 3770; x_wconf 91' lang='lat' dir='ltr'>subripi</span> <span class='ocrx_word' id='word_1_502' title='bbox 558 3715 649 3770; x_wconf 89' lang='lat' dir='ltr'>posse</span> <span class='ocrx_word' id='word_1_503' title='bbox 665 3704 798 3770; x_wconf 83' lang='lat' dir='ltr'>putatur3</span> <span class='ocrx_word' id='word_1_504' title='bbox 814 3702 872 3755; x_wconf 93' lang='lat' dir='ltr'>imo</span> <span class='ocrx_word' id='word_1_505' title='bbox 886 3702 961 3772; x_wconf 89' lang='lat' dir='ltr'>prob</span> <span class='ocrx_word' id='word_1_506' title='bbox 1017 3697 1231 3754; x_wconf 76' lang='lat' dir='ltr'>ecclesiasticae</span> <span class='ocrx_word' id='word_1_507' title='bbox 1254 3697 1407 3769; x_wconf 87' lang='lat' dir='ltr'>dignitatis</span> <span class='ocrx_word' id='word_1_508' title='bbox 1422 3697 1494 3752; x_wconf 89' lang='lat' dir='ltr'>dare</span> <span class='ocrx_word' id='word_1_509' title='bbox 1512 3697 1751 3767; x_wconf 66' lang='lat' dir='ltr'>presumpserit,</span> <span class='ocrx_word' id='word_1_510' title='bbox 1766 3695 1851 3769; x_wconf 80' lang='lat' dir='ltr'>ejus·</span> 
     </span>
     <span class='ocr_line' id='line_1_39' title="bbox 111 3783 1811 3861; baseline 0.001 -23"><span class='ocrx_word' id='word_1_511' title='bbox 111 3786 117 3791; x_wconf 84' lang='grc'><strong>”</strong></span> <span class='ocrx_word' id='word_1_512' title='bbox 133 3783 233 3840; x_wconf 84' lang='lat' dir='ltr'>dolori</span> <span class='ocrx_word' id='word_1_513' title='bbox 249 3784 279 3839; x_wconf 93' lang='lat' dir='ltr'>in</span> <span class='ocrx_word' id='word_1_514' title='bbox 290 3789 399 3842; x_wconf 90' lang='lat' dir='ltr'>tantam</span> <span class='ocrx_word' id='word_1_515' title='bbox 414 3788 467 3842; x_wconf 90' lang='lat' dir='ltr'>Dei</span> <span class='ocrx_word' id='word_1_516' title='bbox 482 3786 620 3859; x_wconf 84' lang='lat' dir='ltr'>injuriam</span> <span class='ocrx_word' id='word_1_517' title='bbox 635 3789 782 3844; x_wconf 90' lang='lat' dir='ltr'>interdum</span> <span class='ocrx_word' id='word_1_518' title='bbox 797 3789 961 3861; x_wconf 90' lang='lat' dir='ltr'>prosilitur,</span> <span class='ocrx_word' id='word_1_519' title='bbox 1017 3787 1084 3841; x_wconf 91' lang='lat' dir='ltr'>dem</span> <span class='ocrx_word' id='word_1_520' title='bbox 1099 3786 1252 3841; x_wconf 81' lang='lat' dir='ltr'>sententiae</span> <span class='ocrx_word' id='word_1_521' title='bbox 1266 3785 1384 3840; x_wconf 86' lang='lat' dir='ltr'>vinculo</span> <span class='ocrx_word' id='word_1_522' title='bbox 1395 3800 1429 3840; x_wconf 89' lang='lat' dir='ltr'>se</span> <span class='ocrx_word' id='word_1_523' title='bbox 1439 3784 1594 3840; x_wconf 88' lang='lat' dir='ltr'>astrictum</span> <span class='ocrx_word' id='word_1_524' title='bbox 1607 3799 1678 3841; x_wconf 87' lang='lat' dir='ltr'>esse</span> <span class='ocrx_word' id='word_1_525' title='bbox 1694 3785 1782 3841; x_wconf 88' lang='lat' dir='ltr'>sciat.</span> <span class='ocrx_word' id='word_1_526' title='bbox 1798 3807 1811 3833; x_wconf 85' lang='grc' dir='ltr'><strong>ι</strong></span> 
     </span>
     <span class='ocr_line' id='line_1_40' title="bbox 132 3874 1850 3950; baseline 0.002 -23"><span class='ocrx_word' id='word_1_527' title='bbox 132 3874 165 3928; x_wconf 90' lang='lat' dir='ltr'>ut</span> <span class='ocrx_word' id='word_1_528' title='bbox 179 3876 208 3928; x_wconf 90' lang='lat' dir='ltr'>et</span> <span class='ocrx_word' id='word_1_529' title='bbox 226 3874 325 3929; x_wconf 87' lang='lat' dir='ltr'>servis</span> <span class='ocrx_word' id='word_1_530' title='bbox 338 3879 368 3930; x_wconf 93' lang='lat' dir='ltr'>et</span> <span class='ocrx_word' id='word_1_531' title='bbox 386 3875 558 3931; x_wconf 81' lang='lat' dir='ltr'>fornicariis</span> <span class='ocrx_word' id='word_1_532' title='bbox 574 3876 704 3950; x_wconf 81' lang='lat' dir='ltr'>dignitas</span> <span class='ocrx_word' id='word_1_533' title='bbox 719 3879 776 3933; x_wconf 91' lang='lat' dir='ltr'>ista</span> <span class='ocrx_word' id='word_1_534' title='bbox 791 3882 961 3950; x_wconf 86' lang='lat' dir='ltr'>praestetur.</span> <span class='ocrx_word' id='word_1_535' title='bbox 1053 3874 1089 3930; x_wconf 85' lang='lat' dir='ltr'>Et</span> <span class='ocrx_word' id='word_1_536' title='bbox 1110 3875 1247 3945; x_wconf 92' lang='lat' dir='ltr'>quoniam</span> <span class='ocrx_word' id='word_1_537' title='bbox 1267 3877 1438 3929; x_wconf 88' lang='lat' dir='ltr'>sauctorum</span> <span class='ocrx_word' id='word_1_538' title='bbox 1457 3874 1629 3929; x_wconf 87' lang='lat' dir='ltr'>auctoritate</span> <span class='ocrx_word' id='word_1_539' title='bbox 1652 3874 1850 3930; x_wconf 82' lang='lat' dir='ltr'>monstratum</span> 
     </span>
     <span class='ocr_line' id='line_1_41' title="bbox 132 3960 1850 4039; baseline 0.001 -23"><span class='ocrx_word' id='word_1_540' title='bbox 132 3960 221 4017; x_wconf 87' lang='lat' dir='ltr'>Tales</span> <span class='ocrx_word' id='word_1_541' title='bbox 235 3964 343 4035; x_wconf 90' lang='lat' dir='ltr'>quippe</span> <span class='ocrx_word' id='word_1_542' title='bbox 358 3979 425 4019; x_wconf 89' lang='lat' dir='ltr'>cnm</span> <span class='ocrx_word' id='word_1_543' title='bbox 441 3964 538 4036; x_wconf 87' lang='lat' dir='ltr'>adepti</span> <span class='ocrx_word' id='word_1_544' title='bbox 548 3964 665 4033; x_wconf 79' lang='lat' dir='ltr'>tuerint,</span> <span class='ocrx_word' id='word_1_545' title='bbox 676 3967 756 4039; x_wconf 90' lang='lat' dir='ltr'>quod</span> <span class='ocrx_word' id='word_1_546' title='bbox 770 3967 867 4023; x_wconf 91' lang='lat' dir='ltr'>taliter</span> <span class='ocrx_word' id='word_1_547' title='bbox 875 3983 963 4038; x_wconf 87' lang='lat' dir='ltr'>expe·</span> <span class='ocrx_word' id='word_1_548' title='bbox 1018 3966 1073 4033; x_wconf 89' lang='lat' dir='ltr'>est,</span> <span class='ocrx_word' id='word_1_549' title='bbox 1090 3962 1261 4034; x_wconf 84' lang='lat' dir='ltr'>pontificum</span> <span class='ocrx_word' id='word_1_550' title='bbox 1285 3963 1457 4018; x_wconf 89' lang='lat' dir='ltr'>electionem</span> <span class='ocrx_word' id='word_1_551' title='bbox 1474 3961 1612 4018; x_wconf 77' lang='lat' dir='ltr'>saeculari</span> <span class='ocrx_word' id='word_1_552' title='bbox 1631 3962 1773 4031; x_wconf 85' lang='lat' dir='ltr'>potestati</span> <span class='ocrx_word' id='word_1_553' title='bbox 1791 3976 1850 4018; x_wconf 90' lang='lat' dir='ltr'>non</span> 
     </span>
     <span class='ocr_line' id='line_1_42' title="bbox 55 4043 1850 4126; baseline 0.001 -21"><span class='ocrx_word' id='word_1_554' title='bbox 55 4044 59 4055; x_wconf 68' lang='lat'><strong>⁴</strong></span> <span class='ocrx_word' id='word_1_555' title='bbox 131 4051 249 4123; x_wconf 89' lang='lat' dir='ltr'>tierunt,</span> <span class='ocrx_word' id='word_1_556' title='bbox 280 4043 439 4124; x_wconf 82' lang='lat' dir='ltr'>peccantes</span> <span class='ocrx_word' id='word_1_557' title='bbox 461 4054 565 4111; x_wconf 87' lang='lat' dir='ltr'>saeculi</span> <span class='ocrx_word' id='word_1_558' title='bbox 585 4058 764 4126; x_wconf 88' lang='lat' dir='ltr'>potestates,</span> <span class='ocrx_word' id='word_1_559' title='bbox 794 4059 963 4113; x_wconf 90' lang='lat' dir='ltr'>nullatenus</span> <span class='ocrx_word' id='word_1_560' title='bbox 1019 4051 1188 4122; x_wconf 84' lang='lat' dir='ltr'>subjacare,</span> <span class='ocrx_word' id='word_1_561' title='bbox 1197 4050 1370 4106; x_wconf 87' lang='lat' dir='ltr'>libetadhuc</span> <span class='ocrx_word' id='word_1_562' title='bbox 1380 4049 1705 4106; x_wconf 77' lang='lat' dir='ltr'>christianissimorum</span> <span class='ocrx_word' id='word_1_563' title='bbox 1718 4050 1850 4121; x_wconf 82' lang='lat' dir='ltr'>impera·</span> 
     </span>
     <span class='ocr_line' id='line_1_43' title="bbox 132 4138 1850 4221; baseline -0.002 -23"><span class='ocrx_word' id='word_1_564' title='bbox 132 4146 317 4221; x_wconf 82' lang='lat' dir='ltr'>praesumunt</span> <span class='ocrx_word' id='word_1_565' title='bbox 340 4144 529 4216; x_wconf 90' lang='lat' dir='ltr'>redarguere,</span> <span class='ocrx_word' id='word_1_566' title='bbox 555 4146 694 4216; x_wconf 90' lang='lat' dir='ltr'>quoniam</span> <span class='ocrx_word' id='word_1_567' title='bbox 708 4145 745 4200; x_wconf 92' lang='lat' dir='ltr'>ab</span> <span class='ocrx_word' id='word_1_568' title='bbox 768 4145 827 4199; x_wconf 91' lang='lat' dir='ltr'>illis</span> <span class='ocrx_word' id='word_1_569' title='bbox 843 4161 877 4201; x_wconf 90' lang='lat' dir='ltr'>se</span> <span class='ocrx_word' id='word_1_570' title='bbox 892 4160 964 4215; x_wconf 90' lang='lat' dir='ltr'>pro·</span> <span class='ocrx_word' id='word_1_571' title='bbox 1018 4145 1125 4211; x_wconf 88' lang='lat' dir='ltr'>torum,</span> <span class='ocrx_word' id='word_1_572' title='bbox 1141 4138 1215 4212; x_wconf 89' lang='lat' dir='ltr'>quas</span> <span class='ocrx_word' id='word_1_573' title='bbox 1227 4139 1282 4194; x_wconf 89' lang='lat' dir='ltr'>hac</span> <span class='ocrx_word' id='word_1_574' title='bbox 1297 4140 1333 4193; x_wconf 89' lang='lat' dir='ltr'>de</span> <span class='ocrx_word' id='word_1_575' title='bbox 1348 4154 1439 4195; x_wconf 88' lang='lat' dir='ltr'>causa</span> <span class='ocrx_word' id='word_1_576' title='bbox 1449 4142 1610 4195; x_wconf 83' lang='lat' dir='ltr'>sanxerunt</span> <span class='ocrx_word' id='word_1_577' title='bbox 1621 4139 1850 4195; x_wconf 84' lang='lat' dir='ltr'>constitutiones</span> 
     </span>
     <span class='ocr_line' id='line_1_44' title="bbox 133 4226 1850 4306; baseline -0.002 -19"><span class='ocrx_word' id='word_1_578' title='bbox 133 4234 231 4288; x_wconf 91' lang='lat' dir='ltr'>motos</span> <span class='ocrx_word' id='word_1_579' title='bbox 246 4231 341 4288; x_wconf 80' lang='lat' dir='ltr'>luisse</span> <span class='ocrx_word' id='word_1_580' title='bbox 355 4235 560 4302; x_wconf 88' lang='lat' dir='ltr'>meminerunt,</span> <span class='ocrx_word' id='word_1_581' title='bbox 569 4235 628 4288; x_wconf 93' lang='lat' dir='ltr'>imo</span> <span class='ocrx_word' id='word_1_582' title='bbox 644 4249 681 4289; x_wconf 92' lang='lat' dir='ltr'>ne</span> <span class='ocrx_word' id='word_1_583' title='bbox 696 4234 878 4306; x_wconf 89' lang='lat' dir='ltr'>redarguere</span> <span class='ocrx_word' id='word_1_584' title='bbox 888 4250 965 4304; x_wconf 81' lang='lat' dir='ltr'>prae·</span> <span class='ocrx_word' id='word_1_585' title='bbox 1018 4230 1054 4285; x_wconf 89' lang='lat' dir='ltr'>ad</span> <span class='ocrx_word' id='word_1_586' title='bbox 1069 4229 1198 4284; x_wconf 91' lang='lat' dir='ltr'>medium</span> <span class='ocrx_word' id='word_1_587' title='bbox 1212 4228 1369 4297; x_wconf 88' lang='lat' dir='ltr'>deducere,</span> <span class='ocrx_word' id='word_1_588' title='bbox 1379 4231 1410 4283; x_wconf 91' lang='lat' dir='ltr'>ut</span> <span class='ocrx_word' id='word_1_589' title='bbox 1423 4230 1520 4298; x_wconf 89' lang='lat' dir='ltr'>pateat</span> <span class='ocrx_word' id='word_1_590' title='bbox 1534 4227 1631 4296; x_wconf 91' lang='lat' dir='ltr'>nobis,</span> <span class='ocrx_word' id='word_1_591' title='bbox 1648 4227 1675 4282; x_wconf 93' lang='lat' dir='ltr'>si</span> <span class='ocrx_word' id='word_1_592' title='bbox 1690 4227 1765 4298; x_wconf 94' lang='lat' dir='ltr'>quid</span> <span class='ocrx_word' id='word_1_593' title='bbox 1772 4226 1850 4299; x_wconf 82' lang='lat' dir='ltr'>juria</span> 
     </span>
     <span class='ocr_line' id='line_1_45' title="bbox 134 4321 1850 4393; baseline 0.002 -17"><span class='ocrx_word' id='word_1_594' title='bbox 134 4324 300 4392; x_wconf 90' lang='lat' dir='ltr'>sumerent,</span> <span class='ocrx_word' id='word_1_595' title='bbox 324 4323 450 4391; x_wconf 90' lang='lat' dir='ltr'>promoti</span> <span class='ocrx_word' id='word_1_596' title='bbox 471 4321 598 4377; x_wconf 81' lang='lat' dir='ltr'>luerunt.</span> <span class='ocrx_word' id='word_1_597' title='bbox 622 4322 658 4378; x_wconf 83' lang='lat' dir='ltr'>Et</span> <span class='ocrx_word' id='word_1_598' title='bbox 678 4322 708 4376; x_wconf 91' lang='lat' dir='ltr'>hi</span> <span class='ocrx_word' id='word_1_599' title='bbox 729 4321 775 4377; x_wconf 92' lang='lat' dir='ltr'>lac</span> <span class='ocrx_word' id='word_1_600' title='bbox 799 4322 917 4393; x_wconf 91' lang='lat' dir='ltr'>quidem</span> <span class='ocrx_word' id='word_1_601' title='bbox 930 4323 967 4392; x_wconf 71' lang='lat' dir='ltr'>{et</span> <span class='ocrx_word' id='word_1_602' title='bbox 1017 4325 1047 4381; x_wconf 91' lang='lat' dir='ltr'>in</span> <span class='ocrx_word' id='word_1_603' title='bbox 1063 4325 1165 4380; x_wconf 90' lang='lat' dir='ltr'>eadem</span> <span class='ocrx_word' id='word_1_604' title='bbox 1175 4339 1266 4380; x_wconf 90' lang='lat' dir='ltr'>causa</span> <span class='ocrx_word' id='word_1_605' title='bbox 1278 4324 1436 4380; x_wconf 85' lang='lat' dir='ltr'>voluerunt</span> <span class='ocrx_word' id='word_1_606' title='bbox 1449 4323 1610 4379; x_wconf 75' lang='lat' dir='ltr'>vindicare,</span> <span class='ocrx_word' id='word_1_607' title='bbox 1627 4322 1693 4379; x_wconf 85' lang='lat' dir='ltr'>Hoc</span> <span class='ocrx_word' id='word_1_608' title='bbox 1703 4323 1785 4379; x_wconf 88' lang='lat' dir='ltr'>enim</span> <span class='ocrx_word' id='word_1_609' title='bbox 1795 4321 1850 4379; x_wconf 80' lang='lat' dir='ltr'>Ca·</span> 
     </span>
     <span class='ocr_line' id='line_1_46' title="bbox 133 4409 1848 4485; baseline 0.002 -21"><span class='ocrx_word' id='word_1_610' title='bbox 133 4409 230 4466; x_wconf 92' lang='lat' dir='ltr'>lanam</span> <span class='ocrx_word' id='word_1_611' title='bbox 244 4411 401 4481; x_wconf 90' lang='lat' dir='ltr'>accipiunt,</span> <span class='ocrx_word' id='word_1_612' title='bbox 412 4411 465 4466; x_wconf 92' lang='lat' dir='ltr'>sed</span> <span class='ocrx_word' id='word_1_613' title='bbox 480 4412 679 4482; x_wconf 88' lang='lat' dir='ltr'>perditissime</span> <span class='ocrx_word' id='word_1_614' title='bbox 690 4412 824 4466; x_wconf 87' lang='lat' dir='ltr'>viventes</span> <span class='ocrx_word' id='word_1_615' title='bbox 836 4411 966 4467; x_wconf 90' lang='lat' dir='ltr'>omnium</span> <span class='ocrx_word' id='word_1_616' title='bbox 1018 4413 1100 4468; x_wconf 88' lang='lat' dir='ltr'>rolus</span> <span class='ocrx_word' id='word_1_617' title='bbox 1121 4414 1150 4467; x_wconf 90' lang='lat' dir='ltr'>et</span> <span class='ocrx_word' id='word_1_618' title='bbox 1164 4412 1334 4468; x_wconf 87' lang='lat' dir='ltr'>Ludovicus</span> <span class='ocrx_word' id='word_1_619' title='bbox 1350 4412 1475 4485; x_wconf 87' lang='lat' dir='ltr'>gloriosi</span> <span class='ocrx_word' id='word_1_620' title='bbox 1496 4413 1692 4483; x_wconf 88' lang='lat' dir='ltr'>imperatores</span> <span class='ocrx_word' id='word_1_621' title='bbox 1707 4411 1740 4467; x_wconf 90' lang='lat' dir='ltr'>in</span> <span class='ocrx_word' id='word_1_622' title='bbox 1756 4410 1848 4484; x_wconf 83' lang='lat' dir='ltr'>pn’mo</span> 
     </span>
     <span class='ocr_line' id='line_1_47' title="bbox 133 4497 1849 4614; baseline 0 -60"><span class='ocrx_word' id='word_1_623' title='bbox 133 4499 260 4554; x_wconf 85' lang='lat' dir='ltr'>salutem</span> <span class='ocrx_word' id='word_1_624' title='bbox 273 4500 438 4572; x_wconf 86' lang='lat' dir='ltr'>negligunt.</span> <span class='ocrx_word' id='word_1_625' title='bbox 456 4499 505 4555; x_wconf 91' lang='lat' dir='ltr'>Sic</span> <span class='ocrx_word' id='word_1_626' title='bbox 516 4503 624 4572; x_wconf 89' lang='lat' dir='ltr'>quippe</span> <span class='ocrx_word' id='word_1_627' title='bbox 634 4501 772 4571; x_wconf 84' lang='lat' dir='ltr'>impletur</span> <span class='ocrx_word' id='word_1_628' title='bbox 786 4500 865 4572; x_wconf 94' lang='lat' dir='ltr'>quod</span> <span class='ocrx_word' id='word_1_629' title='bbox 874 4501 966 4572; x_wconf 88' lang='lat' dir='ltr'>scrip·</span> <span class='ocrx_word' id='word_1_630' title='bbox 979 4501 1096 4614; x_wconf 64' lang='lat' dir='ltr'>1&gt;libro</span> <span class='ocrx_word' id='word_1_631' title='bbox 1111 4500 1443 4571; x_wconf 84' lang='lat' dir='ltr'>Capitulorumsuorum</span> <span class='ocrx_word' id='word_1_632' title='bbox 1458 4501 1625 4555; x_wconf 88' lang='lat' dir='ltr'>statuerunt</span> <span class='ocrx_word' id='word_1_633' title='bbox 1640 4514 1646 4554; x_wconf 94' lang='lat'><strong>:</strong></span> <span class='ocrx_word' id='word_1_634' title='bbox 1661 4519 1673 4548; x_wconf 80' lang='grc' dir='ltr'>ι</span> <span class='ocrx_word' id='word_1_635' title='bbox 1690 4497 1849 4556; x_wconf 81' lang='lat' dir='ltr'>Sacrorum</span> 
     </span>
     <span class='ocr_line' id='line_1_48' title="bbox 133 4587 1849 4660; baseline 0.001 -18"><span class='ocrx_word' id='word_1_636' title='bbox 133 4589 263 4644; x_wconf 86' lang='lat' dir='ltr'>tumeat:</span> <span class='ocrx_word' id='word_1_637' title='bbox 274 4609 285 4640; x_wconf 84' lang='grc' dir='ltr'>ι</span> <span class='ocrx_word' id='word_1_638' title='bbox 298 4589 393 4644; x_wconf 86' lang='lat' dir='ltr'>Ruina</span> <span class='ocrx_word' id='word_1_639' title='bbox 403 4589 504 4660; x_wconf 90' lang='lat' dir='ltr'>populi</span> <span class='ocrx_word' id='word_1_640' title='bbox 513 4590 685 4645; x_wconf 85' lang='lat' dir='ltr'>sacerdotes</span> <span class='ocrx_word' id='word_1_641' title='bbox 694 4588 841 4660; x_wconf 86' lang='lat' dir='ltr'>mali(lsa.</span> <span class='ocrx_word' id='word_1_642' title='bbox 850 4590 963 4659; x_wconf 62' lang='lat' dir='ltr'>navt»</span> <span class='ocrx_word' id='word_1_643' title='bbox 1019 4604 1164 4644; x_wconf 91' lang='lat' dir='ltr'>canonum</span> <span class='ocrx_word' id='word_1_644' title='bbox 1175 4604 1234 4643; x_wconf 92' lang='lat' dir='ltr'>nen</span> <span class='ocrx_word' id='word_1_645' title='bbox 1248 4589 1355 4660; x_wconf 86' lang='lat' dir='ltr'>ignari,</span> <span class='ocrx_word' id='word_1_646' title='bbox 1367 4588 1622 4644; x_wconf 89' lang='lat' dir='ltr'>utinDeinomine</span> <span class='ocrx_word' id='word_1_647' title='bbox 1637 4589 1743 4642; x_wconf 87' lang='lat' dir='ltr'>sancta</span> <span class='ocrx_word' id='word_1_648' title='bbox 1754 4587 1849 4644; x_wconf 74' lang='lat' dir='ltr'>Ecole</span> 
     </span>
     <span class='ocr_line' id='line_1_49' title="bbox 134 4674 1847 4749; baseline -0.002 -17"><span class='ocrx_word' id='word_1_649' title='bbox 134 4677 170 4733; x_wconf 86' lang='lat' dir='ltr'>Et</span> <span class='ocrx_word' id='word_1_650' title='bbox 184 4679 276 4735; x_wconf 91' lang='lat' dir='ltr'>item:</span> <span class='ocrx_word' id='word_1_651' title='bbox 296 4700 307 4726; x_wconf 76' lang='lat' dir='ltr'>a</span> <span class='ocrx_word' id='word_1_652' title='bbox 325 4678 361 4732; x_wconf 82' lang='lat' dir='ltr'>Et</span> <span class='ocrx_word' id='word_1_653' title='bbox 382 4678 438 4734; x_wconf 90' lang='lat' dir='ltr'>erit</span> <span class='ocrx_word' id='word_1_654' title='bbox 458 4678 535 4734; x_wconf 88' lang='lat' dir='ltr'>sicut</span> <span class='ocrx_word' id='word_1_655' title='bbox 550 4678 694 4749; x_wconf 87' lang='lat' dir='ltr'>populus,</span> <span class='ocrx_word' id='word_1_656' title='bbox 711 4679 750 4733; x_wconf 89' lang='lat' dir='ltr'>ita</span> <span class='ocrx_word' id='word_1_657' title='bbox 774 4681 803 4733; x_wconf 91' lang='lat' dir='ltr'>et</span> <span class='ocrx_word' id='word_1_658' title='bbox 823 4678 966 4734; x_wconf 89' lang='lat' dir='ltr'>sacerdos</span> <span class='ocrx_word' id='word_1_659' title='bbox 1019 4679 1063 4734; x_wconf 90' lang='lat' dir='ltr'>sia</span> <span class='ocrx_word' id='word_1_660' title='bbox 1079 4691 1134 4734; x_wconf 91' lang='lat' dir='ltr'>suo</span> <span class='ocrx_word' id='word_1_661' title='bbox 1149 4677 1272 4732; x_wconf 86' lang='lat' dir='ltr'>liberius</span> <span class='ocrx_word' id='word_1_662' title='bbox 1287 4676 1416 4747; x_wconf 89' lang='lat' dir='ltr'>potiatur</span> <span class='ocrx_word' id='word_1_663' title='bbox 1432 4677 1554 4745; x_wconf 88' lang='lat' dir='ltr'>honore,</span> <span class='ocrx_word' id='word_1_664' title='bbox 1575 4691 1739 4731; x_wconf 88' lang='lat' dir='ltr'>assensum</span> <span class='ocrx_word' id='word_1_665' title='bbox 1755 4674 1847 4733; x_wconf 86' lang='lat' dir='ltr'>ordini</span> 
     </span>
     <span class='ocr_line' id='line_1_50' title="bbox 134 4764 1848 4839; baseline -0.002 -17"><span class='ocrx_word' id='word_1_666' title='bbox 134 4766 216 4837; x_wconf 86' lang='lat' dir='ltr'>(Osa.</span> <span class='ocrx_word' id='word_1_667' title='bbox 231 4770 283 4837; x_wconf 80' lang='lat' dir='ltr'>m).</span> <span class='ocrx_word' id='word_1_668' title='bbox 301 4789 313 4817; x_wconf 69' lang='lat' dir='ltr'>s</span> <span class='ocrx_word' id='word_1_669' title='bbox 330 4767 507 4823; x_wconf 90' lang='lat' dir='ltr'>Sacerdotes</span> <span class='ocrx_word' id='word_1_670' title='bbox 521 4767 630 4839; x_wconf 89' lang='lat' dir='ltr'>quippe</span> <span class='ocrx_word' id='word_1_671' title='bbox 645 4767 781 4839; x_wconf 90' lang='lat' dir='ltr'>apopulo</span> <span class='ocrx_word' id='word_1_672' title='bbox 793 4782 851 4822; x_wconf 90' lang='lat' dir='ltr'>non</span> <span class='ocrx_word' id='word_1_673' title='bbox 867 4766 966 4822; x_wconf 85' lang='lat' dir='ltr'>viden·</span> <span class='ocrx_word' id='word_1_674' title='bbox 1022 4765 1229 4822; x_wconf 90' lang='lat' dir='ltr'>ecclesiastico</span> <span class='ocrx_word' id='word_1_675' title='bbox 1239 4764 1848 4836; x_wconf 77' lang='lat' dir='ltr'>prebemus,utscilieetapiscopiparatae</span> 
     </span>
     <span class='ocr_line' id='line_1_51' title="bbox 134 4853 1848 4927; baseline -0.004 -16"><span class='ocrx_word' id='word_1_676' title='bbox 134 4861 182 4924; x_wconf 83' lang='lat' dir='ltr'>tur</span> <span class='ocrx_word' id='word_1_677' title='bbox 196 4857 317 4927; x_wconf 90' lang='lat' dir='ltr'>distare,</span> <span class='ocrx_word' id='word_1_678' title='bbox 334 4871 402 4910; x_wconf 91' lang='lat' dir='ltr'>cum</span> <span class='ocrx_word' id='word_1_679' title='bbox 425 4857 552 4927; x_wconf 92' lang='lat' dir='ltr'>quisque</span> <span class='ocrx_word' id='word_1_680' title='bbox 568 4855 701 4911; x_wconf 89' lang='lat' dir='ltr'>certatim</span> <span class='ocrx_word' id='word_1_681' title='bbox 724 4871 758 4911; x_wconf 88' lang='lat' dir='ltr'>se</span> <span class='ocrx_word' id='word_1_682' title='bbox 773 4855 966 4927; x_wconf 89' lang='lat' dir='ltr'>popularibus</span> <span class='ocrx_word' id='word_1_683' title='bbox 1020 4856 1129 4910; x_wconf 88' lang='lat' dir='ltr'>tionem</span> <span class='ocrx_word' id='word_1_684' title='bbox 1144 4853 1215 4908; x_wconf 88' lang='lat' dir='ltr'>oleri</span> <span class='ocrx_word' id='word_1_685' title='bbox 1231 4855 1259 4908; x_wconf 91' lang='lat' dir='ltr'>et</span> <span class='ocrx_word' id='word_1_686' title='bbox 1273 4853 1383 4924; x_wconf 89' lang='lat' dir='ltr'>populi,</span> <span class='ocrx_word' id='word_1_687' title='bbox 1400 4853 1565 4908; x_wconf 90' lang='lat' dir='ltr'>secundum</span> <span class='ocrx_word' id='word_1_688' title='bbox 1579 4854 1689 4908; x_wconf 89' lang='lat' dir='ltr'>statuta</span> <span class='ocrx_word' id='word_1_689' title='bbox 1705 4864 1848 4909; x_wconf 72' lang='lat' dir='ltr'>monna</span> 
     </span>
     <span class='ocr_line' id='line_1_52' title="bbox 135 4941 1848 5016; baseline -0.003 -17"><span class='ocrx_word' id='word_1_690' title='bbox 135 4945 303 5003; x_wconf 89' lang='lat' dir='ltr'>actionibus</span> <span class='ocrx_word' id='word_1_691' title='bbox 318 4944 418 5001; x_wconf 85' lang='lat' dir='ltr'>studet</span> <span class='ocrx_word' id='word_1_692' title='bbox 436 4945 598 5016; x_wconf 89' lang='lat' dir='ltr'>implicare.</span> <span class='ocrx_word' id='word_1_693' title='bbox 621 4943 696 4998; x_wconf 90' lang='lat' dir='ltr'>Nam</span> <span class='ocrx_word' id='word_1_694' title='bbox 720 4960 788 4999; x_wconf 92' lang='lat' dir='ltr'>cum</span> <span class='ocrx_word' id='word_1_695' title='bbox 802 4959 888 5000; x_wconf 91' lang='lat' dir='ltr'>nemo</span> <span class='ocrx_word' id='word_1_696' title='bbox 904 4945 966 4999; x_wconf 86' lang='lat' dir='ltr'>Deo</span> <span class='ocrx_word' id='word_1_697' title='bbox 1021 4944 1057 4998; x_wconf 93' lang='lat' dir='ltr'>de</span> <span class='ocrx_word' id='word_1_698' title='bbox 1072 4949 1191 5014; x_wconf 82' lang='lat' dir='ltr'>propria</span> <span class='ocrx_word' id='word_1_699' title='bbox 1210 4941 1344 5012; x_wconf 89' lang='lat' dir='ltr'>dioecesi,</span> <span class='ocrx_word' id='word_1_700' title='bbox 1361 4944 1472 4997; x_wconf 89' lang='lat' dir='ltr'>remota</span> <span class='ocrx_word' id='word_1_701' title='bbox 1488 4955 1685 5012; x_wconf 85' lang='lat' dir='ltr'>personarum</span> <span class='ocrx_word' id='word_1_702' title='bbox 1699 4942 1730 4995; x_wconf 91' lang='lat' dir='ltr'>et</span> <span class='ocrx_word' id='word_1_703' title='bbox 1749 4953 1848 4996; x_wconf 90' lang='lat' dir='ltr'>mune·</span> 
     </span>
     <span class='ocr_line' id='line_1_53' title="bbox 135 5027 1849 5105; baseline -0.004 -15"><span class='ocrx_word' id='word_1_704' title='bbox 135 5033 265 5090; x_wconf 90' lang='lat' dir='ltr'>militans</span> <span class='ocrx_word' id='word_1_705' title='bbox 286 5035 416 5105; x_wconf 91' lang='lat' dir='ltr'>implicet</span> <span class='ocrx_word' id='word_1_706' title='bbox 429 5049 464 5089; x_wconf 92' lang='lat' dir='ltr'>se</span> <span class='ocrx_word' id='word_1_707' title='bbox 479 5032 675 5088; x_wconf 84' lang='lat' dir='ltr'>saecularibus</span> <span class='ocrx_word' id='word_1_708' title='bbox 691 5033 831 5104; x_wconf 88' lang='lat' dir='ltr'>negotiis,</span> <span class='ocrx_word' id='word_1_709' title='bbox 847 5031 966 5104; x_wconf 89' lang='lat' dir='ltr'>quidam</span> <span class='ocrx_word' id='word_1_710' title='bbox 1022 5047 1086 5087; x_wconf 89' lang='lat' dir='ltr'>rum</span> <span class='ocrx_word' id='word_1_711' title='bbox 1102 5031 1287 5102; x_wconf 86' lang='lat' dir='ltr'>acceptione,</span> <span class='ocrx_word' id='word_1_712' title='bbox 1304 5030 1342 5086; x_wconf 91' lang='lat' dir='ltr'>ob</span> <span class='ocrx_word' id='word_1_713' title='bbox 1358 5030 1426 5086; x_wconf 82' lang='lat' dir='ltr'>vitre</span> <span class='ocrx_word' id='word_1_714' title='bbox 1440 5029 1575 5086; x_wconf 90' lang='lat' dir='ltr'>meritum</span> <span class='ocrx_word' id='word_1_715' title='bbox 1589 5031 1619 5084; x_wconf 91' lang='lat' dir='ltr'>et</span> <span class='ocrx_word' id='word_1_716' title='bbox 1629 5028 1791 5100; x_wconf 81' lang='lat' dir='ltr'>sapientiae</span> <span class='ocrx_word' id='word_1_717' title='bbox 1806 5027 1849 5083; x_wconf 87' lang='lat' dir='ltr'>do·</span> 
     </span>
    </p>
   </div>
   <div class='ocr_carea' id='block_1_5' title="bbox 26 5115 1848 5193">
    <p class='ocr_par' dir='ltr' id='par_1_5' title="bbox 26 5115 1848 5193">
     <span class='ocr_line' id='line_1_54' title="bbox 26 5115 1848 5193; baseline -0.004 -14"><span class='ocrx_word' id='word_1_718' title='bbox 26 5134 28 5139; x_wconf 60' lang='lat'><strong>⁴</strong></span> <span class='ocrx_word' id='word_1_719' title='bbox 135 5138 239 5179; x_wconf 90' lang='lat' dir='ltr'>eorum</span> <span class='ocrx_word' id='word_1_720' title='bbox 253 5138 480 5193; x_wconf 90' lang='lat' dir='ltr'>noncanonum,</span> <span class='ocrx_word' id='word_1_721' title='bbox 495 5120 550 5177; x_wconf 90' lang='lat' dir='ltr'>sed</span> <span class='ocrx_word' id='word_1_722' title='bbox 565 5123 711 5176; x_wconf 88' lang='lat' dir='ltr'>canumet</span> <span class='ocrx_word' id='word_1_723' title='bbox 725 5120 897 5190; x_wconf 91' lang='lat' dir='ltr'>accipitrum</span> <span class='ocrx_word' id='word_1_724' title='bbox 909 5126 968 5177; x_wconf 89' lang='lat' dir='ltr'>stu·</span> <span class='ocrx_word' id='word_1_725' title='bbox 1022 5135 1093 5175; x_wconf 92' lang='lat' dir='ltr'>num</span> <span class='ocrx_word' id='word_1_726' title='bbox 1108 5119 1263 5191; x_wconf 87' lang='lat' dir='ltr'>eligantur,</span> <span class='ocrx_word' id='word_1_727' title='bbox 1280 5120 1312 5173; x_wconf 92' lang='lat' dir='ltr'>ut</span> <span class='ocrx_word' id='word_1_728' title='bbox 1325 5119 1417 5175; x_wconf 82' lang='lat' dir='ltr'>verbo</span> <span class='ocrx_word' id='word_1_729' title='bbox 1433 5120 1460 5172; x_wconf 91' lang='lat' dir='ltr'>et</span> <span class='ocrx_word' id='word_1_730' title='bbox 1479 5116 1614 5187; x_wconf 87' lang='lat' dir='ltr'>exemplo</span> <span class='ocrx_word' id='word_1_731' title='bbox 1630 5115 1690 5171; x_wconf 88' lang='lat' dir='ltr'>sibi</span> <span class='ocrx_word' id='word_1_732' title='bbox 1707 5115 1848 5188; x_wconf 81' lang='lat' dir='ltr'>subjectis</span> 
     </span>
    </p>
   </div>
   <div class='ocr_carea' id='block_1_6' title="bbox 135 5204 1852 5730">
    <p class='ocr_par' dir='ltr' id='par_1_6' title="bbox 135 5204 1852 5730">
     <span class='ocr_line' id='line_1_55' title="bbox 135 5204 1850 5281; baseline -0.005 -15"><span class='ocrx_word' id='word_1_733' title='bbox 135 5212 193 5278; x_wconf 89' lang='lat' dir='ltr'>dia,</span> <span class='ocrx_word' id='word_1_734' title='bbox 210 5213 239 5266; x_wconf 91' lang='lat' dir='ltr'>at</span> <span class='ocrx_word' id='word_1_735' title='bbox 261 5209 393 5281; x_wconf 90' lang='lat' dir='ltr'>reliquos</span> <span class='ocrx_word' id='word_1_736' title='bbox 418 5210 536 5265; x_wconf 90' lang='lat' dir='ltr'>mundis</span> <span class='ocrx_word' id='word_1_737' title='bbox 560 5210 649 5265; x_wconf 84' lang='lat' dir='ltr'>luxus</span> <span class='ocrx_word' id='word_1_738' title='bbox 667 5212 808 5264; x_wconf 84' lang='lat' dir='ltr'>exercent</span> <span class='ocrx_word' id='word_1_739' title='bbox 824 5226 830 5264; x_wconf 91' lang='lat'>:</span> <span class='ocrx_word' id='word_1_740' title='bbox 847 5210 966 5281; x_wconf 90' lang='lat' dir='ltr'>quidam</span> <span class='ocrx_word' id='word_1_741' title='bbox 1022 5208 1168 5280; x_wconf 90' lang='lat' dir='ltr'>prodesse</span> <span class='ocrx_word' id='word_1_742' title='bbox 1182 5207 1334 5262; x_wconf 73' lang='lat' dir='ltr'>valeantn</span> <span class='ocrx_word' id='word_1_743' title='bbox 1352 5204 1436 5261; x_wconf 87' lang='lat' dir='ltr'>Certe</span> <span class='ocrx_word' id='word_1_744' title='bbox 1452 5204 1623 5261; x_wconf 86' lang='lat' dir='ltr'>constitutio</span> <span class='ocrx_word' id='word_1_745' title='bbox 1632 5204 1700 5259; x_wconf 80' lang='lat' dir='ltr'>baec</span> <span class='ocrx_word' id='word_1_746' title='bbox 1709 5208 1773 5260; x_wconf 90' lang='lat' dir='ltr'>tam</span> <span class='ocrx_word' id='word_1_747' title='bbox 1788 5218 1850 5261; x_wconf 87' lang='lat' dir='ltr'>con·</span> 
     </span>
     <span class='ocr_line' id='line_1_56' title="bbox 136 5293 1849 5370; baseline -0.004 -15"><span class='ocrx_word' id='word_1_748' title='bbox 136 5303 243 5367; x_wconf 90' lang='lat' dir='ltr'>autem,</span> <span class='ocrx_word' id='word_1_749' title='bbox 260 5298 347 5369; x_wconf 89' lang='lat' dir='ltr'>quasi</span> <span class='ocrx_word' id='word_1_750' title='bbox 363 5299 552 5354; x_wconf 88' lang='lat' dir='ltr'>Deuslaudet</span> <span class='ocrx_word' id='word_1_751' title='bbox 567 5299 596 5353; x_wconf 90' lang='lat' dir='ltr'>in</span> <span class='ocrx_word' id='word_1_752' title='bbox 611 5298 766 5354; x_wconf 88' lang='lat' dir='ltr'>sacerdote</span> <span class='ocrx_word' id='word_1_753' title='bbox 778 5298 855 5369; x_wconf 91' lang='lat' dir='ltr'>quod</span> <span class='ocrx_word' id='word_1_754' title='bbox 867 5314 967 5370; x_wconf 90' lang='lat' dir='ltr'>repre·</span> <span class='ocrx_word' id='word_1_755' title='bbox 1024 5296 1236 5363; x_wconf 87' lang='lat' dir='ltr'>sonantissima</span> <span class='ocrx_word' id='word_1_756' title='bbox 1258 5298 1430 5351; x_wconf 89' lang='lat' dir='ltr'>sanctorum</span> <span class='ocrx_word' id='word_1_757' title='bbox 1450 5295 1571 5351; x_wconf 87' lang='lat' dir='ltr'>Petrum</span> <span class='ocrx_word' id='word_1_758' title='bbox 1589 5293 1849 5350; x_wconf 75' lang='lat' dir='ltr'>constitutionibus</span> 
     </span>
     <span class='ocr_line' id='line_1_57' title="bbox 136 5380 1850 5460; baseline -0.005 -15"><span class='ocrx_word' id='word_1_759' title='bbox 136 5389 238 5445; x_wconf 91' lang='lat' dir='ltr'>hendit</span> <span class='ocrx_word' id='word_1_760' title='bbox 251 5389 281 5443; x_wconf 89' lang='lat' dir='ltr'>in</span> <span class='ocrx_word' id='word_1_761' title='bbox 297 5387 397 5457; x_wconf 90' lang='lat' dir='ltr'>divite,</span> <span class='ocrx_word' id='word_1_762' title='bbox 406 5387 584 5443; x_wconf 89' lang='lat' dir='ltr'>amiciuntur</span> <span class='ocrx_word' id='word_1_763' title='bbox 594 5387 820 5459; x_wconf 88' lang='lat' dir='ltr'>peregrinorum</span> <span class='ocrx_word' id='word_1_764' title='bbox 828 5386 968 5460; x_wconf 89' lang='lat' dir='ltr'>pellibus,</span> <span class='ocrx_word' id='word_1_765' title='bbox 1023 5400 1093 5442; x_wconf 86' lang='lat' dir='ltr'>esse</span> <span class='ocrx_word' id='word_1_766' title='bbox 1108 5384 1308 5456; x_wconf 87' lang='lat' dir='ltr'>perpenditur,</span> <span class='ocrx_word' id='word_1_767' title='bbox 1323 5384 1356 5439; x_wconf 89' lang='lat' dir='ltr'>ut</span> <span class='ocrx_word' id='word_1_768' title='bbox 1369 5384 1396 5438; x_wconf 89' lang='lat' dir='ltr'>ai</span> <span class='ocrx_word' id='word_1_769' title='bbox 1411 5383 1459 5438; x_wconf 83' lang='lat' dir='ltr'>vel</span> <span class='ocrx_word' id='word_1_770' title='bbox 1475 5398 1492 5437; x_wconf 91' lang='lat' dir='ltr'>a</span> <span class='ocrx_word' id='word_1_771' title='bbox 1506 5381 1628 5437; x_wconf 88' lang='lat' dir='ltr'>Nicaena</span> <span class='ocrx_word' id='word_1_772' title='bbox 1652 5382 1701 5436; x_wconf 87' lang='lat' dir='ltr'>vel</span> <span class='ocrx_word' id='word_1_773' title='bbox 1725 5380 1850 5454; x_wconf 82' lang='lat' dir='ltr'>qnalibet</span> 
     </span>
     <span class='ocr_line' id='line_1_58' title="bbox 137 5468 1851 5550; baseline -0.007 -15"><span class='ocrx_word' id='word_1_774' title='bbox 137 5485 176 5550; x_wconf 90' lang='lat' dir='ltr'>et,</span> <span class='ocrx_word' id='word_1_775' title='bbox 191 5478 305 5534; x_wconf 88' lang='lat' dir='ltr'>relictis</span> <span class='ocrx_word' id='word_1_776' title='bbox 325 5478 389 5533; x_wconf 90' lang='lat' dir='ltr'>suis</span> <span class='ocrx_word' id='word_1_777' title='bbox 414 5476 634 5532; x_wconf 87' lang='lat' dir='ltr'>cathedralibus</span> <span class='ocrx_word' id='word_1_778' title='bbox 654 5474 803 5544; x_wconf 89' lang='lat' dir='ltr'>ecclesiis,</span> <span class='ocrx_word' id='word_1_779' title='bbox 820 5476 967 5531; x_wconf 87' lang='lat' dir='ltr'>assistunt</span> <span class='ocrx_word' id='word_1_780' title='bbox 1023 5468 1783 5544; x_wconf 80' lang='lat' dir='ltr'>etiamuniversaliumsynodorumpromulgaretur,</span> <span class='ocrx_word' id='word_1_781' title='bbox 1798 5480 1851 5525; x_wconf 91' lang='lat' dir='ltr'>non</span> 
     </span>
     <span class='ocr_line' id='line_1_59' title="bbox 136 5561 1852 5640; baseline -0.006 -17"><span class='ocrx_word' id='word_1_782' title='bbox 136 5566 375 5640; x_wconf 88' lang='lat' dir='ltr'>imperatoribus,</span> <span class='ocrx_word' id='word_1_783' title='bbox 402 5582 469 5620; x_wconf 93' lang='lat' dir='ltr'>cum</span> <span class='ocrx_word' id='word_1_784' title='bbox 484 5581 615 5621; x_wconf 88' lang='lat' dir='ltr'>canones</span> <span class='ocrx_word' id='word_1_785' title='bbox 638 5564 765 5635; x_wconf 87' lang='lat' dir='ltr'>Spiritus</span> <span class='ocrx_word' id='word_1_786' title='bbox 791 5563 843 5618; x_wconf 86' lang='lat' dir='ltr'>Dei</span> <span class='ocrx_word' id='word_1_787' title='bbox 859 5564 969 5620; x_wconf 87' lang='lat' dir='ltr'>conditi</span> <span class='ocrx_word' id='word_1_788' title='bbox 1023 5565 1122 5618; x_wconf 89' lang='lat' dir='ltr'>minus</span> <span class='ocrx_word' id='word_1_789' title='bbox 1131 5562 1242 5633; x_wconf 88' lang='lat' dir='ltr'>Spiritu</span> <span class='ocrx_word' id='word_1_790' title='bbox 1255 5561 1307 5615; x_wconf 87' lang='lat' dir='ltr'>Dei</span> <span class='ocrx_word' id='word_1_791' title='bbox 1320 5577 1375 5630; x_wconf 89' lang='lat' dir='ltr'>per</span> <span class='ocrx_word' id='word_1_792' title='bbox 1385 5562 1510 5616; x_wconf 87' lang='lat' dir='ltr'>istorum</span> <span class='ocrx_word' id='word_1_793' title='bbox 1521 5575 1582 5628; x_wconf 87' lang='lat' dir='ltr'>ora,</span> <span class='ocrx_word' id='word_1_794' title='bbox 1596 5573 1687 5631; x_wconf 88' lang='lat' dir='ltr'>quam</span> <span class='ocrx_word' id='word_1_795' title='bbox 1703 5572 1761 5630; x_wconf 89' lang='lat' dir='ltr'>per</span> <span class='ocrx_word' id='word_1_796' title='bbox 1776 5571 1852 5614; x_wconf 85' lang='lat' dir='ltr'>eam-</span> 
     </span>
     <span class='ocr_line' id='line_1_60' title="bbox 136 5646 1852 5730; baseline -0.008 -15"><span class='ocrx_word' id='word_1_797' title='bbox 136 5657 312 5730; x_wconf 89' lang='lat' dir='ltr'>prohibeaut</span> <span class='ocrx_word' id='word_1_798' title='bbox 333 5656 489 5728; x_wconf 85' lang='lat' dir='ltr'>pontifices</span> <span class='ocrx_word' id='word_1_799' title='bbox 514 5653 619 5724; x_wconf 90' lang='lat' dir='ltr'>palatia</span> <span class='ocrx_word' id='word_1_800' title='bbox 643 5654 725 5725; x_wconf 90' lang='lat' dir='ltr'>regis</span> <span class='ocrx_word' id='word_1_801' title='bbox 750 5652 842 5720; x_wconf 87' lang='lat' dir='ltr'>adire,</span> <span class='ocrx_word' id='word_1_802' title='bbox 864 5653 917 5707; x_wconf 87' lang='lat' dir='ltr'>sed</span> <span class='ocrx_word' id='word_1_803' title='bbox 943 5654 970 5708; x_wconf 92' lang='lat' dir='ltr'>si</span> <span class='ocrx_word' id='word_1_804' title='bbox 1024 5652 1090 5706; x_wconf 93' lang='lat' dir='ltr'>dem</span> <span class='ocrx_word' id='word_1_805' title='bbox 1100 5650 1212 5721; x_wconf 90' lang='lat' dir='ltr'>prolata</span> <span class='ocrx_word' id='word_1_806' title='bbox 1223 5649 1401 5704; x_wconf 88' lang='lat' dir='ltr'>crederetur.</span> <span class='ocrx_word' id='word_1_807' title='bbox 1413 5646 1688 5718; x_wconf 89' lang='lat' dir='ltr'>Hocquippedocet</span> <span class='ocrx_word' id='word_1_808' title='bbox 1698 5646 1852 5703; x_wconf 79' lang='lat' dir='ltr'>huncesse</span> 
     </span>
    </p>
   </div>
   <div class='ocr_carea' id='block_1_7' title="bbox 0 0 1981 6112">
    <p class='ocr_par' dir='ltr' id='par_1_7' title="bbox 0 0 1981 6112">
     <span class='ocr_line' id='line_1_61' title="bbox 0 0 1981 6112; baseline 0 0"><span class='ocrx_word' id='word_1_809' title='bbox 0 0 1981 6112; x_wconf 95' lang='lat' dir='ltr'> </span> 
     </span>
    </p>
   </div>
  </div>
 </body>
</html>
