3908 6112
117 325 174 391 eta

440 525 567 581 CAPUT
588 527 622 581 V.

119 633 264 698 Quomodo
290 632 465 688 Bernardus
494 632 595 687 Danas
627 633 782 688 consilium
815 632 951 706 lingonis

152 703 270 776 Magni,
286 704 362 776 quod
379 703 527 759 Ludovico
542 709 644 758 contra
660 705 883 760 Nortlimonnos
898 706 951 760 de-

152 775 255 844 derat,
273 775 428 846 sapienter
443 774 632 829 adnihilavit.

149 862 354 918 considerans
368 866 466 919 nutem
490 863 661 918 Ludovieus
677 878 731 918 rex
746 867 845 918 votum
864 880 951 920 suum

116 952 232 1006 'tritum
253 950 331 1022 iore,
356 951 393 1006 ab
409 951 535 1023 Hugone
553 951 662 1023 Magno
677 967 731 1021 per
746 953 861 1025 legatos
877 969 950 1008 suos

117 1042 220 1096 maore
237 1039 307 1094 tidei
317 1040 405 1110 coepit
414 1055 480 1094 cum
492 1041 623 1112 exigere.
640 1040 771 1094 Caicum
785 1042 950 1096 renuntias·

119 1131 193 1194 sent,
212 1143 399 1200 nequaquam
421 1128 478 1182 sub
498 1144 585 1183 manu
609 1144 697 1200 quam
720 1130 891 1200 suspicatus
906 1133 952 1184 est

118 1233 184 1274 aum
199 1217 307 1286 teneri,
317 1216 371 1271 sed
382 1217 439 1271 sub
454 1217 600 1271 Bernardi
611 1217 844 1273 Silvanectensis
860 1219 952 1273 comi-

118 1307 155 1361 tis
169 1306 331 1376 praesidi03
348 1305 383 1360 de
399 1305 562 1360 redditione
573 1304 641 1376 ejus
657 1305 806 1375 diflidens,
822 1307 903 1361 misit
915 1307 952 1361 ad

118 1393 306 1465 arnulphum
329 1392 553 1463 Flandrensem,
570 1394 716 1449 mandans
730 1395 808 1466 quod
828 1396 888 1449 sibi
903 1410 951 1450 oc·

119 1486 252 1538 curreret
267 1482 406 1552 festinus,
423 1482 460 1537 de
478 1482 525 1536 his
550 1483 742 1539 consulturus
762 1484 839 1554 apud
853 1485 952 1538 vicum

117 1571 165 1643 qui
180 1571 291 1625 dicitur
315 1571 499 1626 Restibulus.
518 1570 574 1626 Ubi
591 1570 660 1626 dum
681 1572 766 1627 ambo
782 1573 892 1642 pariter
906 1572 952 1626 di-

118 1674 207 1714 verse
223 1659 424 1730 disceptarent
438 1675 529 1728 super
538 1659 630 1730 hujus
642 1660 684 1714 rei
696 1675 779 1730 casu,
789 1661 953 1716 novissime

118 1747 277 1803 subintulit
300 1747 474 1817 Arnulpbus
491 1763 497 1802 :
515 1769 526 1793 «ι
548 1748 703 1816 Νονίηιιιε,
721 1749 769 1817 ait,
796 1749 952 1821 Hugonem

318 324 534 390 HISTORIAE
547 326 940 393 NORTHMANNORUM
958 328 1068 393 blBRI
1082 330 1206 394 OGTO.
1227 363 1266 378 -
1277 330 1406 394 LIBER
1420 331 1633 404 QUARTUS.

1776 330 1836 392 814

963 513 1238 585 fi'sitvanectensis
1254 531 1435 586 Richardum
1452 547 1538 586 suum
1548 536 1703 601 nepotem,
1718 531 1837 587 nosuti-

1007 634 1074 674 uam
1088 621 1219 690 tempore
1234 620 1324 693 longo
1344 621 1507 675 habeamus
1530 622 1558 674 te
1581 621 1729 674 dominum
1745 621 1774 674 et
1787 636 1837 674 re·

1007 706 1092 780 geml
1119 709 1233 763 Revera
1260 710 1406 764 exitiabile
1426 711 1477 763 tibi
1503 709 1659 763 consilium
1682 708 1770 779 dedit,
1787 709 1839 780 qui

1007 797 1097 851 totius
1113 797 1336 852 Northmannici
1351 799 1499 852 exercitus
1515 798 1607 852 robur
1621 797 1754 851 amittere
1766 812 1839 851 sua·

1009 885 1057 940 sit.
1074 884 1165 950 Quem
1185 901 1255 941 vero
1270 887 1457 941 inimicorum
1474 902 1532 941 non
1546 885 1697 940 valuisses
1712 888 1837 956 terrere,

1009 974 1217 1030 robustissima
1241 974 1360 1029 illorum
1373 976 1506 1030 virtute?
1527 974 1599 1030 Sunt
1620 974 1708 1043 enim,
1725 976 1756 1027 ut
1771 988 1838 1045 noa,

1009 1065 1058 1119 tuo
1074 1063 1202 1118 dominio
1219 1063 1358 1135 subjecti,
1373 1064 1426 1117 tibi
1441 1063 1564 1117 militare
1585 1063 1737 1131 cupientes
1750 1062 1840 1118 corde

1009 1152 1129 1208 volenti.
1145 1151 1241 1217 Quare
1256 1168 1327 1225 ergo
1348 1153 1451 1224 viginti
1473 1152 1603 1207 millibus
1619 1152 1794 1206 bellatorum
1811 1152 1841 1206 in

1010 1255 1065 1296 nos
1081 1241 1199 1295 armasti
1217 1241 1374 1312 Hugonein
1386 1244 1467 1295 tuum
1483 1241 1657 1294 inimicum?
1672 1239 1777 1294 Nonne
1788 1238 1842 1293 tibi

1012 1345 1130 1401 semper
1144 1329 1209 1400 ipse
1224 1330 1360 1384 intensus
1376 1330 1501 1397 exstitit,
1520 1334 1547 1383 et
1562 1329 1663 1383 contre
1678 1331 1704 1382 te
1719 1327 1841 1383 assidue

1012 1420 1146 1474 rixetur?
1164 1442 1174 1466 ι
1193 1419 1248 1472 His
1271 1421 1299 1473 et
1314 1417 1486 1490 hujusmodi
1506 1432 1559 1471 rex
1581 1416 1712 1485 placatus
1726 1415 1839 1486 verbis,

1011 1524 1077 1562 cum
1091 1507 1279 1563 testinatione
1294 1506 1415 1578 Hugoni
1428 1505 1536 1576 Magno
1551 1504 1667 1576 legatos
1681 1504 1778 1571 mittit,
1791 1503 1841 1573 qui

1009 1614 1076 1653 eum
1092 1596 1267 1667 compellant
1278 1595 1388 1650 exinea
1408 1594 1679 1647 Nor-thmunnorum
1694 1592 1840 1663 terminia,

1009 1688 1036 1742 ei
1052 1686 1186 1758 dirigens
1201 1689 1229 1740 et
1244 1684 1308 1739 haec
1325 1700 1331 1739 :
1349 1683 1488 1738 stolidum
1507 1682 1625 1753 quidem
1641 1680 1703 1735 fore
1719 1680 1842 1735 tantuin

1009 1776 1084 1831 alius
1094 1778 1268 1846 potestatem
1279 1773 1398 1839 donare,
1415 1772 1524 1841 quibus
1539 1770 1576 1824 ad
1592 1770 1639 1823 sui
1655 1769 1843 1839 supplemen-

119 1835 263 1935 anm.
276 1851 343 1891 cum
358 1835 571 1934 N⁰r¹hm⁸¹²¹¹i⁸
588 1836 638 1891 diu
654 1837 775 1906 ffatim*
786 1842 814 1891 ⁰t
825 1838 890 1892 “¹⁰⁰
900 1852 952 1891 ‘³³¹'
969 1869 1069 1948 Btum
1082 1865 1181 1935 quieto
1192 1863 1262 1934 jure
1279 1861 1358 1916 nullo
1374 1860 1550 1914 adversante
1565 1855 1842 1929 possetpotiriQuo

116 1925 196 2024 Μή
211 1925 265 1978 ²¹¹„
275 1924 448 1979 munfflbus
460 1924 541 1979 illum
554 1940 717 1979 ⁶¹⁰aecm'
729 1924 864 2025 C⁰n⁰fd⁰
880 1941 952 1996 “3⁰
1009 1955 1111 2022 relato,
1128 1952 1215 2024 Ilugo
1232 1951 1358 2022 Magnus
1374 1948 1459 2002 valde
1473 1947 1669 2002 exacerbatus
1686 1944 1843 1998 celerrime

120 2027 145 2068 ⁰¹
159 2029 177 2066 ⁸
191 2012 331 2112 sequ‘fna
348 2029 445 2083 usque
461 2012 497 2066 ad
522 2029 602 2066 mam
618 2013 881 2068 N⁰rthm⁸¹¹⁰¹⁰um
897 2014 953 2067 (ω’
1009 2045 1145 2111 recessit,
1173 2041 1285 2095 omissa
1309 2039 1506 2109 expeditione,
1531 2035 1639 2090 milites
1662 2033 1806 2088 cohibens
1828 2049 1845 2087 a

119 2102 289 2199 catum'tspl
301 2101 578 2200 reservanffurbem
588 2101 871 2174 R⁰th⁰m³3⁰n⁸⁰m5
883 2117 953 2174 ‘³¹¹⁸'
1009 2129 1241 2187 Northmannica
1261 2128 1435 2181 vastatione.
1458 2126 1523 2179 Rex
1548 2124 1656 2178 etenim
1676 2121 1847 2192 aliquandiu

120 2193 217 2258 tenus,
236 2205 303 2258 epus
318 2190 605 2260 privatapuvaminc,
617 2191 734 2259 penitus
749 2194 874 2262 cogetur
888 2191 954 2245 haec
1011 2220 1087 2291 apud
1112 2219 1328 2288 Rothomagum
1350 2229 1470 2268 morans
1495 2213 1670 2282 praefecmm
1695 2208 1845 2264 commui

119 2293 193 2350 gens
211 2278 356 2346 pcrtidaa
377 2278 471 2347 patria
491 2279 584 2332 exire.
603 2303 613 2326 ι
639 2277 753 2343 Quibus
777 2279 878 2334 verbis
899 2295 953 2333 rex

119 2381 286 2437 persuasus
309 2365 447 2421 continuo
471 2381 525 2435 per
548 2381 635 2421 suum
658 2367 788 2438 legatum
812 2370 953 2422 convocat

122 2453 280 2526 Hugonem
296 2454 434 2525 Magnum
458 2454 494 2509 ed
510 2454 703 2526 colloquium,
721 2457 757 2509 ad
771 2455 872 2510 villam
887 2472 953 2527 quae

120 2542 228 2596 dicitur
237 2540 651 2612 Crux,juxtaCompendium.
662 2542 798 2607 Quocum
808 2545 951 2610 venisset,

116 2629 198 2685 etde
212 2630 331 2685 urbium
347 2645 402 2685 seu
427 2632 615 2686 comitatuum
630 2632 836 2686 distributione
851 2631 954 2686 audis-

114 2721 164 2773 set
179 2733 283 2790 regem
303 2718 465 2789 disputare,
482 2719 582 2773 maluit
607 2720 747 2791 perjurus
764 2719 875 2775 honore
890 2735 954 2773 am-

109 2805 214 2877 pliari,
240 2810 369 2860 caecatus
392 2808 566 2876 cupiditate,
591 2823 679 2878 quam
700 2824 755 2862 suo
785 2807 878 2861 amieo
900 2807 954 2862 lli-

110 2894 230 2950 ebardo
246 2895 333 2949 tidem
349 2894 554 2950 inconvulsam
569 2910 758 2951 conservare.
771 2896 955 2965 Quapropter

110 2999 135 3039 a
147 2982 217 3039 loco
233 2983 423 3051 recedentes,
436 2983 537 3054 jurata
553 2984 713 3038 adversum
732 2984 954 3039 Northmannos

109 3072 309 3144 expeditione
328 3075 357 3126 et
385 3073 421 3127 ab
444 3072 578 3143 utrisque
604 3073 738 3142 partibus
764 3072 955 3144 congregatis

1010 2309 1143 2381 proeieoit
1160 2305 1347 2375 Rodulphum
1358 2300 1670 2374 agnomentoTortam,
1685 2298 1735 2369 qui
1749 2296 1846 2352 vecti-

1012 2400 1088 2470 galia
1103 2395 1251 2451 annuatim
1274 2409 1291 2446 a
1311 2391 1439 2445 subditis
1462 2389 1609 2460 exigeret,
1627 2389 1654 2441 et
1671 2389 1729 2439 tota
1745 2385 1800 2438 hac
1815 2384 1846 2438 in

1010 2487 1161 2559 provincia
1173 2487 1242 2558 Jnra
1254 2499 1288 2538 ac
1303 2478 1442 2552 quaelibet
1454 2476 1577 2548 negocia
1588 2475 1770 2529 decerneret.
1782 2471 1846 2537 Quo

1010 2577 1136 2650 paganis
1147 2574 1287 2640 deterior,
1296 2566 1585 2626 cunctamonastcria
1595 2564 1632 2618 ub
1644 2565 1719 2633 ipsis
1728 2564 1845 2633 exuste,

1011 2683 1077 2738 quoe
1094 2666 1173 2719 circa
1186 2662 1331 2734 Sequanae
1348 2659 1444 2711 littora
1462 2658 1555 2721 erant,
1573 2653 1695 2707 diruens
1711 2667 1727 2704 a
1742 2650 1846 2705 lunda-

1011 2755 1135 2822 mentiS,
1149 2753 1185 2807 ad
1201 2749 1393 2821 reparandam
1409 2745 1679 2813 ilothomagensem
1698 2740 1847 2794 civitatem

1012 2848 1122 2915 petram
1135 2840 1307 2911 aspostavit.
1316 2836 1359 2890 Ad
1369 2832 1580 2889 Gemmeticum
1588 2845 1733 2885 varocum
1745 2844 1848 2883 acces·

1013 2933 1114 2999 sisset,
1126 2930 1242 2984 Sanctae
1253 2926 1354 2980 itteriee
1368 2921 1578 2977 monasterium
1589 2919 1708 2984 invasit,
1716 2917 1847 2985 illudque

1012 3021 1125 3075 evertit.
1137 3017 1220 3083 Quod
1236 3033 1251 3068 a
1272 3011 1470 3069 fundamentis
1482 3007 1614 3062 funditus
1631 3005 1773 3059 diruisset
1787 3003 1847 3056 nisi

1013 3109 1130 3181 quidam
1146 3106 1272 3160 clericus
1282 3103 1398 3156 numine
1413 3099 1549 3153 Clemens
1565 3096 1601 3149 ab
1613 3092 1756 3163 operariis
1773 3090 1847 3145 dues

109 3161 312 3230 exercitibus
321 3176 374 3216 rex
384 3160 608 3233 Caluina,Hugo
618 3160 795 3233 Baiocasina
804 3163 957 3232 coeperunt
1012 3202 1111 3252 turres
1126 3195 1220 3264 presto
1243 3190 1441 3255 redemisse,3
1462 3202 1528 3256 quae
1550 3198 1646 3253 usque
1671 3181 1707 3235 ,d
1731 3183 1847 3248 ,empus

110 3250 232 3320 “pm
253 3249 437 3304 etinoendiis
453 3265 626 3320 ⁰ppu3n⁸r⁰
636 3251 794 3304 mmm·
807 3249 877 3314 ΟΜ
890 3264 955 3303 ⁰⁰¹⁰
974 3238 1135 3341 clloberti
1150 3278 1375 3351 archiepiscopi,
1392 3277 1442 3347 qui
1453 3275 1533 3328 illem
1552 3269 1730 3327 restauravit
1749 3267 1847 3323 eecle-

110 3337 292 3394 Bcrnardue
305 3338 406 3393 Dauus
418 3338 583 3407 didicisset,
592 3338 735 3395 Bernardi
751 3337 955 3391 silvanecten-

111 3428 161 3482 sis
177 3441 256 3481 usus
267 3427 404 3495 consilio,
417 3426 572 3481 confestim
582 3427 696 3498 legatos
710 3426 812 3497 dirigit
826 3425 891 3497 regi
899 3425 956 3480 Lu·

113 3514 236 3581 device,
260 3513 432 3586 hujusmodi
451 3515 553 3569 verbis
577 3514 710 3569 eruditus
729 3531 734 3568 :
755 3536 766 3562 ι
787 3512 892 3579 Quare,
910 3515 956 3568 in·
1033 3564 1037 3571 .

114 3603 235 3675 quiunt,
262 3604 530 3674 praepotentissime
546 3619 615 3672 rex,
640 3605 719 3657 tuam
734 3602 886 3656 demoliris
901 3617 956 3673 pa-

119 3691 226 3761 triam3
247 3691 414 3761 praesertim
430 3707 496 3746 cum
512 3691 550 3745 sit
563 3691 616 3746 tibi
631 3690 712 3745 nullo
727 3690 890 3746 obsistente
907 3704 957 3759 pa·

121 3779 205 3834 citica
220 3783 249 3835 et
265 3781 389 3851 quietat
413 3779 532 3835 Desiste
551 3795 622 3851 ergo
638 3795 654 3833 a
669 3783 787 3834 tuorum
802 3777 913 3848 rapinis
928 3782 957 3833 et

124 3871 203 3924 utere
227 3869 502 3923 Northmannorum
517 3867 641 3922 militum
657 3867 778 3922 militiis.
797 3867 859 3922 Cur
878 3867 956 3921 enim

127 3970 174 4012 eos
188 3957 310 4012 vexaris
324 3956 480 4026 incendiis,
496 3972 562 4011 cum
573 3957 625 4011 tibi
641 3956 739 4027 patula
754 3955 793 4010 sit
808 3955 882 4010 urbs
894 3956 956 4010 Ro-

129 4043 352 4117 tbomagensist
362 4045 734 4116 suscipeigiturbcnevolo
745 4045 843 4099 animo
854 4058 957 4098 eorum

76 4204 78 4209 Α
132 4135 254 4200 servitia,
273 4138 304 4188 ut
319 4147 414 4205 queas
429 4133 546 4189 illorum
562 4133 697 4188 subsidio
711 4134 804 4188 vitare
820 4132 956 4187 inimico-

76 4222 79 4293 ᾗ
131 4234 186 4278 nm
199 4222 364 4278 molimina.
382 4244 393 4271 ι

442 4327 568 4382 CAPUT
588 4327 635 4382 vl.

136 4414 204 4482 Quod
218 4416 389 4473 Ludovieus
413 4415 621 4486 Rotlromapum
652 4415 776 4471 veniens
803 4420 958 4485 susceptus

159 4494 203 4543 est
217 4505 234 4543 a
249 4487 410 4543 Bernardo
424 4486 506 4541 Dauo
519 4492 549 4541 et
564 4487 685 4541 caeteris
700 4485 827 4553 civibus,
845 4492 873 4540 ct
885 4484 960 4556 quod

160 4560 223 4631 ejua
241 4558 379 4631 iussione
396 4557 480 4628 Hupo
494 4557 622 4629 Magnus
638 4558 769 4612 cessavit
787 4573 802 4610 a
819 4557 959 4611 devasta-

161 4629 239 4685 tione
257 4629 492 4683 Nortlrmannne.

76 4700 80 4755 Ι
162 4716 222 4772 Hac
235 4718 338 4787 itaque
354 4716 501 4788 legatione
526 4717 632 4787 oppido
649 4716 840 4781 exhilaratus,
856 4715 960 4784 prohi-

76 4790 78 4797 ’
136 4799 193 4861 bitis
207 4822 224 4860 a
239 4804 505 4876 praedamilitibuS,
518 4804 636 4860 festinat
651 4805 737 4858 iread
753 4804 857 4858 urbem
868 4818 960 4874 quan·

76 4892 78 4943 i
135 4891 229 4948 ocius.
240 4892 298 4949 Cui
313 4893 441 4948 venienti
457 4908 525 4948 cum
533 4892 714 4948 multimodis
725 4892 863 4946 laudibus
873 4907 961 4946 cunc·

136 4980 175 5036 tus
199 4981 332 5037 civitatis
356 4980 454 5036 clerus
479 4981 515 5036 ad
537 4986 649 5052 portam
670 4980 819 5051 processit
838 4980 958 5044 obvius;

134 5067 257 5127 alamans
274 5085 341 5124 cum
355 5071 530 5139 populorum
550 5070 655 5123 turmis
677 5068 883 5122 :Benedictus
907 5068 957 5139 qui

139 5159 211 5216 venit
225 5158 384 5213 innomine
398 5156 525 5213 Domini.
541 5157 611 5212 lude
626 5172 680 5211 rex
694 5157 730 5211 ad
741 5157 859 5229 regales
874 5171 956 5210 acce

132 5243 201 5304 dena
217 5246 311 5318 dapes
325 5247 413 5317 coepit
421 5246 534 5317 epulari
545 5244 865 5317 splendide,Bernardo
876 5246 956 5299 Dauo

132 5334 326 5391 ministrante.
341 5333 395 5389 Cui
418 5335 495 5389 inter
516 5334 719 5405 prandendum
739 5335 807 5388 vino
821 5333 882 5405 jam
897 5348 958 5388 ees·

125 5423 219 5478 wanti
234 5423 279 5476 sic
294 5422 464 5477 Bernardus
479 5423 533 5478 ait:
548 5445 559 5469 «ι
574 5422 678 5492 Hodie,
691 5423 884 5477 serenissime
895 5437 958 5491 rex,

128 5509 303 5565 lectissimus
325 5510 420 5566 illuxit
444 5511 531 5566 nobis
556 5512 630 5580 dies,
655 5512 793 5582 quoniam
814 5510 957 5580 coepimus

125 5615 195 5655 esse
215 5599 347 5671 regales.
366 5599 515 5656 Hactenus
530 5600 720 5654 militavimus
736 5598 819 5668 duci,
835 5599 959 5653 ulterius

120 5689 292 5745 serviemus
301 5687 498 5745 invictissimo
507 5689 580 5762 regi.
594 5688 704 5744 Teneat
715 5688 773 5743 sibi
783 5686 957 5744 Bernardus

1014 3376 1099 3443 siam,
1114 3371 1341 3442 permenserunt
1358 3365 1490 3420 stabiles.
1508 3362 1601 3434 Igitur
1611 3375 1673 3425 rex,
1687 3356 1847 3414 adlihitum

1015 3462 1141 3534 expletis
1155 3461 1258 3524 rebus,
1273 3456 1409 3528 gaudens
1423 3451 1592 3524 regreditur
1606 3448 1791 3503 Laudunum.

1328 3561 1454 3618 CAPUT
1475 3558 1534 3612 VII.

1016 3676 1161 3744 Quomodo
1176 3672 1325 3728 industria
1334 3666 1487 3724 Bernardi
1497 3662 1583 3728 Dani,
1595 3664 1702 3734 egente
1717 3657 1850 3714 Heroldo

1049 3763 1122 3819 rege
1137 3746 1295 3806 Decorum,
1311 3740 1478 3796 Ludovieus
1489 3752 1546 3791 rex
1553 3732 1735 3813 Francorum
1746 3734 1849 3800 captus

1052 3814 1280 3888 Rotbourapensi
1296 3812 1369 3867 urbe
1392 3809 1447 3866 sub
1463 3812 1544 3862 arcto
1567 3801 1698 3886 custodia
1713 3805 1851 3856 retentus

1050 3896 1105 3949 est.

1049 4000 1163 4053 Interea
1174 3989 1345 4048 Bernurdns
1356 3987 1456 4042 [tanus
1472 3987 1607 4040 metuens
1616 3999 1653 4038 ne
1661 3983 1692 4036 in
1703 3995 1849 4053 regressu

1014 4086 1316 4143 Ludovieusrexcum
1324 4070 1848 4148 HugoneduceNorthmannospres-

1015 4155 1851 4246 surisgravioribusopprinrcret,HeroldoDanorumregi

1014 4242 1847 4334 adhucapudGhierisburchdegentilegatosmittitclem;

1015 4353 1159 4411 mandans
1171 4353 1212 4419 ut,
1227 4346 1348 4403 sociatis
1365 4342 1424 4397 sibi
1442 4334 1752 4396 constantiniensibus
1761 4334 1848 4403 atque

1015 4439 1203 4514 Bajocasinis
1214 4429 1548 4502 militibusexpeditione
1559 4423 1849 4493 terrestri,ipsecum

1015 4532 1130 4588 hostica
1147 4530 1245 4582 classe
1263 4522 1478 4594 direptionibus
1489 4513 1848 4574 Northmanniamconcu·

975 4595 1003 4660 ὓ
1015 4623 1089 4677 teret
1099 4635 1115 4673 a
1126 4617 1258 4688 partibus
1276 4612 1409 4667 marinis:
1426 4613 1581 4681 quotenus,
1592 4604 1684 4677 hujus
1700 4602 1742 4657 rei
1753 4599 1849 4673 gretia

1016 4709 1167 4765 Ludovico
1177 4719 1248 4776 rege
1264 4702 1301 4757 ad
1317 4699 1495 4770 colloquium
1511 4699 1612 4752 contra
1623 4708 1690 4749 eum
1700 4690 1849 4758 veniente,

1019 4800 1054 4853 de
1070 4795 1197 4851 inimicis
1207 4793 1355 4862 satageret
1366 4787 1508 4842 Willelmi
1517 4784 1602 4839 amici
1615 4783 1661 4837 sui
1673 4779 1850 4851 sanguinem

1017 4885 1180 4942 vindicare.
1192 4881 1285 4953 Cujus
1300 4877 1419 4933 monitis
1435 4891 1488 4930 rex
1498 4870 1850 4937 celerrimefavcns,pro·

1019 4974 1115 5045 pulsis
1128 4973 1163 5026 ad
1172 4985 1251 5025 mare
1262 4962 1617 5032 navibus‚subductisque
1628 4956 1849 5026 inaltumvelis,

1022 5062 1112 5117 circio
1124 5062 1209 5114 ssante
1220 5056 1365 5113 Gorbonis
1381 5053 1483 5107 salinae
1498 5050 1593 5103 littora
1601 5047 1721 5119 appulit,
1735 5062 1850 5118 quara-

1018 5153 1085 5222 pido
1102 5141 1498 5217 meatuseprocellosomari
1515 5140 1588 5193 Diva
1600 5136 1737 5192 infundit.
1749 5135 1851 5191 Enim·

1017 5256 1090 5296 vero
1116 5239 1192 5292 tama
1217 5235 1304 5289 solito
1321 5247 1402 5286 more
1427 5229 1531 5285 volans
1553 5228 1735 5283 Francorum
1760 5239 1849 5280 aurea

1017 5330 1097 5384 illico
1119 5324 1282 5398 percelluit,
1309 5334 1442 5392 paganos
1475 5319 1621 5373 maritima
1644 5318 1740 5372 littora
1762 5329 1849 5371 occu-

1017 5433 1107 5490 passe
1124 5431 1190 5470 cum
1214 5412 1331 5467 navium
1355 5408 1539 5464 multitudine
1563 5408 1657 5479 gravi.
1679 5403 1850 5460 Bernardus

1018 5509 1106 5562 ctiam
1122 5505 1222 5558 Dauus
1238 5505 1266 5556 et
1282 5499 1457 5569 liudulphus
1469 5499 1559 5552 Torta
1569 5497 1635 5567 regi
1650 5493 1800 5550 Ludovico
1811 5493 1850 5547 le·

1008 5600 1119 5668 ,gutum
1133 5592 1279 5647 miserunt
1301 5593 1329 5644 et
1348 5588 1439 5661 hujus
1455 5585 1607 5641 infortunii
1630 5584 1766 5638 eventum
1782 5580 1849 5634 inti·

1018 5684 1144 5739 marunt.
1159 5678 1361 5752 Qui,validum
1370 5691 1560 5750 congregans
1572 5672 1744 5738 exereitum,
1754 5681 1848 5738 quen-
