3908 6112
118 261 178 324 435
597 261 629 322 S.
650 259 878 326 ANSELMUS
895 259 1100 324 LUGENSIS
1116 259 1360 326 EPISCOPUS.
1775 265 1838 329 43⁶

119 476 356 533 quaeosaureum
365 477 439 531 papa
454 460 618 532 Gregorius
629 461 658 514 iu
673 459 864 531 Dialogorum
873 459 948 514 libro
962 442 991 504 Α
1004 462 1094 528 putet,
1112 458 1348 532 disputandoque
1359 461 1504 517 examinat
1521 462 1737 535 :sidiligeoter
1751 478 1837 534 qnae-

119 554 223 622 quarto
239 551 408 620 confirmem
427 566 493 620 quae
511 549 720 604 sanctissimus
736 548 862 619 cyrillus
878 563 950 602 cen·
1004 548 1103 615 sieris,
1126 548 1261 603 invenies
1276 550 1380 618 procul
1396 550 1495 618 dubio,
1512 554 1544 606 ut
1558 551 1628 621 dixi,
1644 566 1749 607 omues
1766 567 1838 607 con·

118 644 180 694 tum
195 640 409 710 quinquaginta
423 639 474 709 qui
497 639 526 691 in
542 638 660 707 Epheso
685 640 753 693 sunt
776 638 951 708 congregati
1003 636 1135 701 cordere,
1154 640 1182 691 et
1197 638 1365 692 nullatenus
1382 638 1565 694 discordare.
1584 641 1701 695 Revera
1716 640 1786 711 quia
1800 640 1838 697 ab

118 729 260 797 praedicat
276 745 281 782 :
298 743 364 797 quae
380 742 506 798 magnus
522 727 582 780 Leo
598 741 671 796 popa
687 727 717 779 in
733 740 871 779 sermone
887 740 951 794 sep
1002 725 1137 779 ubertate
1159 724 1266 779 doinus
1282 726 1398 781 Domini
1424 726 1623 799 inebriantur,
1640 728 1713 783 nibil
1728 728 1838 783 mirum

118 817 182 869 timi
198 816 309 870 mensis
324 816 472 885 disputat;
496 831 561 885 quae
585 815 692 868 ‹lii-inae
712 814 789 883 legis
804 814 950 883 interpres
1003 813 1028 866 si
1045 814 1147 867 cadem
1169 816 1270 868 sancte
1293 818 1322 869 ct
1345 831 1418 884 pure
1440 815 1550 871 mellito
1566 819 1684 888 gutture
1699 822 1838 873 eructare

120 905 318 974 Hieronymus
333 905 361 956 iu
372 905 555 972 expositione
572 903 666 956 Exodi
683 903 851 971 pronuntiat
863 918 871 969 ;
883 918 950 972 quae
1003 902 1178 971 gloriantur.
1197 900 1343 958 Caeterum
1358 904 1521 973 superbis,
1538 920 1604 975 quae
1619 909 1657 974 te,
1677 904 1775 975 Pater,
1786 906 1838 976 ju·

118 994 299 1047 venerabilis
323 992 401 1045 Beda
430 993 458 1044 in
482 1008 620 1045 sermone
646 1007 700 1045 suo
719 991 855 1055 verrtilat;
883 1007 949 1061 quae
1001 990 1088 1044 bento
1105 1006 1158 1061 pro
1176 1006 1238 1044 mea
1255 991 1512 1063 quantulacunque
1524 992 1703 1062 facultatula,
1715 998 1837 1065 pectore

119 1082 301 1136 Paschasius
323 1081 368 1134 vir
392 1080 556 1135 catholicus
581 1080 616 1134 de
641 1080 744 1133 codem
761 1083 949 1133 sacramento
1002 1079 1088 1148 pleno
1104 1078 1230 1149 fiduciae,
1243 1079 1314 1148 dixi,
1326 1081 1692 1136 humilliterobsecronon
1702 1083 1836 1155 mireris,

116 1171 266 1240 clarificat,
284 1185 351 1240 qum
371 1170 400 1223 iu
415 1169 490 1223 libro
509 1170 544 1222 dc
561 1168 669 1223 Verbis
689 1167 819 1235 Domini,
837 1183 904 1238 quae
919 1167 949 1220 in
1002 1168 1164 1238 sigarrula
1184 1168 1438 1223 Aristotelicorum
1461 1170 1509 1224 vel
1523 1168 1766 1241 Cripsippeorum
1783 1188 1835 1225 ar-

41 1296 49 1312 .
113 1260 297 1328 expositione
312 1258 435 1312 loannis
446 1256 786 1328 evangelisteasermone
797 1257 947 1325 vigesimo
1002 1260 1140 1327 gumeuta
1162 1257 1314 1325 trutinare,
1338 1259 1384 1311 vel
1417 1258 1587 1312 exilumine
1612 1258 1836 1316 Tullianoeelo·

114 1351 208 1418 sexto,
226 1363 292 1417 quae
307 1348 336 1400 in
353 1347 454 1399 Natale
471 1346 670 1412 Innocentum,
687 1361 753 1415 quae
765 1345 794 1397 in
810 1345 898 1412 epist,
913 1344 946 1397 ad
1001 1345 1130 1415 quentiae
1145 1345 1274 1398 rivulum
1290 1346 1411 1415 ducere,
1426 1362 1485 1400 non
1502 1346 1661 1416 perpendis
1678 1362 1684 1401 :
1702 1347 1757 1402 sed
1772 1363 1836 1404 me-

116 1436 493 1505 Bonitaciumepiscopum,
510 1436 615 1505 qrraein
631 1434 705 1486 libro
717 1438 820 1504 quarto
837 1434 873 1486 dc
884 1433 949 1486 doc·
1002 1436 1098 1487 mento
1114 1433 1182 1502 quia
1198 1433 1372 1502 simpliciter
1386 1433 1501 1489 tructus
1516 1435 1665 1505 carpimus
1680 1436 1710 1489 in
1727 1436 1836 1492 divinae

114 1525 190 1578 trina
206 1524 383 1592 Christiana,
400 1527 428 1576 et
452 1539 518 1593 quae
534 1523 563 1575 in
577 1521 726 1592 trigesimi
750 1521 827 1574 tertii
842 1520 948 1590 psalmi
1002 1521 1118 1591 paginae
1134 1520 1261 1590 bertulo,
1275 1537 1400 1592 quorum
1414 1522 1531 1578 radices
1543 1523 1673 1595 gloriose
1683 1524 1751 1578 fixae
1767 1527 1837 1580 suot

113 1614 196 1668 titulo
211 1613 371 1683 praedictus
385 1613 474 1666 Pater
485 1611 671 1681 ,triguc'itvts
684 1609 878 1663 examinando
890 1609 950 1663 dis·
1001 1609 1031 1662 in
1047 1608 1131 1663 coelo.
1149 1608 1230 1663 Vale.

772 2023 860 2066 ΑΝΝΟ
881 2021 996 2066 neuim
1010 2018 1160 2065 MLXXXV.

326 2194 886 2374 sumeres
954 2126 1613 2375 unanimes

744 2503 948 2568 LUcENsls
968 2504 1215 2570 EPISCOPUS.

524 2746 713 2858 nomme⁴
741 2782 996 2852 mammea
1019 2784 1080 2853 ΕΤ
1104 2785 1408 2860 circensem.

569 2951 713 3032 (oudin,
734 2950 900 3012 Commeat
914 2947 955 3009 de
970 2945 1096 3031 Seript.
1112 2951 1224 3017 eccles.
1240 2952 1282 3032 11,
1299 2953 1384 3034 ⁷40.)

146 3174 176 3229 S.
191 3171 353 3227 anselmus
364 3169 510 3223 Lucensis
527 3167 696 3236 episcopus,
709 3162 803 3232 patria
814 3161 945 3215 Mantua·
960 3136 988 3200 Β
1002 3175 1077 3230 quas
1092 3162 1841 3240 legito.PromiserathujusCollectioniseditionem

110 3264 375 3334 noe,dequoperce
386 3254 721 3312 admodumGuillelmus
731 3249 864 3305 Carusiu
876 3247 947 3302 His·
1004 3250 1200 3325 inSpicitegio
1210 3256 1409 3312 suodominus
1419 3257 1450 3312 S.
1462 3257 1840 3332 LucaeDacherius,quam

112 3354 187 3408 toria
207 3351 391 3421 Scriptorum
407 3342 730 3406 ecelesiasticorumed
748 3355 856 3394 anuum
871 3338 950 3397 1071,
1005 3356 1063 3394 non
1078 3342 1224 3412 praestitit,
1237 3345 1373 3414 opinatus
1384 3346 1485 3401 forsan
1495 3364 1560 3403 eam
1571 3363 1629 3403 non
1639 3349 1793 3418 pertinere
1804 3349 1847 3421 ed

114 3457 183 3513 pag.
195 3438 364 3494 dl'i.Hicab
374 3430 769 3503 Alexandropapasccundo,
782 3444 858 3483 auno
871 3426 950 3493 1073,
1004 3429 1178 3485 Anselmum
1189 3433 1364 3489 Lunensem.
1378 3435 1442 3491 Hoc
1449 3441 1545 3491 autem
1554 3452 1639 3507 opus,
1649 3436 1688 3492 ob
1703 3438 1839 3493 rationes

112 3527 260 3584 Lucensis
280 3527 311 3579 iu
329 3525 437 3578 Tuscia
448 3524 607 3593 episcopus
625 3519 731 3587 iactus,
748 3518 820 3571 etad
843 3516 952 3570 Henri·
1004 3519 1153 3575 aDaluzio
1174 3524 1287 3593 allatas,
1305 3523 1373 3577 olim
1387 3524 1459 3578 mibi
1473 3526 1628 3580 videbatur
1641 3541 1713 3580 esse
1727 3525 1839 3583 Hilde-

112 3608 809 3687 cumregemadconfirmationemimpetrandam
826 3605 949 3664 missus,
1005 3607 1086 3662 berti
1099 3609 1330 3667 Cerromanensis
1341 3614 1479 3684 episcopi,
1493 3613 1581 3684 cujus
1591 3614 1780 3684 temporibus
1791 3631 1843 3686 op·

117 3720 202 3776 aquo
212 3703 415 3757 investituram
423 3701 624 3770 perunnulum
634 3701 661 3751 ct
670 3696 807 3751 baculum
819 3697 952 3765 pastora-
1005 3697 1073 3751 time
1089 3700 1239 3769 convenit,
1264 3701 1314 3771 qui
1330 3704 1461 3756 tentasse
1476 3702 1586 3774 aliquid
1601 3703 1700 3757 simile
1715 3704 1838 3776 legitur,

113 3795 172 3849 lem
185 3794 307 3863 accepit.
317 3792 384 3844 lttox
395 3805 465 3843 vero
480 3788 548 3842 farti
560 3787 728 3857 poenitentia
739 3787 846 3839 etractus
856 3785 950 3838 baeu·
1004 3789 1032 3840 et
1046 3789 1095 3858 qui
1106 3789 1142 3841 ad
1155 3788 1265 3843 calcem
1276 3791 1375 3860 operis
1386 3791 1433 3846 sui
1443 3791 1692 3862 potuitadjecisse
1704 3792 1839 3848 Decreta

112 3874 949 3952 iumdeposuit,et,abdieatoepiscopatu,adCluniacense
1003 3874 1098 3946 aliqua
1114 3876 1279 3932 Innocentii
1294 3879 1426 3949 secundi,
1443 3896 1510 3951 quae
1524 3880 1554 3935 in
1564 3880 1717 3952 aliquibus
1728 3897 1841 3937 manu·

117 3968 476 4035 monesteriumsecessit,
488 3966 582 4020 donec
593 3981 608 4019 a
620 3965 766 4036 Gregorio
782 3963 833 4017 VII
849 3964 885 4016 ad
897 3961 950 4016 Ec·
1003 3964 1124 4034 scriptis
1138 3966 1175 4019 ad
1191 3966 1301 4021 calcem
1323 3967 1413 4038 napus
1428 3968 1616 4024 collectionis
1631 3969 1837 4026 invenientur.

115 4061 217 4117 etesiae
235 4060 369 4130 regimen
394 4060 561 4124 revocatus,
587 4069 662 4108 anno
688 4051 757 4107 1073
779 4051 947 4122 episcopale
1001 4052 1128 4116 Verum,
1145 4056 1318 4125 argumento
1334 4055 1439 4111 melius
1458 4072 1598 4127 expenso,
1622 4055 1841 4115 collectionem

115 4165 223 4204 munus
236 4147 361 4217 repetiit.
382 4148 468 4200 Anno
479 4144 549 4201 terr
565 4160 579 4197 a
595 4141 738 4214 Gregorio
753 4143 789 4195 ad
805 4140 946 4195 Mediola-
1000 4140 1268 4211 hancpostmodum
1278 4145 1418 4199 Auselmo
1426 4145 1555 4201 Lucensi
1562 4145 1705 4216 episcopo
1714 4146 1842 4219 dignam

114 4253 225 4294 nenses
240 4253 298 4291 una
312 4251 379 4291 cum
389 4233 516 4289 Geruldo
531 4234 672 4304 episeopo
687 4232 817 4287 Ostiensi
829 4232 945 4302 legatus
999 4244 1228 4300 germanamque
1246 4231 1381 4300 opinatus
1396 4248 1481 4298 sum;
1497 4236 1558 4288 tum
1582 4233 1650 4305 quia
1681 4234 1741 4290 hoc
1760 4251 1843 4308 opus

115 4330 170 4394 est,
188 4329 220 4380 ut
233 4340 286 4380 eos
298 4324 442 4379 Ecclesiae
454 4324 594 4378 Romanae
610 4322 716 4376 uniret.
735 4319 897 4375 Anuotoet
909 4320 945 4374 ab
998 4319 1149 4386 Anselmo,
1170 4319 1299 4374 maximo
1313 4319 1449 4392 Gregorii
1472 4321 1523 4375 Vll
1542 4321 1705 4392 defensori,
1722 4339 1845 4381 conve·

112 4416 216 4471 eodem
224 4412 472 4486 Gregorio,eujus
483 4415 584 4483 partes
600 4414 700 4465 contra
709 4410 944 4479 Henricomimp.
998 4405 1108 4474 nichel,
1124 4409 1184 4461 tum
1195 4407 1264 4477 quia
1279 4408 1326 4463 his
1336 4410 1519 4479 temporibus
1536 4411 1564 4464 in
1573 4410 1653 4465 ltalia
1669 4413 1757 4467 multi
1773 4413 1852 4470 cot-

113 4521 231 4560 summo
241 4503 329 4557 animi
339 4502 438 4556 studio
451 4502 686 4571 sempertutatus
697 4504 752 4568 est,
760 4500 845 4554 vices
856 4497 946 4569 legati
998 4493 1175 4549 lectionibus
1200 4510 1346 4551 canonum
1365 4496 1514 4569 ejusmodi
1538 4498 1734 4555 concinandis
1751 4517 1855 4556 vaca·-

113 4611 167 4666 per
182 4593 293 4648 ltaliam
317 4591 439 4660 acecpit,
460 4593 492 4644 ut
506 4605 609 4645 omnes
624 4590 661 4643 ab
681 4589 856 4658 imperatore
872 4585 945 4640 detl-
998 4582 1085 4652 bant,
1107 4586 1139 4636 ut
1154 4583 1316 4640 Deusdedit
1338 4589 1367 4640 et
1386 4586 1551 4660 Gregorius
1566 4586 1748 4658 presbyten
1775 4593 1855 4646 tum.

115 4684 228 4737 cientes
245 4682 274 4736 in
296 4679 440 4734 Ecclesiae
455 4679 600 4750 gremium
616 4678 770 4749 reciperet.
793 4676 833 4730 lta
848 4675 946 4730 Carus
999 4671 1126 4743 denique
1142 4672 1209 4743 quie
1234 4673 1383 4729 invenitur
1407 4676 1455 4729 illa
1475 4676 1506 4730 in
1527 4691 1601 4731 mss.
1625 4675 1787 4733 codicibus
1802 4678 1856 4734 sd.

113 4771 180 4827 loeo
196 4772 293 4825 citato.
304 4769 356 4822 Vir
371 4768 525 4823 sanctitate
536 4767 703 4822 etdoctrina
714 4766 944 4834 clarusscilieet,
999 4761 1131 4815 Anselmi
1143 4760 1233 4832 hujus
1252 4765 1366 4817 oetatem
1377 4764 1642 4819 accedentibuslta
1657 4765 1740 4820 enim
1749 4766 1870 4822 Bato*

113 4861 262 4915 maximus
276 4857 413 4930 Gregorii
429 4857 478 4911 Vll
497 4857 606 4911 summi
622 4855 771 4926 pontificis
788 4855 893 4924 tentor,
910 4853 945 4910 de
999 4849 1062 4903 nius
1081 4852 1206 4904 testatur
1229 4849 1258 4905 in
1273 4850 1445 4920 praelatione
1469 4867 1524 4906 sua
1544 4853 1580 4906 ed
1595 4853 1870 4912 emendationem

115 4948 377 5019 quoBellarminus
388 4950 416 5001 et
425 4945 684 5000 Labbeusinlibro
694 4944 737 4999 De
745 4942 946 5015 scriptoribus
959 4987 986 5052 c
998 4936 1139 5007 Gratiani,
1150 4953 1205 4992 seu
1215 4938 1250 4992 ad
1268 4941 1542 4996 commentationem
1557 4941 1703 4995 librorum
1713 4942 1865 4999 Antonii.

115 5033 945 5107 ecclcsiosticis;quibusaddoiumultiscodicibusmonu-
998 5025 1158 5097 Augustini
1167 5025 1425 5084 Deemendatione
1436 5028 1876 5099 Gracrauipumuesntiua»

114 5125 235 5195 scriptis
251 5125 399 5197 insignem
410 5122 573 5179 ascribiilli
584 5121 793 5178 collectionem
803 5137 944 5177 canonem
997 5131 1053 5188 ego
1062 5131 1156 5186 nuper
1179 5114 1321 5186 codicem,
1339 5118 1866 5191 eumqueoptimumatanequissie

121 5212 409 5282 ecelesiasticorum,
426 5229 515 5283 quam
538 5211 632 5266 habes
655 5211 887 5281 manuscriptam
915 5211 944 5265 in
996 5219 1085 5273 mam,
1101 5203 1246 5259 beneficio
1261 5205 1362 5273 optimi
1383 5206 1606 5277 doctissimique
1630 5206 1690 5261 viri
1719 5207 1833 5265 domini

111 5302 291 5358 bibliotheca
301 5301 398 5356 Sancti
417 5302 554 5356 Germani
570 5301 763 5369 parisiensis,
778 5301 864 5355 codd.
879 5299 942 5370 765,
995 5294 1085 5349 Lucae
1098 5293 1234 5347 Dacherii
1248 5298 1353 5348 nactus
1369 5310 1435 5348 sum
1446 5294 1671 5350 exbibliotheca
1686 5300 1853 5354 monaster

112 5391 175 5459 766,
194 5390 224 5444 in
250 5389 343 5461 Regia
364 5388 474 5443 Gallica
499 5393 527 5444 et
547 5391 576 5443 io
597 5389 759 5444 Barbariua
783 5385 896 5457 Homae',
913 5392 945 5444 nt
994 5382 1031 5436 rii
1046 5381 1144 5436 Sancti
1159 5380 1296 5436 Germani
1311 5382 1537 5453 Parisieueis,in
1553 5397 1716 5455 quoneque
1729 5386 1840 5443 titulus

113 5477 528 5547 traditStephanusDaluzius
547 5477 944 5549 inopusculoDeemcnda-
995 5474 1091 5525 lumen
1117 5471 1195 5525 ullus
1223 5473 1329 5539 exsilii,
1359 5486 1455 5543 neque
1484 5486 1591 5527 nomen
1615 5473 1764 5529 auctoris.
1782 5473 1845 5529 Hic

116 5569 196 5623 tione
213 5566 358 5631 Gratiani,
372 5567 449 5621 edito
461 5567 585 5621 Parisiis
597 5567 625 5620 in
636 5567 674 5634 8⁰,
690 5581 766 5618 anno
778 5563 855 5634 lere,
869 5566 945 5635 apud
996 5562 1091 5613 antem
1107 5558 1183 5613 liber
1196 5559 1233 5613 iis
1249 5575 1324 5629 iquos
1340 5560 1413 5614 vidit
1429 5560 1574 5616 Antonius
1590 5560 1784 5632 Augustinus
1798 5576 1838 5619 ex

114 5658 307 5713 Franciscum
327 5655 457 5729 Muguct.
477 5657 512 5711 Et
529 5656 658 5711 boetem
677 5657 706 5709 in
722 5654 893 5724 praelatione
908 5657 945 5710 ad
998 5663 1032 5701 00
1060 5649 1191 5716 vraestflt.
1221 5648 1299 5717 quod
1315 5648 1351 5702 ud
1373 5650 1487 5705 aetetem
1502 5646 1791 5722 Amelmi‘aecedit,
1806 5652 1836 5707 et

113 5751 255 5806 lectorem
274 5762 359 5819 num,
380 5744 413 5801 19
433 5762 521 5818 quam
540 5747 628 5802 etiam
642 5747 672 5801 in
694 5744 773 5802 notis
788 5759 855 5817 pag.
879 5744 941 5814 titt,
