3908 6112
110 277 187 347 1179
489 275 701 343 GAUFREDI
721 272 994 340 MALATERRAE
1022 269 1216 337 uoulcru
1240 270 1451 339 seductor
1754 276 1833 343 1180

110 485 267 553 asportare
295 481 390 550 nisus,
420 479 614 548 dispositione
631 494 683 531 sua
705 477 875 545 frustratus
891 490 941 528 ra·
956 456 981 510 Α
995 474 1093 530 minus
1107 474 1271 545 sufficiens,
1285 479 1313 531 ct
1324 477 1523 533 Romanorum
1534 476 1680 548 fraudem,
1694 478 1830 550 quamvis

112 589 186 627 cuus
203 572 286 626 redit.
304 570 379 623 Nam
393 569 495 623 fideles
512 568 638 635 comitis,
656 566 757 620 fraude
783 566 941 635 comperta,
996 565 1247 620 indeficientesilli
1259 566 1589 637 adessepromitterent,
1597 569 1824 639 pertimescens,

112 661 200 716 simul
216 659 437 726 convenientes,
454 657 600 711 hostiliter
614 656 802 709 accedentem
818 655 854 708 ab
870 655 944 723 ipsis
996 655 1200 708 cummaxime
1213 655 1313 710 dolore
1331 656 1420 708 animi
1433 656 1553 723 cedens,
1571 656 1653 711 Urbe
1670 656 1828 727 digressus

112 750 222 803 sinibus
238 751 348 801 arcent.
365 745 447 810 Qirod
459 761 524 798 cum
536 745 609 813 patri
617 743 813 797 renuntiatum
826 742 944 809 fuisset,
993 743 1054 814 jam
1072 747 1137 797 ante
1154 745 1282 798 triduum
1299 749 1475 799 recesserat.
1488 746 1554 799 Dux
1567 746 1664 817 itaque
1682 746 1828 800 neminem

113 838 238 893 reditum
267 835 421 901 accelerat,
437 837 534 904 atquc,
560 835 590 885 ut
615 833 660 884 vir
675 832 806 901 sapiens,
823 831 946 900 provide
997 832 1066 901 sibi,
1080 838 1108 886 ut
1118 833 1336 903 suspicabatur,
1354 838 1560 888 occursantem
1575 835 1726 890 hostiliter
1739 833 1828 889 olien-

114 942 218 998 agens,
236 940 272 978 ue
287 925 366 977 lilius
384 922 506 977 territus
522 922 557 974 ad
573 920 767 988 Sarracenos,
785 922 834 991 qui
851 920 947 973 adliuc
997 922 1081 989 denS,
1094 921 1188 977 libero
1205 922 1241 975 ad
1258 923 1359 977 urbem
1375 939 1504 978 accessu
1517 939 1604 993 usuS,
1620 927 1690 977 ante
1705 928 1829 994 portam,

113 1014 242 1069 rebelles
260 1018 352 1083 crant,
369 1010 518 1079 transiret,
541 1026 647 1064 rcrsus
663 1027 729 1063 cum
745 1010 892 1065 hostiliter
905 1009 948 1062 ire
997 1027 1054 1081 qua
1080 1011 1126 1063 via
1155 1012 1323 1066 Tusculana
1343 1012 1515 1085 porrigitur,
1537 1011 1622 1084 juxta
1637 1012 1830 1084 aquaeductus

115 1103 302 1161 dissimulat;
332 1101 384 1154 sed
402 1101 497 1153 eumin
513 1116 579 1170 quac
600 1099 709 1153 fecerat
725 1097 949 1169 lilius,juvcuili
999 1103 1233 1170 castrametatur,
1248 1101 1298 1154 ubi
1314 1102 1408 1155 triduo
1426 1101 1731 1156 commoratusUrbe
1747 1101 1830 1155 undi-

115 1194 200 1247 aetate
229 1194 256 1245 et
284 1189 466 1260 indulgentia
491 1189 579 1260 digna
595 1188 727 1242 ascribit.
756 1186 949 1241 dtcumsslio
1000 1188 1832 1261 quecircumconspecta,quodamdiluculocummilleet

115 1297 182 1353 quae
197 1281 307 1334 lecerat
324 1283 434 1348 patrem
450 1277 554 1331 leviter
580 1278 658 1331 terro
675 1278 834 1343 nuntiatur,
853 1276 950 1329 minus
1000 1278 1142 1331 trecentis
1153 1278 1295 1332 militibus
1306 1280 1340 1332 ad
1353 1283 1477 1349 portam,
1493 1295 1559 1350 quae
1580 1279 1611 1333 S.
1628 1278 1782 1333 Laurentii
1796 1277 1832 1331 di·

115 1371 153 1425 iis
165 1368 214 1441 qui
230 1383 332 1423 secum
347 1371 430 1421 crant
454 1366 653 1436 prospiciens,
671 1366 761 1420 debili
777 1365 888 1419 laedere
904 1365 951 1417 iu·
1002 1367 1089 1435 citur,
1106 1366 1162 1420 sub
1179 1367 1353 1438 aquaeductu
1367 1367 1449 1439 juxta
1465 1368 1605 1437 Tiberim,
1623 1367 1677 1422 ubi
1694 1367 1832 1421 minorem

116 1458 260 1529 terposito
272 1458 306 1510 ad
322 1459 434 1527 patrem
452 1455 574 1508 accedit.
592 1456 678 1508 Pater
696 1455 730 1507 ad
749 1458 863 1523 tempus
879 1453 953 1506 iram
1003 1455 1177 1525 custodiam,
1194 1455 1310 1510 nemine
1322 1457 1351 1511 in
1367 1457 1415 1510 illa
1430 1459 1513 1527 parte
1528 1455 1640 1528 aliquid
1651 1456 1831 1526 suspicante,

117 1547 322 1614 dissimulans,
339 1544 505 1599 advenienti
522 1544 582 1597 filio
604 1544 702 1597 lactum
727 1543 838 1596 rnltum
856 1546 954 1595 osten·
1004 1546 1163 1614 persensit,
1177 1546 1332 1615 accedeus,
1346 1546 1436 1600 scalis
1449 1546 1571 1601 silenter
1582 1545 1832 1616 appositismuros

117 1638 167 1692 dit.
184 1637 241 1690 Sed
258 1635 362 1707 paucis
383 1634 490 1688 diebus
515 1633 700 1702 interpositis
715 1636 807 1702 pater,
828 1632 857 1685 in
883 1631 958 1684 tutu.
1006 1636 1198 1706 transcendit,
1223 1637 1377 1707 portisque
1399 1635 1478 1691 terro
1493 1637 1604 1707 apertis
1621 1651 1698 1690 suos
1714 1634 1832 1690 introdu-

119 1726 380 1796 rumprospiciens
391 1741 426 1777 ne
444 1724 468 1777 si
483 1724 504 1775 ii
514 1723 564 1793 qui
572 1723 628 1776 tale
644 1719 958 1775 consiliumsrliocom-
1008 1739 1094 1794 cens,
1117 1739 1171 1795 per
1194 1724 1306 1794 plateas
1322 1725 1405 1781 urbis
1420 1741 1515 1797 usque
1530 1727 1567 1779 ad
1581 1725 1719 1795 pontem,
1735 1725 1765 1778 in
1779 1738 1832 1794 quo

119 1815 212 1885 pliccs
230 1814 297 1868 tacti
313 1813 453 1867 dederant
468 1812 587 1882 impune
601 1810 773 1879 transirent,
790 1809 839 1862 alii
855 1807 891 1862 ad
912 1807 956 1861 si·
970 1797 994 1852 Β
1009 1829 1083 1867 suus
1094 1815 1242 1869 exercitus
1256 1815 1481 1885 praestolabatur
1496 1814 1699 1870 Guiscardum
1711 1812 1832 1868 clamori-

120 1904 188 1958 mile
214 1902 324 1972 aliquid
347 1905 563 1971 praesumentes
593 1903 778 1970 raperentur,
805 1897 955 1952 nesciente
1007 1902 1832 1975 liusingeminando,civesqueterrendo,portaquevipo

121 1992 189 2053 filio,
207 1991 362 2045 duodecim
378 1989 493 2060 pt'iol'cs
517 1988 609 2060 hujus
638 1988 762 2055 erroris,
784 2003 872 2041 tinum
888 1987 956 2054 post
1009 1991 1167 2046 liussl'sscta
1176 1995 1402 2064 quampesepata
1412 2008 1484 2049 suos
1497 1991 1713 2059 intromittens,
1731 1991 1832 2045 Urbem

121 2081 210 2135 alium
239 2095 409 2148 arcessens,
440 2077 534 2132 oculis
564 2078 675 2148 pirirari
701 2077 779 2130 lecit.
800 2074 955 2139 Quolaelo

122 2170 214 2225 lilium
225 2170 312 2223 etiam
332 2167 380 2222 tali
397 2167 523 2237 incoepto
540 2166 663 2220 ulterius
682 2179 875 2234 compescere
900 2167 956 2215 ter-

123 2256 601 2323 rendoroleusnrcessitum,idern
618 2270 708 2308 causa
719 2253 844 2325 justitiae
860 2252 957 2305 lacere

128 2347 253 2417 fingens
270 2344 407 2398 minatur.
426 2344 483 2396 t'cd
500 2359 515 2395 a
532 2342 753 2404 lidclibussuiS,
784 2338 893 2411 quibus
921 2352 958 2392 ex

127 2435 273 2489 industria
296 2434 371 2487 idem
387 2448 476 2504 agere
495 2432 681 2502 praelixerat,
697 2431 839 2496 retentus,
857 2427 958 2481 territo

125 2526 195 2591 lilio,
212 2525 247 2577 de
260 2527 369 2577 caetero
380 2537 433 2591 pro
450 2522 533 2575 libitu
550 2536 615 2589 suo,
634 2523 664 2574 ut
678 2519 786 2584 (locuit,
805 2533 879 2571 usus
896 2516 958 2585 est3

125 2628 191 2667 nam
202 2610 360 2680 disciplina
379 2614 407 2664 ct
427 2610 509 2678 rigor
520 2609 644 2678 ¹justitiae
657 2624 722 2661 cum
738 2622 809 2677 pace
831 2620 960 2660 commu·

126 2703 244 2757 aionem
255 2697 762 2766 babent,l‘salmistaattostautc,qui
772 2695 819 2748 ait:
837 2693 960 2746 Miseri-

127 2788 229 2843 cordia
246 2793 275 2841 ct
287 2788 401 2842 raritas
415 2787 614 2842 obriarcrnut
630 2785 700 2853 sibi,
710 2783 831 2856 ,iustitia
862 2787 890 2836 et
901 2798 963 2852 par

128 2877 267 2932 osculata¹
283 2884 350 2932 saut
367 2876 456 2945 (l'sal
478 2892 598 2945 mxxiv,
612 2875 666 2944 il).
687 2873 736 2927 Sic
752 2872 828 2926 enim
848 2869 962 2924 miseri·

130 2967 231 3022 cordia
255 2967 394 3021 sectanda
410 2969 456 3021 cst
471 2969 501 3021 ut
513 2965 630 3036 justitia
659 2961 816 3016 remissior
829 2961 858 3013 in
875 2960 959 3022 ultra,

1008 2083 1154 2152 irrumpit.
1177 2082 1285 2154 Sicque
1314 2083 1424 2138 directo
1447 2085 1557 2153 impetu
1571 2098 1672 2155 usque
1687 2081 1725 2135 ad
1740 2081 1833 2135 turrim

1008 2171 1171 2225 Crescentii
1185 2187 1366 2242 percurrens
1390 2187 1494 2241 papam
1515 2171 1620 2240 eripit,
1645 2170 1833 2240 eductumque

1009 2260 1133 2329 honore,
1149 2276 1207 2331 quo
1226 2261 1347 2314 decebat
1362 2260 1513 2316 abducens
1523 2259 1632 2329 palatio
1647 2258 1834 2314 lateranensi

1010 2349 1147 2418 restituit,
1161 2348 1210 2402 ubi
1227 2349 1286 2403 dux
1301 2349 1391 2419 prior,
1403 2352 1432 2404 et
1447 2349 1543 2403 omnis
1558 2348 1723 2416 exercitus,
1735 2347 1833 2402 subse·

1011 2441 1135 2510 quenter
1146 2438 1422 2492 cumoblationibus
1433 2439 1469 2491 ad
1480 2436 1834 2508 podesejusdehitomora

1011 2528 1168 2597 provoluti,
1186 2528 1342 2597 plurimum
1353 2526 1524 2580 thesaurum
1535 2524 1735 2580 contuleruut.
1751 2525 1834 2579 Porro

1012 2617 1135 2671 llomani
1152 2617 1266 2670 viribus
1292 2616 1464 2686 resumptis,
1482 2615 1703 2684 conspiratione
1719 2613 1833 2668 invicem

1011 2706 1097 2773 laeta,
1107 2706 1192 2758 tertia
1208 2706 1254 2759 die
1266 2708 1333 2775 post
1343 2704 1525 2776 congregati,
1539 2703 1719 2773 permedias
1734 2700 1833 2772 plateas

1012 2794 1102 2848 Urbis
1119 2793 1227 2864 impetu
1239 2793 1315 2847 lacto
1327 2809 1418 2863 super
1429 2797 1547 2847 nostros
1559 2792 1674 2846 irruere
1691 2792 1831 2845 conantur.

1014 2883 1060 2936 l'it
1075 2883 1184 2936 clamor
1200 2885 1228 2937 et
1244 2882 1384 2952 strepitus
1409 2882 1438 2935 in
1459 2880 1549 2935 Urbe.
1566 2880 1682 2949 Nostri,
1703 2877 1832 2934 emensis

1014 2972 1122 3041 quibus
1146 2971 1336 3039 assidebant,
1354 2974 1599 3040 prorumpentes,
1617 2969 1704 3024 ocius
1719 2968 1748 3022 iu
1762 2981 1828 3021 arma

129 3073 216 3128 (luam
246 3056 338 3124 dsstssb
370 3057 500 3139 80858)
517 3070 553 3108 1¹0
565 3054 635 3106 Vilia
651 3050 771 3105 nimium
787 3048 960 3103 itfflsssssslssl·
1014 3055 1830 3129 ruunt,bostibushostescorruunt,durafronsabdura

131 3146 215 3201 enm
227 3150 254 3199 a
270 3145 412 3215 providus
428 3147 519 3213 ratae
536 3146 567 3197 ut
582 3143 702 3212 seriens
723 3139 867 3205 metricus,
885 3127 999 3190 lunas}
1015 3151 1109 3204 fronto
1125 3150 1270 3204 obviatur.
1293 3150 1443 3221 negatus
1459 3149 1538 3204 arius
1554 3149 1655 3216 euers,
1680 3163 1745 3201 cum
1764 3143 1828 3198 narra

131 3236 227 3305 ipsum
253 3234 343 3289 tilium
367 3250 464 3300 suum,
482 3237 547 3286 uta
576 3231 719 3301 pravitate
749 3228 962 3297 compesceret,

131 3327 209 3380 tauto
226 3324 324 3397 rigore
340 3323 475 3378 territum
490 3320 610 3375 atirivit.

405 3430 530 3484 Carus
556 3425 688 3481 XXXVI.

329 3519 522 3573 llrrrllomam
540 3516 621 3570 radit
634 3520 662 3568 et
679 3514 767 3583 capit.

170 3610 254 3663 Anno
274 3609 371 3678 itaque
400 3605 560 3661 Dominicao
577 3601 792 3658 iucarnationis
810 3598 889 3667 1083,
908 3613 965 3651 om·

135 3698 223 3753 nibus
245 3696 319 3767 (881)
335 3695 559 3751 accuratissime
583 3693 743 3763 apparatis,
758 3688 888 3760 equestri
903 3687 966 3757 plu·

135 3786 208 3840 rimo
237 3785 377 3853 exercitu,
410 3784 463 3838 sed
487 3787 515 3837 at
539 3782 671 3852 peditum
701 3776 884 3848 (tttllcepiis
908 3774 967 3829 dux

134 3890 243 3929 versus
260 3875 382 3928 llomam
398 3873 433 3926 ad
462 3871 671 3926 obsessionem
688 3866 763 3937 (883)
779 3865 968 3935 imperatoris

135 3962 355 4033 infideliumque
369 3963 568 4035 llomanorum
577 3957 650 4027 )881)
662 3973 765 4028 papam
780 3953 968 4025 Gregorium,

137 4052 186 4122 qui
202 4056 230 4106 et
255 4042 450 4105 lldebraudus
465 4056 531 4103 ante
550 4052 722 4116 susceptum
739 4044 812 4113 (885)
833 4044 969 4112 papatum

1014 3240 1163 3309 equitibus
1178 3240 1329 3294 nesciente
1344 3241 1426 3308 patre
1441 3242 1523 3293 extra
1542 3238 1653 3292 Urbem
1668 3252 1686 3289 a
1703 3231 1827 3289 Romania

1014 3328 1159 3395 infestari,
1178 3328 1342 3382 citissimus
1359 3344 1425 3381 cum
1440 3327 1549 3396 impetu
1564 3325 1692 3381 advolat.
1716 3322 1771 3378 Sed
1784 3321 1826 3373 llo

1015 3417 1111 3471 manis
1127 3417 1241 3471 sortiter
1252 3415 1460 3471 insistentibus
1475 3415 1575 3470 nullus
1591 3414 1719 3484 impetus
1733 3423 1825 3482 prem·

1016 3505 1104 3574 lebat,
1121 3505 1214 3560 donee
1231 3505 1289 3559 dux
1302 3506 1403 3576 ignem
1414 3504 1592 3568 exclamans,
1612 3502 1694 3557 L'rbe
1709 3511 1825 3555 accensa.

1017 3593 1096 3647 torro
1112 3598 1140 3648 et
1155 3595 1271 3647 damma
1285 3593 1404 3647 insistit.
1419 3593 1501 3647 Tunc
1517 3593 1636 3647 demum
1648 3587 1778 3658 Romani,
1790 3585 1825 3638 iu·

1017 3682 1152 3736 cendium
1170 3684 1248 3736 terre
1264 3698 1322 3737 uon
1336 3682 1478 3751 valentes,
1497 3682 1527 3735 in
1555 3681 1657 3752 lugam
1682 3677 1824 3734 reduntur.

1018 3772 1084 3825 Dux
1093 3772 1241 3842 fugientes
1250 3775 1400 3825 extremos
1409 3785 1544 3841 quosque
1556 3768 1698 3823 caedendo
1710 3758 1825 3836 usquead
1861 3816 1866 3823 .

1018 3848 1825 3933 pontempersequiturtlrbsmaximacxparteincendio,

1021 3948 1239 4004 rentoadmisto
1251 3950 1450 4017 accrescente,
1460 3945 1661 4014 consumitur,
1676 3940 1766 3998 nostri
1778 3934 1824 3989 ric·

1021 4044 1101 4093 tores
1116 4037 1191 4107 apud
1206 4037 1381 4091 Lateranum
1392 4038 1589 4092 revertuntur.
1600 4032 1725 4087 llomani
1741 4030 1827 4098 itaque,

137 4140 298 4210 dicebatur,
329 4143 430 4194 contra
457 4136 712 4208 (dttdlsseesaram,
734 4135 761 4188 si
785 4129 972 4186 accessesit
1022 4129 1124 4182 hostes
1148 4128 1224 4181 inlra
1245 4142 1348 4181 muros
1371 4125 1428 4181 sibi
1456 4124 1608 4178 imminere
1624 4115 1827 4182 cernentes,ol

137 4231 223 4299 (88Ἶ),
254 4233 282 4283 et
310 4228 368 4283 nisi
399 4227 492 4295 cedat,
518 4227 686 4280 dimicatum
716 4223 831 4277 leonina
861 4218 969 4273 feroci-

138 4321 194 4373 tate
222 4316 296 4386 (888)
313 4317 367 4371 iter
382 4315 516 4369 intendit.
532 4316 569 4367 At
584 4329 650 4366 cum
664 4313 724 4381 jam
744 4324 835 4379 prope
851 4310 970 4361 veutum

1022 4208 1830 4286 eorumintestationibuspraegravariulteriusterraneo

1021 4306 1164 4375 valentes,
1173 4302 1634 4374 consiliointerseprudentiores
1643 4290 1829 4356 Urbisbabito‚

136 4409 192 4475 est,
205 4408 320 4460 incaute
329 4403 586 4470 incederovoleuS,
600 4398 881 4461 ordinatisaciebus,
890 4394 970 4448 mille
1024 4397 1136 4469 eligunt
1149 4395 1424 4466 saniusapostolico
1434 4409 1489 4448 suo
1501 4388 1732 4446 confederando
1744 4395 1830 4439 reeen-

138 4496 249 4550 electos
278 4493 396 4560 milites,
414 4508 480 4546 cum
496 4491 614 4545 totidem
639 4489 758 4543 vexillis
774 4485 968 4557 praemittere,
986 4471 1010 4524 Ῑ)
1025 4486 1118 4539 ciliani
1129 4485 1336 4555 quamdiutius
1347 4485 1377 4538 in
1395 4485 1521 4551 incaepta
1538 4480 1649 4552 ineptia
1665 4467 1831 4550 persistendo

139 4583 225 4636 aliam
240 4582 334 4636 aciem
358 4596 424 4635 cum
440 4580 535 4633 tribus
556 4577 687 4632 millibus
707 4574 883 4646 pedetentim
900 4572 971 4626 sub-

139 4671 225 4743 sequi
238 4670 381 4741 praecipit.
398 4670 474 4739 lpse,
491 4684 558 4722 cum
574 4667 688 4737 reliquo
700 4664 830 4719 exercitu
842 4663 971 4734 peditum

140 4761 241 4831 copias
253 4763 280 4814 et
291 4757 584 4833 quaequeindrmiora
592 4759 658 4810 anto
668 4770 700 4809 se
710 4767 834 4823 ponens,
848 4751 970 4823 provide

141 4849 345 4921 subsequitur.
371 4847 517 4916 Audierat,
531 4845 638 4916 quippe
663 4844 771 4897 milites
785 4841 970 4913 imperatoris

141 4939 197 4993 sibi
226 4938 256 4991 in
281 4952 449 5004 occursum,
480 4933 604 4989 llomani
623 4935 758 5002 exparte
778 4930 971 5002 aquaeductus

143 5027 244 5082 exisse
273 5026 398 5099 sedhoo
414 5023 472 5079 sibi
487 5023 562 5077 falso
585 5021 707 5076 relatum
723 5024 794 5075 crat.
811 5019 886 5073 Nam
908 5019 972 5089 ipse

143 5116 310 5185 imperator,
335 5113 508 5187 jamdudum
538 5111 626 5166 multa
655 5113 788 5180 exparte
810 5107 973 5163 exercitum

145 5218 231 5256 suum
257 5217 274 5256 a
289 5218 322 5257 se
343 5202 511 5269 demiserat,
524 5202 552 5255 ot
568 5215 635 5254 cum
647 5197 752 5252 minori
768 5195 870 5250 militia
886 5210 973 5266 quam

144 5295 314 5345 accesserat
344 5292 444 5345 Itomae
461 5291 500 5344 nil
516 5289 573 5345 tale
597 5287 768 5357 suspicatus
785 5284 972 5349 morabatur;

146 5379 275 5448 dumque
290 5378 393 5433 hostes
408 5379 566 5434 adventare
580 5374 752 5449 praesentiit,
769 5373 834 5429 suis
860 5373 975 5428 viribus

182 5467 255 5535 (881)
276 5467 495 5522 incarnationis
510 5465 653 5521 omnibus.

181 5538 256 5609 (888)
276 5537 430 5591 Plurimis.

183 5607 259 5679 (883)
280 5607 451 5663 Obsidione.

182 5680 256 5752 (804)
274 5679 324 5735 Ad
336 5677 533 5736 liberandum.

1025 4574 1124 4630 hostili
1140 4575 1238 4646 gladio
1256 4575 1336 4629 nullo
1358 4577 1475 4645 quaestu
1496 4570 1642 4626 ventilari.
1659 4567 1765 4638 Sicque
1779 4568 1831 4631 pact

1025 4656 1832 4735 expeditaallocutumaccedentes,pluribuscircumreu·

1025 4754 1155 4808 tionibus
1171 4754 1206 4808 dc
1221 4752 1413 4808 excusatione
1428 4750 1541 4806 fraudis
1557 4747 1616 4813 usi,
1632 4745 1750 4801 tandem
1768 4733 1831 4792 vana

1025 4844 1177 4914 impetrata
1202 4842 1437 4897 reconciliantur.
1468 4837 1670 4894 Sacramentis
1695 4848 1748 4906 pro
1770 4822 1830 4883 libito

1026 4948 1118 5004 papae,
1136 4934 1164 4986 et
1178 4931 1263 4986 dtrcis
1280 4931 1401 5004 obligati
1425 4928 1616 4984 foederantur.
1643 4923 1762 4980 Nostris
1775 4923 1835 4974 rete·

1026 5022 1165 5080 dentibus
1175 5024 1255 5080 Urbs
1266 5040 1282 5077 a
1293 5021 1456 5076 calamitate
1467 5014 1568 5072 hostili
1576 5013 1751 5070 absolvitur.
1760 5010 1792 5063 at
1801 5001 1833 5055 vir

1026 5114 1220 5186 apostolicus,
1243 5111 1396 5183 perfidiam
1409 5109 1610 5163 Romanorum
1625 5090 1834 5175 cognoscereet

1028 5205 1152 5264 ulterius
1169 5202 1346 5259 obsessione
1362 5194 1573 5254 circumveniri
1587 5207 1718 5261 cavens,
1733 5177 1835 5245 consillt

1029 5300 1158 5355 ildalium
1169 5308 1290 5350 suorum
1299 5289 1428 5360 usus,ad
1436 5290 1553 5355 tempus
1562 5283 1645 5339 Urbe
1653 5270 1838 5354 digrediendo

1065 5443 1139 5510 (885)
1160 5436 1232 5503 Quia
1246 5431 1460 5489 Aldebraudus
1474 5444 1557 5485 suum
1571 5426 1755 5498 suscepisse.

1066 5514 1140 5584 (888)
1163 5510 1338 5577 Contraque.

1066 5583 1140 5655 (t8l)
1159 5580 1261 5634 Esset.

1068 5655 1143 5730 (888)
1162 5650 1309 5706 Feritate.
