3900 6112
76 235 155 301 1385

468 237 595 303 LIBER
618 237 673 300 DE
695 237 897 301 CORPORE
917 239 969 302 ET
992 237 1210 303 SANGUINE
1232 239 1406 304 CHRISTI.

1620 250 1625 253 ’
1717 243 1795 308 1386

70 439 207 507 aqua3te
223 435 349 507 sanguis
366 435 450 490 diluit
465 436 495 491 in
511 439 663 491 aeternum.
682 436 805 491 iudaeus
821 436 905 505 bibit,
922 420 944 472 Ᾱ
962 438 1099 492 stantiam
1110 440 1309 508 subministat,
1327 443 1354 493 et
1370 456 1479 510 corpus
1496 439 1604 495 Christi
1629 444 1684 496 est.
1709 462 1720 492 ι
1736 441 1794 497 Ubi

70 528 101 579 et
113 525 188 587 sitit;
211 526 241 578 tu
251 540 318 578 cum
332 525 458 593 biberiS,
477 525 560 579 sitire
575 540 634 579 uon
645 526 774 595 poteris:
792 529 819 578 et
834 524 906 578 iilud

68 612 102 666 in
113 613 287 682 umbra,hoc
302 613 488 667 inveritate.»
500 613 535 667 Et
546 617 613 683 post
622 614 762 669 nonnulla
775 630 780 668 :
795 637 805 659 ι
814 614 907 678 Quan-

68 701 109 756 tis
131 701 222 773 igitur
247 701 355 756 utimur
375 702 518 771 exemplis
535 706 565 756 ut
589 703 749 771 probemus
776 718 833 756 non
849 703 905 757 boe

72 804 144 845 esse
169 791 247 860 quod
273 793 375 844 natura
399 791 546 860 formavit,
567 791 619 846 sed
644 791 723 861 quod
738 792 904 846 benedictio

70 880 268 948 consecravit,
299 879 500 950 rncq'oremque
524 880 582 933 vim
605 895 674 934 esse
690 881 904 936 benedictionis

74 983 163 1038 quarn
202 973 325 1035 naturae,
359 968 425 1038 quia
461 968 664 1023 benedictione
688 973 792 1023 natura
818 970 904 1024 etiarn

70 1056 137 1126 ipsa
152 1060 280 1110 mutatur
294 1057 308 1110 t
321 1081 332 1104 ιι
351 1055 386 1110 Et
400 1057 576 1126 quibusdam
588 1057 772 1128 interjectis:
792 1078 804 1108 ‹
821 1057 904 1123 Quod

68 1145 97 1198 si
123 1146 235 1199 tantum
264 1145 355 1198 valuit
378 1144 504 1199 humana
532 1145 697 1201 benedictio
719 1149 749 1199 ut
768 1150 902 1201 naturum

961 527 1097 581 advertas
1113 530 1226 597 oportet
1243 528 1320 599 quod
1334 544 1434 582 oscam
1449 533 1478 584 et
1493 545 1598 599 panem
1606 547 1692 600 quern
1704 531 1739 586 de
1747 547 1794 585 sa·
1894 587 1897 595 ,

961 631 1011 670 οοο
1040 615 1123 669 altari
1149 618 1339 687 percipimus
1366 617 1482 671 Domini
1499 618 1699 673 indubitanter
1713 621 1792 675 dicat

961 707 1120 773 corpi1S,et
1136 704 1200 759 idco
1216 705 1283 759 vitae
1300 712 1418 760 aeternae
1435 707 1629 760 substantiam
1647 709 1793 763 submini-

960 795 1033 845 strat
1044 793 1131 864 digna
1149 793 1303 849 devotione
1320 795 1420 848 cordis
1432 795 1503 849 illud
1516 795 1741 864 accipientibus.
1759 797 1795 851 Et

959 895 1072 934 revera.
1089 880 1226 936 Christus
1242 884 1319 936 enim
1334 898 1404 937 vere
1420 888 1465 937 est
1489 885 1560 953 vita,
1578 885 1735 955 sicutipse
1751 883 1794 939 di·

959 969 1016 1022 xit:
1035 994 1045 1015 ι
1060 969 1123 1041 Ego
1153 986 1218 1024 sum
1234 971 1290 1040 via,
1313 972 1424 1026 veritas
1440 976 1468 1026 ct
1484 973 1551 1027 vita.
1576 997 1586 1021 ι
1604 973 1640 1027 Et
1663 989 1792 1029 necesse

959 1061 1004 1111 est
1020 1063 1050 1111 ut
1066 1059 1113 1129 qui
1144 1059 1294 1113 Christum
1315 1061 1345 1114 in
1362 1076 1395 1114 se
1421 1061 1548 1115 fideliter
1578 1061 1697 1131 excipit,
1723 1063 1793 1117 vitae

959 1149 1076 1200 aetcrnae
1106 1148 1255 1218 particeps
1278 1152 1424 1203 mereatur
1440 1150 1528 1218 effici,
1545 1165 1560 1202 a
1576 1166 1633 1220 qua
1649 1150 1738 1222 longe
1761 1151 1793 1205 lit

71 1235 270 1301 converteret,
292 1234 361 1304 quid
382 1233 508 1287 dicimus
533 1234 568 1287 de
598 1235 663 1304 ipsu
679 1235 902 1290 consecratione
957 1235 1007 1304 qui
1023 1250 1056 1288 se
1071 1251 1085 1287 a
1104 1240 1206 1290 sancto
1218 1238 1367 1307 mysterio,
1378 1242 1426 1290 aut
1443 1239 1517 1292 male
1528 1239 1652 1292 vivendo
1670 1243 1717 1293 aut
1733 1254 1791 1293 non

69 1321 182 1389 divina,
201 1322 250 1375 ubi
267 1322 356 1375 verba
384 1323 449 1392 ipsa
467 1323 583 1377 Domini
599 1323 761 1377 Salvatoris
776 1339 901 1392 operan-
957 1326 1039 1377 recte
1053 1325 1211 1394 credendo,
1228 1326 1367 1396 elongare
1383 1343 1439 1381 non
1457 1327 1577 1395 motuit3
1594 1328 1640 1381 eui
1663 1328 1791 1398 quisque

71 1411 141 1464 tur?
169 1409 243 1463 Nam
272 1413 489 1464 sacramentum
520 1412 599 1466 istud
619 1413 697 1482 quod
713 1412 834 1482 accipis,
859 1412 901 1465 Ch
956 1426 991 1464 eo
1014 1413 1109 1484 magis
1135 1413 1287 1481 proximus
1312 1415 1410 1468 existit
1435 1430 1492 1484 quo
1521 1430 1574 1483 por
1602 1418 1691 1468 rectae
1721 1414 1793 1469 lidei

67 1499 135 1552 risti
148 1514 286 1573 sermone
302 1499 467 1554 conficitur.
484 1500 603 1565 Quodsi
618 1504 728 1554 tantum
739 1502 830 1555 valuit
842 1517 902 1556 ser·
956 1500 1086 1554 studium
1111 1501 1294 1556 emendatius
1320 1503 1400 1556 vivit.
1430 1503 1473 1555 Nc
1503 1518 1573 1557 vero
1589 1504 1656 1573 quis
1678 1519 1788 1574 corpus

68 1603 117 1642 mo
134 1586 217 1655 Eliae,
231 1590 261 1642 ut
276 1587 376 1658 ignem
391 1589 426 1641 de
442 1588 517 1643 coslo
534 1589 703 1658 deponeret,
721 1605 779 1643 non
796 1589 903 1644 valebi-
956 1587 1040 1642 aliter
1077 1590 1262 1660 interpretari
1294 1590 1357 1645 sive
1386 1591 1551 1662 intelligere
1587 1594 1700 1661 posset,
1722 1592 1791 1662 quia

66 1674 179 1729 Christi
204 1689 312 1743 sermo,
336 1681 365 1730 ut
381 1679 499 1746 species
519 1679 647 1731 mutetur
661 1678 902 1732 elementorum?
957 1676 1095 1732 videlicet
1121 1680 1282 1749 Apostolus
1311 1680 1370 1733 ait:
1391 1703 1401 1726 ιι
1429 1679 1464 1732 Et
1497 1695 1623 1749 corpora
1657 1680 1790 1734 coelestia

67 1763 210 1818 Detotius
225 1764 326 1818 mundi
339 1766 479 1836 operibus
494 1767 604 1836 legisti:
619 1766 766 1837 Quiaipsc
780 1768 901 1837 di.rit,ct
918 1792 941 1845 Β
957 1768 985 1818 et
998 1780 1122 1834 corpora
1131 1767 1283 1820 terrestria
1294 1784 1321 1836 »3
1337 1767 1788 1836 uroxinsubscquentibusidem

65 1851 146 1905 facta
157 1854 464 1924 sunt;ipsemandarit
475 1861 503 1908 et
520 1855 900 1928 creatasunt.Se1·m0ergo
957 1853 1058 1907 doctor
1068 1853 1178 1908 Christi
1194 1871 1312 1908 carnem
1328 1856 1464 1925 appellat,
1475 1856 1577 1909 dicens
1594 1873 1599 1909 :
1615 1877 1625 1901 ι
1648 1856 1791 1910 Conside-

66 1939 189 2006 Christi,
211 1943 260 2013 qui
275 1944 368 2011 potuit
382 1944 418 1997 de
434 1943 525 1998 nihilo
541 1943 638 1999 facere
654 1945 732 2016 quod
754 1961 812 2002 non
828 1949 899 2015 erat,
956 1957 987 1995 ra
1003 1958 1080 1995 ηιιηο
1097 1945 1194 1996 utrum
1218 1945 1408 2013 praestantior
1441 1945 1479 1998 sit
1493 1946 1578 2014 panis
1604 1945 1789 2015 angelorum,

66 2044 126 2082 nou
152 2034 247 2097 potest
277 2045 312 2084 ea
331 2047 397 2102 quaa
427 2036 495 2086 suut
520 2034 549 2086 in
566 2034 594 2087 id
620 2037 730 2089 mutare
747 2037 824 2106 quod
842 2052 900 2089 non
955 2046 992 2084 en
1008 2047 1076 2084 caro
1092 2030 1212 2098 Christi,
1230 2049 1296 2103 quae
1313 2034 1412 2104 utique
1428 2048 1537 2102 corpus
1553 2038 1598 2087 est
1615 2034 1693 2087 vitan.
1711 2018 1789 2087 Vere

66 2118 171 2172 erant?
199 2118 265 2174 Non
289 2120 366 2173 enirn
395 2121 492 2175 minus
517 2124 563 2175 est
593 2138 687 2178 novas
712 2124 803 2177 rebus
818 2125 898 2195 dare,
955 2120 1087 2189 prolecto
1111 2136 1219 2190 corpus
1238 2126 1283 2175 cst
1302 2123 1370 2175 ritae
1396 2137 1465 2174 caro
1485 2121 1606 2189 Christi,
1632 2122 1700 2192 quia
1725 2122 1790 2191 ipse

65 2220 153 2276 quam
182 2210 295 2261 mutare
318 2213 447 2264 naturas.
476 2210 580 2264 Nonne
610 2211 707 2282 majus
738 2216 784 2267 est
806 2230 899 2267 novas
954 2206 1102 2275 Christus,
1127 2209 1174 2262 eui
1198 2210 1408 2279 estipsacaro
1427 2225 1536 2278 corpus
1554 2209 1784 2280 substantivum,

65 2308 117 2348 ros
144 2294 225 2364 dare,
254 2312 342 2365 quarn
369 2301 480 2352 mutare
494 2302 638 2353 naturast
653 2300 711 2354 Sed
722 2302 792 2372 quid
808 2317 899 2372 argu.
955 2298 1013 2350 rita
1037 2302 1083 2351 est
1107 2298 1291 2364 immortalis,
1319 2313 1371 2352 seu
1389 2298 1457 2368 quia
1481 2299 1569 2350 vitam
1595 2297 1721 2351 lldcliter
1752 2312 1787 2352 eo

65 2383 173 2437 mentis
185 2384 294 2438 utimur
309 2385 323 2437 ⁶?
338 2386 402 2439 suis
420 2390 534 2440 utamur
548 2389 703 2458 exemplis,
721 2389 899 2445 incarnatio.
954 2385 1121 2440 fruentibus
1151 2389 1265 2440 constat
1288 2387 1481 2455 spiritualiter
1497 2387 1624 2456 operari.
1639 2410 1650 2434 ιι
1669 2385 1704 2440 Et
1719 2387 1789 2456 post

65 2471 173 2542 uisque
184 2476 352 2527 astruamus
363 2476 898 2546 mysterio[al.,mpsterii]veritatem.
954 2491 1061 2543 pauca:
1080 2497 1090 2520 ιι
1116 2475 1233 2544 blanca,
1250 2475 1353 2546 inquit,
1371 2476 1441 2530 illud
1459 2476 1560 2529 umbra
1574 2474 1635 2541 suit,
1649 2474 1706 2529 hoc
1721 2490 1787 2529 cor·

63 2558 205 2630 Nunquid
221 2566 332 2617 naturae
347 2579 421 2617 usus
436 2566 597 2633 praecessit
612 2582 678 2618 curn
694 2566 785 2619 lesus
803 2568 898 2620 Domi·
954 2580 1010 2632 pus
1027 2565 1056 2616 in
1070 2564 1194 2618 veritate
1210 2567 1266 2617 cst.
1282 2588 1292 2610 ιι
1310 2564 1375 2618 Non
1393 2564 1538 2619 immerito
1553 2578 1657 2616 manua
1680 2563 1785 2617 umbra

64 2663 123 2703 nus
152 2663 190 2702 ex
214 2650 303 2704 illaria
320 2655 515 2707 nasceretur?
530 2653 562 2707 Si
576 2654 707 2708 ordinem
725 2656 897 2725 quaerimus,
953 2652 1069 2721 dicitur,
1093 2653 1170 2722 quia,
1192 2648 1308 2707 ¹etsiin
1337 2654 1468 2722 veritate,
1501 2653 1785 2707 coelestiscreatura

64 2737 129 2792 viro
155 2740 243 2793 mista
258 2740 365 2795 femina
380 2757 524 2812 generare
539 2744 704 2797 consuevit.
725 2744 830 2815 Liquet
844 2745 898 2815 igi·
954 2742 1016 2795 luit.
1048 2741 1131 2795 Unde
1147 2745 1175 2795 et
1203 2742 1376 2813 augelorum
1400 2743 1485 2812 panis
1506 2740 1787 2811 nuncupatur,dum

63 2827 112 2881 tur
127 2828 208 2897 quod
229 2832 340 2899 practer
352 2835 462 2885 naturae
478 2832 611 2885 ordinem
628 2832 718 2903 virgo
734 2832 898 2903 generavit,
954 2833 1048 2884 tamen
1065 2829 1143 2885 aliud
1158 2847 1244 2900 quam
1260 2830 1596 2901 quodvidcbatursigno
1621 2829 1785 2898 portendit;

63 2919 91 2970 et
115 2916 172 2971 hoe
200 2919 278 2988 quod
307 2919 480 2974 conficimus
508 2937 626 2990 corpus,
644 2937 680 2975 ex
696 2922 818 2993 Virgine
842 2928 896 2976 est.
953 2919 1048 2989 figura
1061 2918 1107 2972 vel
1124 2919 1229 2972 urnbra
1240 2919 1371 2989 mysterii
1384 2920 1492 2987 futura,
1514 2935 1572 2974 non
1588 2918 1783 2988 ipsaveritas,

61 3004 140 3070 Quid
151 3005 200 3060 hic
216 3003 378 3077 quaerimus
395 3012 507 3064 naturae
519 3011 651 3066 ordinem
664 3012 692 3064 in
707 3009 816 3064 Christi
837 3027 899 3065 cor·
952 3008 1073 3076 exstitit,
1091 3023 1157 3077 quae
1174 3008 1617 3078 exspectabanturtemporibus
1628 3006 1786 3060 revelanda

61 3110 147 3165 pore,
162 3111 228 3149 cum
242 3101 352 3165 praeter
365 3102 496 3152 naturam
514 3100 552 3153 sit
566 3100 630 3168 ipsc
646 3100 789 3154 Dominus
806 3101 897 3154 desus
952 3096 1139 3162 novissimis,
1168 3097 1285 3166 quando
1312 3097 1492 3166 plenitudine
1507 3112 1594 3166 quam
1609 3095 1701 3150 divini
1712 3109 1785 3148 con-

59 3186 168 3253 pertus
191 3199 228 3238 ex
256 3185 399 3255 Virgine?
413 3186 489 3240 Vera
509 3189 609 3258 utique
622 3203 689 3242 carn
705 3189 814 3243 Christi
830 3205 896 3259 quae
914 3157 937 3213 C
952 3189 1011 3243 sitii
1035 3188 1216 3258 providentia
1233 3186 1379 3255 disposuit
1394 3189 1460 3239 autc
1479 3188 1612 3255 tempora
1629 3183 1785 3238 saecularia

60 3273 209 3327 crucifixa
237 3277 292 3342 cst,
314 3290 380 3345 quea
398 3277 512 3345 sepulta
543 3282 689 3332 est1vcre
701 3294 772 3349 ergo
798 3278 896 3332 carnis
949 3277 1010 3348 jam
1039 3278 1207 3344 accedente,
1239 3276 1319 3329 Deus
1344 3275 1408 3345 ipse
1434 3275 1520 3328 homo
1543 3272 1784 3343 pronominibus

59 3360 145 3415 illius
170 3367 386 3417 sacramentum
406 3369 461 3419 est.
479 3365 545 3434 lpse
567 3368 671 3420 clamat
688 3367 830 3420 Dominus
845 3368 896 3421 le·
917 3412 918 3417 ,

58 3463 142 3503 sus:
166 3448 227 3505 Hoc
248 3456 294 3505 est
320 3467 426 3523 corpus
452 3470 556 3508 meum.
575 3457 647 3509 Anto
662 3455 898 3510 benedictionem

58 3536 224 3592 verborum
240 3539 404 3595 coelestium
418 3542 475 3596 alia
490 3543 607 3613 species
632 3543 810 3611 nominatur,
832 3546 899 3614 post

58 3628 320 3683 consecrationem
345 3645 454 3700 corpus
483 3630 593 3685 Christi
621 3633 898 3703 significaturlpso

59 3713 135 3769 dicit
151 3717 326 3787 sanguinem
344 3734 441 3772 suum.
459 3720 534 3774 Ante
549 3721 803 3774 consecrationem
820 3721 898 3774 aliud

56 3804 181 3872 dicitur,
199 3807 266 3873 post
294 3808 547 3863 consecrationem
561 3810 685 3878 sanguis
702 3812 896 3878 nuncupatur.

59 3893 98 3949 Et
116 3896 147 3946 tu
163 3892 255 3947 dicis:
276 3895 378 3964 Amen,
396 3895 452 3950 hcc
468 3900 524 3967 est,
541 3914 640 3952 verum
659 3901 714 3952 est.
730 3897 812 3961 Quod
830 3913 897 3951 ser-

57 3997 111 4037 mo
127 3984 224 4048 sonat,
250 3981 371 4038 affectus
390 3986 506 4039 sentiat.
530 3986 583 4039 His
597 3987 688 4056 igitur
702 3987 897 4041 sacramentis

57 4070 160 4142 pascit
185 4069 349 4124 Ecclesiam
374 4088 457 4126 suam
485 4074 622 4129 Christus
649 4076 749 4142 lesus,
789 4075 898 4146 quibus

56 4159 170 4213 animae
192 4159 358 4214 substantia
373 4162 516 4216 firmatur.
536 4185 546 4210 ι
565 4163 601 4217 Et
615 4168 682 4234 post
697 4181 789 4234 pauca
808 4181 814 4219 :
833 4186 844 4214 ι
868 4165 898 4218 ln

55 4246 112 4302 illo
123 4252 309 4302 sacramento
326 4247 464 4305 Christus
481 4255 536 4318 est,
554 4253 622 4322 quic
645 4269 754 4322 eorpus
788 4252 898 4307 Christi

56 4337 119 4391 est.
144 4335 211 4390 Non
239 4351 312 4408 ergo
327 4339 490 4409 corporalis
506 4355 575 4394 esca
593 4343 648 4407 est,
665 4341 717 4394 sed
735 4341 898 4410 spiritualis

56 4428 119 4482 est.
133 4423 221 4478 Unde
234 4427 262 4478 et
276 4426 629 4498 Apostolusdetppoejus
645 4429 699 4483 ait:
714 4429 900 4494 QuiaPatrcs

952 3367 1145 3437 dignatusest
1163 3366 1238 3433 lieri,
1246 3369 1274 3419 et
1285 3364 1341 3418 hoc
1357 3364 1489 3432 coeleste,
1500 3378 1533 3416 ac
1542 3362 1641 3432 potius
1651 3361 1785 3415 divinum

952 3470 1011 3509 nou
1027 3459 1057 3508 ut
1072 3458 1138 3508 ante
1153 3470 1206 3523 per
1221 3454 1343 3523 Moysen
1368 3467 1473 3505 manna
1501 3451 1572 3505 illud
1584 3451 1713 3518 dederat,
1731 3449 1785 3504 sed

952 3559 1006 3614 per
1021 3543 1212 3612 semetipsum
1230 3541 1366 3610 confecit,
1383 3540 1599 3612 discipulisque
1616 3540 1681 3594 suis
1693 3539 1722 3593 in
1738 3540 1785 3594 sui

953 3633 1124 3687 memoriam
1140 3633 1277 3702 usquein
1294 3631 1397 3685 saeculi
1411 3631 1703 3700 consummationem,
1728 3643 1787 3700 qua

952 3722 1016 3791 ipse
1047 3720 1202 3774 manifeste
1232 3722 1374 3773 venturus
1400 3722 1455 3786 est,
1490 3718 1711 3787 celebrandum,
1746 3718 1786 3772 ita

953 3810 1073 3863 dicens:
1094 3832 1104 3856 ι
1136 3808 1200 3862 Ηοο
1227 3807 1312 3861 facito
1345 3808 1580 3877 quotiescunque
1609 3807 1727 3861 sumitis
1756 3806 1786 3862 in

953 3914 1047 3952 meam
1069 3898 1387 3952 commemorationem.
1406 3920 1417 3943 ιι
1436 3895 1521 3950 Unde
1540 3896 1678 3949 nimirum
1694 3910 1785 3949 cons-

953 3991 994 4041 tat
1016 3986 1148 4040 eamdem
1169 3985 1321 4040 veritatem
1339 3985 1437 4038 curnis
1453 4000 1486 4037 ac
1498 3984 1654 4055 sanguinis
1671 3999 1741 4038 esse
1755 3983 1786 4039 in

953 4077 1139 4128 sacramento
1169 4074 1247 4144 quod
1274 4077 1376 4126 sancta
1399 4087 1452 4141 per
1475 4073 1649 4125 universum
1683 4069 1786 4124 orbem

954 4163 1088 4217 Ecclesia
1098 4162 1282 4216 uniformiter
1297 4162 1367 4232 agit,
1385 4177 1451 4231 quae
1467 4164 1528 4216 erat
1542 4164 1570 4214 et
1592 4160 1621 4214 in
1642 4159 1691 4212 illo
1706 4159 1786 4230 quod

953 4253 1018 4322 ipse
1042 4250 1180 4305 Christus
1197 4249 1277 4304 Deus
1294 4250 1358 4304 suis
1378 4251 1490 4304 salictis
1506 4249 1642 4303 manibus
1657 4245 1787 4301 sanctiti-

954 4343 1041 4409 carit,
1067 4357 1100 4393 ac
1127 4339 1191 4393 suis
1207 4339 1258 4409 qui
1272 4354 1339 4393 eum
1354 4339 1391 4393 ab
1406 4339 1488 4394 initio
1504 4337 1724 4408 praedicationis
1739 4352 1787 4391 se·

954 4431 1015 4485 cuti
1044 4430 1170 4497 fuerant,
1201 4428 1367 4482 distribuit:
1398 4429 1545 4500 Accipite,
1576 4425 1726 4499 inquienS,
1757 4432 1787 4481 et

56 4520 162 4576 nostri
178 4529 275 4571 eseam
286 4518 470 4591 spiritualem
486 4517 749 4586 manducaverunt,
764 4525 899 4589 etpotum
917 4518 1119 4589 sscnrncdite,·
1140 4517 1194 4570 hcc
1214 4520 1260 4570 est
1288 4533 1395 4588 eorpus
1422 4532 1527 4571 meum.
1559 4517 1599 4570 Ac
1634 4515 1786 4584 deinceps,

52 4608 249 4682 spiritualem
264 4609 415 4664 biberunt.
432 4605 547 4676 Corpus
564 4607 640 4661 enim
659 4607 775 4661 Domini
791 4624 899 4677 corpus

54 4699 105 4753 eet
121 4697 286 4767 spirituale.
298 4697 413 4767 Corpus
424 4694 533 4749 Christi
543 4709 652 4764 corpus
668 4699 715 4749 est
729 4696 819 4749 divini
832 4696 899 4767 Spi-

50 4788 145 4843 ritus.
169 4809 180 4833 ι
200 4786 271 4841 llaec
282 4787 353 4841 tanti
373 4785 426 4839 viri
449 4784 594 4839 sententia
610 4784 734 4838 fideliter
750 4800 894 4854 expensa,

52 4890 165 4933 omnes
181 4875 388 4930 haeretieorum
405 4873 562 4940 versutias,
575 4875 603 4926 et
619 4873 758 4927 universa
773 4874 900 4929 destruit
924 4927 926 4931 ,

47 4964 482 5038 argumenta,catlrolicamquc
499 4961 585 5015 iidem
601 4977 617 5015 e
633 4961 753 5015 diverso
772 4964 899 5017 instruit

50 5058 84 5111 ot
101 5052 236 5120 roborat,
253 5053 327 5107 etde
343 5053 466 5107 veritate
482 5051 608 5105 naturali
626 5053 761 5122 corporis
776 5068 810 5106 ac
828 5069 899 5107 san·

52 5141 165 5215 guinis
175 5140 247 5195 lesu
256 5139 365 5196 Christi
382 5140 546 5195 Salinatoris
560 5140 745 5194 devotionem
761 5141 902 5209 fidelium,

51 5246 93 5287 ne
111 5229 149 5284 de
167 5229 552 5301 coeteroinaliquovacillet,
575 5228 902 5285 sullicicnterncdiilcat.

47 5318 152 5386 Quum
167 5319 235 5388 quia
246 5317 518 5390 persingulanobis
528 5317 673 5388 inquibus
682 5321 831 5388 oporteret
843 5320 890 5375 dis

53 5410 335 5476 cutercnonvacat,
352 5407 520 5462 summatim
536 5407 739 5475 percurrimus
754 5422 827 5476 cani,
846 5423 906 5464 mo-

53 5499 171 5556 nentes
195 5500 225 5551 ut
247 5497 297 5568 qui
316 5497 380 5551 hacc
394 5495 500 5550 lecturi
516 5498 594 5563 sunt,
607 5511 659 5565 per
674 5511 707 5550 se
731 5495 903 5567 diligentius

44 5586 215 5659 inquirere
223 5586 424 5656 etiutclligere
440 5601 506 5656 quae
525 5585 696 5639 indiscussa
712 5587 903 5655 praeterimus

46 5675 213 5734 studeant.

89 5764 171 5820 Vlll.
192 5765 339 5837 nitergo:
357 5785 368 5811 ι
387 5762 446 5818 leta
462 5778 532 5819 esca
546 5778 634 5836 quam
645 5763 768 5837 accipis,
787 5764 903 5836 istepa-

42 5858 104 5917 nis
119 5853 213 5912 vivus
229 5853 279 5924 qui
291 5851 328 5908 de
343 5850 418 5908 coelo
433 5851 596 5924 deseendit,
613 5853 681 5911 vitae
696 5855 818 5914 aeternae
830 5855 902 5914 sub·

205 6007 338 6068 Parnon.
370 6003 497 6066 CXLIX.

955 4606 1026 4676 Hoc,
1050 4607 1098 4675 ait,
1124 4605 1215 4660 tacite
1241 4605 1272 4659 in
1296 4607 1356 4660 mei
1376 4607 1689 4661 commemorationem.
1715 4603 1789 4658 Hac
1870 4675 1872 4680 Ι

955 4712 1023 4765 vox,
1047 4698 1078 4749 ut
1105 4695 1254 4749 credimus
1284 4699 1312 4749 ct
1336 4695 1518 4762 eonsstemur,
1563 4697 1609 4748 est
1640 4693 1789 4763 adquam

957 4783 1210 4839 consecrationcm
1223 4784 1368 4839 Dominici
1388 4783 1656 4855 mysteriiquctidie
1671 4781 1735 4836 lieri
1750 4782 1788 4834 li-

956 4876 1034 4945 quet.
1062 4873 1144 4937 Quod
1182 4875 1319 4944 quarnvis
1355 4874 1434 4929 aliud
1477 4873 1615 4927 humanis
1652 4872 1790 4926 cernatur

956 4962 1117 5026 obtutibus,
1161 4963 1296 5033 quamvis
1343 4963 1420 5017 aliud
1467 4961 1637 5033 siguificare
1679 4958 1790 5014 utiliter

957 5052 1068 5106 ratione
1085 5051 1182 5121 typica
1196 5067 1255 5105 non
1280 5054 1413 5122 negetur,
1430 5050 1502 5104 nihil
1517 5052 1614 5104 tamen
1630 5048 1708 5104 aliud
1724 5064 1789 5104 cm·

959 5141 1027 5195 nino
1046 5140 1279 5194 substantialiter
1307 5156 1377 5195 esse
1397 5156 1483 5211 quam
1499 5155 1569 5194 vera
1591 5138 1702 5193 Christi
1719 5154 1790 5196 caro

959 5232 988 5284 et
1016 5245 1105 5283 verus
1136 5230 1260 5301 sanguis
1296 5229 1514 5299 comprobatur.
1541 5227 1576 5283 Et
1597 5228 1675 5283 sicut
1697 5243 1790 5301 supe-

959 5319 1022 5374 rius
1034 5319 1073 5372 ait
1083 5318 1373 5372 beatusAmbrosius
1385 5333 1413 5373 τι
1426 5319 1490 5372 lam
1505 5333 1562 5372 non
1573 5320 1619 5372 cst
1626 5319 1691 5387 post
1699 5317 1791 5373 verba

959 5408 1091 5463 caelestia
1106 5408 1184 5479 quod
1200 5410 1304 5460 natura
1316 5407 1463 5476 formavit,
1474 5407 1525 5462 sed
1536 5407 1614 5478 quod
1624 5407 1791 5463 benedictio
1813 5398 1819 5407 ’

960 5497 1092 5552 coelestis
1101 5498 1299 5563 consecravit,
1310 5497 1532 5568 quiamajorest
1549 5498 1595 5552 vis
1607 5496 1792 5552 benedictio·
1805 5522 1809 5531 ·

958 5586 1005 5639 nis
1016 5586 1133 5640 coelitus
1143 5585 1291 5639 intusaead
1299 5600 1403 5655 preces
1412 5587 1576 5642 sacerdotis
1584 5601 1671 5657 quam
1679 5581 1796 5640 naturae¹
1810 5556 1818 5619 l

958 5674 1026 5745 quia
1041 5675 1143 5744 etipsa
1159 5675 1262 5729 natura
1278 5673 1314 5728 ab
1329 5689 1365 5730 eo
1380 5675 1460 5748 quod
1475 5675 1577 5731 eratin
1597 5676 1626 5730 id
1642 5673 1719 5748 quod
1731 5687 1789 5728 nou

958 5766 1020 5819 erat
1034 5765 1163 5820 mutatur
1174 5762 1414 5822 bencdictione.»
1433 5764 1518 5820 Unde
1538 5767 1567 5820 et
1581 5765 1654 5819 elias
1668 5765 1698 5818 in
1713 5762 1789 5818 libro
1817 5766 1820 5771 '

957 5853 999 5910 De
1023 5853 1217 5912 sacramentis
1242 5853 1320 5912 idem
1335 5856 1392 5913 ait:
1418 5854 1539 5912 «Panis
1560 5852 1742 5923 'caumana
1752 5853 1807 5903 aa&

1611 6000 1665 6055 hl«.
