3900 6112
157 212 237 277 1343

735 215 953 281 WILLELMI
976 216 1299 292 coacuasrolus
1779 219 1856 289 1811

158 421 207 475 tur
224 433 312 473 casus
329 417 378 473 ille
393 417 502 472 clerico
518 432 574 472 suo
589 418 619 472 in
632 418 754 488 scripto,
764 418 828 473 etin
837 419 917 473 certo
926 417 992 473 loco
1006 403 1039 467 l·
1048 419 1134 491 regis
1149 420 1178 474 et
1191 418 1304 490 reginae
1319 419 1348 473 et
1362 431 1486 474 suorum
1499 417 1663 474 liberorum
1677 417 1877 491 tangentibus,

161 508 286 562 recitare
315 506 423 560 faciant
451 521 550 560 coram
574 506 619 560 eis
635 523 738 560 casum
755 507 846 571 illum,
861 509 898 560 ita
914 506 994 578 quod
1050 506 1077 562 i.
1095 509 1130 562 dc
1146 507 1274 580 negotiis
1290 507 1498 562 communibus
1513 508 1681 580 regnictde
1694 509 1817 580 legibus
1828 513 1882 563 ata-

161 596 220 667 ipsi
235 596 408 651 ordinentet
423 595 612 650 considerent
623 611 724 649 coram
744 612 776 650 se
792 596 918 666 qualiter
933 611 992 650 me·
1050 597 1168 652 tuendis
1184 601 1285 652 contra
1299 597 1433 652 delectus
1448 597 1547 669 legum
1556 598 1759 671 originalium,
1769 596 1886 668 judicia-

159 684 219 739 lius
249 684 402 756 atjustius
432 685 553 754 procedi
575 685 681 754 poterit
702 685 731 738 in
747 701 837 738 causa
852 684 899 738 illa
915 684 992 739 sicut
1052 686 1134 755 lium,
1158 690 1185 740 et
1210 687 1482 753 exsecutoriarum
1512 689 1579 756 post
1616 686 1733 756 iudicia
1762 685 1883 752 reddita,

162 775 230 845 ipsi.
241 774 298 828 Pro
314 789 443 843 persona
451 774 544 844 regis,
554 777 582 826 et
592 789 693 827 eorum
699 774 827 843 propriis
842 774 992 843 personis,

78 868 82 875 ‘
162 879 197 918 ao
213 864 299 918 etiam
316 861 513 933 propersonis
524 877 761 932 eorumqucrnm
781 877 925 931 personas
935 861 995 930 ipsi

163 955 379 1023 repraesentant
397 967 404 1019 3
428 956 456 1004 et
470 949 560 1004 relint
575 966 674 1004 coram
685 951 745 1004 Deo
761 951 953 1021 respondere,
968 952 997 1005 et

163 1056 235 1095 suas
250 1040 465 1110 responsiones
480 1042 508 1093 et
523 1038 705 1092 avisamenta
722 1039 909 1110 reportentin
925 1039 997 1094 scri·

97 1142 102 1153 ¹
162 1131 221 1200 ptis
240 1146 246 1199 3
277 1134 307 1182 ut
323 1128 460 1183 omnibus
483 1142 585 1182 eorum
601 1128 849 1198 responsionibus
860 1130 887 1182 et
897 1127 996 1181 avisa-

162 1218 279 1286 mentia,
297 1217 430 1271 consiliis
446 1221 474 1270 et
489 1217 683 1272 avisamentis
703 1217 853 1271 hincinde
877 1217 996 1286 auditiS,

162 1307 326 1362 secundum
342 1306 448 1360 melius
460 1309 488 1360 ct
503 1306 606 1360 sanius
629 1306 786 1359 consilium
802 1306 995 1376 procedatur:

162 1398 191 1451 ct
207 1395 257 1450 ubi
273 1395 377 1449 saltem
388 1394 568 1465 maj01·pars
587 1395 771 1464 parliamenti
786 1395 956 1463 concordat,
967 1396 999 1448 ut

163 1486 190 1540 si
218 1500 271 1555 per
296 1484 476 1538 discordiam
504 1485 580 1539 inter
604 1500 657 1538 eos
678 1488 706 1538 et
722 1500 823 1554 regem
839 1486 867 1538 et
881 1484 999 1553 aliquos

163 1579 330 1647 magnates
357 1575 402 1627 vel
419 1573 494 1628 forte
510 1574 587 1627 inter
597 1575 680 1642 ipsos
700 1577 863 1644 magnates,
880 1587 938 1642 pax
953 1586 999 1625 re·

167 1664 219 1737 gni
242 1663 418 1731 infirmetur,
437 1663 484 1716 vel
499 1662 636 1732 populos,
654 1663 700 1716 vel
714 1662 847 1733 patriam,
866 1663 906 1715 ita
921 1660 1000 1732 quod

166 1754 285 1808 videtur
313 1753 378 1823 regi
394 1755 421 1806 ct
437 1751 503 1823 ejus
532 1751 657 1806 consilio
673 1752 752 1823 quod
774 1751 935 1822 expediens
951 1749 991 1804 eit

167 1843 245 1914 quod
275 1841 427 1913 nogotium
455 1840 528 1897 illud
548 1842 697 1895 ,tractetur
718 1843 747 1894 at
762 1841 935 1895 emendetur
950 1854 1003 1910 par

165 1931 432 1986 considerationum
448 1929 577 1983 omnium
591 1929 706 1999 parium
722 1930 808 2001 regni
832 1929 889 1997 sui,
906 1927 954 1983 vel
975 1926 1002 1981 si

165 2035 219 2090 por
247 2034 386 2092 guerram
402 2034 456 2073 rex
467 2022 495 2072 et
511 2035 640 2089 regnum
652 2018 840 2088 tribulentur,
856 2016 903 2072 vel
915 2018 942 2071 si
956 2031 1004 2071 ca·

166 2125 221 2164 sus
251 2108 383 2163 difficilis
406 2123 506 2162 coram
526 2107 702 2163 canccllario
731 2107 1002 2178 Angliaeemergat,

167 2214 223 2254 eeu
251 2197 372 2253 diltlcile
401 2212 502 2251 coram
527 2195 690 2268 justitiario
708 2195 1004 2264 lueritrcddendum,

167 2291 195 2344 et
211 2286 394 2359 hujusmodi.

202 2376 238 2431 Et
253 2376 281 2430 si
295 2376 370 2430 forte
388 2375 417 2427 in
434 2372 604 2446 hujusmodi
622 2373 890 2428 deliberationibus
902 2387 1005 2428 omnes

165 2467 214 2521 vel
226 2465 329 2520 saltem
344 2467 441 2534 major
452 2480 521 2534 pars
530 2464 711 2518 concordare
721 2478 779 2517 non
792 2464 917 2532 valcant,
936 2466 1004 2516 tune

168 2570 269 2610 comes
286 2552 484 2619 senescallus,
496 2552 854 2621 comesconstabulariuS,
866 2555 894 2606 et
905 2566 1005 2606 comcs

167 2640 493 2709 marescallus,velduo
510 2641 729 2714 eorumeligent
742 2641 847 2713 viginti
876 2640 1005 2711 quinque

168 2747 314 2804 personas
332 2731 367 2785 dc
383 2730 522 2784 omnibus
538 2730 660 2800 paribus
682 2730 777 2802 regni,
800 2730 915 2783 scilicct
930 2730 1005 2783 duos

168 2821 336 2891 episcopos,
361 2822 424 2874 tres
441 2822 651 2890 procuratores
666 2834 719 2890 pro
735 2821 794 2873 toto
821 2818 910 2887 clero,
930 2819 1005 2872 duos

1054 791 1120 846 quae
1149 775 1218 828 sunt
1256 774 1381 828 maxime
1412 774 1579 828 communia
1626 775 1770 845 negotia,¹
1801 774 1879 827 tertio

1055 864 1163 918 debent
1198 861 1390 917 rememorari
1417 862 1536 934 negotia
1569 862 1749 934 singularia,
1780 866 1809 916 et
1835 860 1886 915 boc

1056 952 1222 1008 secundum
1250 951 1384 1007 ordinem
1412 951 1587 1023 petitionum
1609 950 1763 1005 filatarum
1778 952 1891 1020 utprn·

1055 1042 1164 1097 dictum
1179 1044 1234 1097 est.

1092 1147 1163 1203 Gar.
1179 1148 1231 1202 xl.
1246 1147 1292 1203 Dc
1304 1147 1412 1202 diebus
1425 1153 1456 1202 et
1470 1147 1556 1202 boris
1567 1145 1854 1216 adparliamentn.

1093 1256 1321 1310 Parliamcntum
1332 1268 1391 1308 non
1400 1251 1706 1308 debetteneridiebus
1718 1251 1887 1320 Dominicis

1058 1345 1112 1399 scd
1124 1343 1191 1398 aliis
1207 1343 1322 1398 cunctis
1336 1343 1454 1409 diebus,
1464 1341 1514 1396 illo
1528 1343 1576 1395 die
1585 1354 1711 1411 semper
1726 1343 1897 1410 exceptant

1057 1434 1124 1487 aliis
1140 1433 1375 1502 tribus,scilicct,
1385 1431 1521 1485 Omnium
1530 1430 1726 1493 Sanctorum,
1738 1432 1769 1484 et
1776 1430 1891 1483 Amma-

1056 1538 1132 1587 rum,
1155 1524 1183 1576 et
1197 1521 1366 1576 Natiuitatis
1380 1520 1474 1575 sancti
1488 1519 1613 1574 loannis
1630 1519 1790 1589 Baptistae,
1805 1522 1895 1588 potest

1057 1611 1152 1666 teneri
1168 1627 1174 1665 ε
1192 1615 1221 1666 et
1235 1611 1322 1665 debet
1337 1609 1467 1680 siugulis
1480 1608 1586 1664 diebus
1594 1607 1740 1663 inchoari
1756 1607 1830 1663 bora
1839 1622 1893 1662 me-

1057 1701 1105 1755 dia
1119 1701 1223 1771 prima,
1236 1699 1430 1771 qualrorarex
1438 1701 1553 1771 tenatur
1563 1698 1768 1769 parliamento
1775 1697 1898 1752 interca·

993 1790 1000 1819 '
1018 1779 1092 1846 Bae
1107 1793 1135 1845 at
1150 1804 1254 1844 omnes
1268 1803 1357 1860 pares
1372 1787 1555 1859 parliamenti
1564 1787 1675 1842 debent
1693 1787 1794 1843 teucri
1808 1786 1897 1841 occul·

1057 1881 1087 1934 to
1109 1879 1192 1934 loco·
1209 1878 1242 1932 ln
1256 1876 1362 1933 diebus
1377 1876 1495 1932 festivis
1504 1875 1739 1948 parliamentum
1754 1875 1844 1932 debet
1855 1876 1897 1929 in·

1058 1968 1161 2024 cboari
1171 1967 1245 2023 bora
1267 1967 1367 2038 prima·
1376 1968 1497 2038 propter
1509 1965 1643 2020 divinum
1658 1965 1833 2022 servitium.

1201 2072 1273 2129 Gna.
1297 2073 1358 2128 Xll.
1376 2073 1420 2128 De
1451 2070 1599 2145 aradibus
1623 2071 1760 2144 parium.

1098 2181 1161 2237 Rex
1177 2182 1224 2236 est
1238 2183 1334 2252 capnt,
1348 2179 1523 2252 principium
1536 2183 1564 2234 ct
1577 2178 1648 2234 linis
1662 2178 1900 2250 parliamenta

1061 2272 1099 2326 ita
1128 2287 1186 2325 non
1201 2270 1289 2325 habet
1308 2286 1410 2341 parem
1434 2269 1464 2325 in
1480 2284 1534 2324 suo
1555 2269 1661 2341 gradu,
1684 2274 1715 2323 et
1732 2269 1822 2324 itaex
1835 2282 1898 2340 rege

1062 2359 1127 2416 solo
1143 2362 1189 2415 est
1199 2360 1312 2431 primus
1328 2360 1441 2432 gradus
1452 2358 1807 2430 3secundusgradueest
1817 2373 1899 2413 exar-

1063 2449 1273 2520 chiepiscopis,
1302 2448 1463 2519 episcopia,
1490 2448 1663 2518 abbatibus,
1680 2446 1841 2518 prioribus
1854 2460 1900 2516 per

1062 2539 1216 2594 baroniam
1230 2537 1399 2593 tenentibus
1412 2553 1419 2607 ;
1431 2538 1535 2592 tertius
1549 2536 1664 2608 gradus
1681 2540 1733 2592 cst
1749 2536 1787 2591 dc
1802 2551 1899 2606 procn-

1062 2628 1213 2683 ratoribus
1229 2628 1317 2696 oleri3
1334 2626 1686 2698 quartusdecomitibus,
1700 2623 1900 2680 baronibueel

1062 2718 1128 2771 aliis
1140 2717 1328 2788 magnatibus
1358 2718 1387 2770 et
1409 2715 1583 2785 proceribus
1598 2714 1780 2768 tenentibus
1803 2714 1840 2767 ad
1854 2728 1900 2765 ra-

1061 2806 1178 2860 lontiam
1190 2806 1346 2860 comitatus
1363 2809 1391 2859 at
1405 2803 1548 2871 benonim,
1567 2802 1646 2857 sicut
1662 2803 1848 2872 praedictum
1861 2805 1900 2856 cst

168 2910 301 2978 comites,
319 2912 347 2963 et
362 2912 423 2962 tres
450 2908 592 2977 barones,
615 2909 745 2979 quinque
761 2907 871 2962 milites
887 2907 1006 2961 comita.
1061 2897 1090 2949 in
1110 2894 1193 2949 titulo
1216 2894 1253 2948 de
1281 2893 1383 2957 laicis;
1400 2892 1521 2963 quintus
1547 2894 1593 2946 est
1608 2890 1645 2945 de
1661 2891 1817 2946 militibus
1832 2906 1898 2946 corn.

166 3002 261 3069 tuum,
279 2999 409 3070 quinquo
432 2998 515 3052 cives
531 3002 559 3052 et
574 2999 755 3068 burgenses,
772 2997 822 3067 qui
838 2997 949 3051 laniunt
965 2995 1006 3047 vi.
1061 2982 1244 3055 [comitibus]
1254 3002 1261 3047 ;
1288 2985 1393 3037 sextus
1408 2982 1446 3036 de
1462 2981 1578 3035 civibus
1590 2985 1619 3035 et
1632 2981 1858 3052 burgensibus.
1873 2979 1902 3034 Et

168 3090 243 3162 giuti
254 3089 395 3160 quinque,
410 3090 438 3140 et
449 3086 491 3140 illi
502 3086 607 3158 viginti
616 3087 746 3156 quinque
755 3088 881 3156 possunt
894 3086 1006 3156 aligero
1062 3072 1494 3142 5¹³0⁸¹P³P15⁸m⁰sst¹¹ffi⁰¹⁸⁰x
1503 3070 1658 3142 gradibus·
1675 3069 1739 3125 Sed
1749 3069 1900 3125 ⁸⁰i²¹¹d¹1ffl

170 3194 207 3233 ex
222 3195 256 3233 so
286 3176 360 3246 ipsis
377 3166 542 3241 duodecim,
561 3178 588 3229 et
605 3175 846 3249 condescendere
862 3174 892 3227 in
908 3174 962 3239 cis,
980 3174 1008 3226 ct
1025 3139 1108 3217 cest
1124 3163 1202 3233 qu⁰d
1217 3159 1900 3232 1106181111]ὶῦ(Ῑίθῑῡῐῠωὸΐθᾶῑωῐῐψθδῑηὸθω

169 3268 227 3338 ipsi
243 3266 399 3321 duodecim
413 3280 478 3334 sex,
496 3267 525 3318 et
540 3263 780 3318 condescendere
797 3263 825 3317 in
841 3264 934 3331 eis,ot
949 3261 1006 3332 ipsi
1062 3254 1207 3319 absentet,
1224 3248 1838 3319 dumtflm0110¹¹11108pt'fflmonitifuel'inl
1856 3262 1901 3317 ptr

172 3372 226 3412 sex
241 3357 337 3410 adhuc
357 3358 418 3408 tres
434 3357 462 3408 ct
473 3351 716 3406 condescendere
732 3353 760 3404 in
776 3352 831 3418 eie,
848 3355 876 3405 ct
890 3351 932 3405 illi
943 3352 1007 3404 tres
1062 3333 1901 3406 ratiffltflbilssfflS⁰m¹¹¹0111210ss⁰¹1¹Pillittmesslbssihflffll

171 3446 202 3500 in
231 3443 423 3514 paucioribus
451 3441 692 3496 condescendere
721 3442 933 3510 nonpossunt,
950 3439 1007 3494 nisi

170 3534 288 3590 obtenta
302 3532 424 3586 licentia
438 3547 455 3583 a
470 3530 588 3584 domino
611 3544 683 3600 rege
701 3547 708 3595 ;
723 3532 751 3583 et
767 3530 793 3582 si
809 3544 862 3582 rcx
880 3544 1006 3583 consen-

168 3625 222 3677 tiat
233 3622 262 3674 in
279 3623 340 3675 tres
351 3622 489 3690 possunt,
501 3619 532 3671 in
546 3617 632 3687 duce,
649 3620 677 3672 et
692 3618 727 3672 de
737 3617 796 3671 illis
807 3617 923 3671 duobus
932 3617 1007 3672 aller

169 3711 267 3780 potest
290 3707 320 3761 in
352 3707 439 3760 alium
468 3705 650 3760 descendere
681 3704 714 3776 [t.
745 3703 1006 3775 condescenderet,

171 3801 200 3850 ct
210 3798 249 3850 ita
262 3796 380 3866 demum
397 3795 487 3849 stabit
500 3809 554 3848 sna
566 3794 710 3848 ordinatio
727 3809 817 3863 supra
833 3796 923 3848 totum
938 3809 1007 3863 par-

171 3886 354 3954 liamentum,
384 3890 411 3938 et
427 3885 466 3938 ita
482 3883 747 3939 condescendendo
763 3899 779 3936 a
804 3883 908 3954 viginti
923 3883 1009 3954 quin·

177 3990 234 4047 que
250 3974 389 4045 personis
405 3974 544 4044 usquead
560 3989 646 4026 unam
659 3987 815 4043 personam
833 3972 937 4039 solam,
950 3971 1007 4024 nisi

173 4080 316 4120 numerus
339 4062 435 4134 major
463 4062 645 4117 concordare
675 4061 770 4114 voleat
794 4064 822 4114 ct
846 4061 1008 4130 ordinare,

171 4154 290 4210 tandem
307 4153 370 4208 sola
386 4166 524 4223 persona,
543 4154 573 4206 ut
588 4155 635 4206 cst
650 4152 773 4219 dictum,
790 4164 845 4219 pro
870 4151 1008 4205 omuibus

174 4243 332 4312 ordinabit,
350 4257 417 4313 quae
433 4257 500 4295 cum
520 4256 552 4295 ec
568 4242 633 4310 ipsa
645 4238 816 4293 discordare
828 4254 884 4292 non
900 4242 1008 4309 potest,

174 4333 258 4389 salvo
274 4331 393 4386 domino
410 4345 491 4401 rega,
504 4334 532 4385 ct
547 4329 615 4401 ejus
631 4330 767 4399 consilio,
785 4329 861 4399 quod
879 4328 935 4399 ipsi
953 4329 1010 4383 hu·
1057 4346 1060 4353 ·

59 4431 63 4437 ’
171 4421 305 4495 jusmodi
321 4420 523 4475 ordinationes
539 4424 696 4491 postquam
712 4420 833 4489 scriptae
849 4418 967 4488 luerint,
982 4421 1012 4474 et

176 4510 357 4580 examinare,
383 4512 411 4563 ct
449 4509 606 4563 emendare
631 4509 757 4576 valcant,
780 4509 806 4562 si
827 4507 884 4562 hoc
911 4508 1010 4563 lacere

176 4600 281 4668 sciant,
299 4604 327 4654 ct
346 4597 437 4652 velint
447 4616 454 4663 ;
475 4598 514 4651 ita
531 4599 609 4669 quod
625 4598 682 4652 hoc
698 4597 807 4653 ibidem
822 4603 891 4651 tunc
902 4597 931 4650 iu
945 4599 1010 4666 ple-

176 4705 215 4745 uo
232 4688 434 4760 parliamento,
451 4692 479 4742 et
503 4687 538 4742 de
550 4702 700 4742 consensu
712 4686 895 4756 parliamenti
908 4691 936 4741 et
952 4702 1010 4743 non

176 4784 257 4835 retro
271 4778 496 4850 parliamentum
511 4777 569 4831 ilat.

320 4867 391 4922 Cam
409 4867 445 4922 X.
464 4865 508 4920 De
525 4866 654 4937 repotiis
664 4864 866 4936 parliamenti.

215 4957 341 5029 Negotia
368 4972 423 5026 pro
453 4955 562 5026 quibus
588 4953 811 5024 parliamentum
831 4956 887 5020 est,
903 4954 1012 5009 debent

180 5047 341 5102 deliberari
366 5046 530 5100 secundum
546 5042 694 5098 Kalendar
709 5042 901 5113 parliamenti,
918 5047 945 5097 ct
961 5058 1011 5097 sa·

181 5135 313 5189 cundum
327 5135 459 5190 ordinem
477 5133 880 5205 petitionumliheralarumet
893 5132 1011 5187 allllita·

180 5237 245 5276 rum
259 5221 328 5294 [pal.
346 5223 489 5295 cndleesl,
506 5223 587 5279 nullo
615 5222 715 5276 habito
730 5225 869 5292 respectu
884 5221 920 5274 ad
936 5237 1012 5292 quc-

128 5324 134 5337 ··
181 5325 365 5380 rumcunque
392 5329 550 5383 personae,
580 5312 633 5367 scd
663 5312 713 5382 qui
741 5313 826 5381 prius
848 5311 1011 5382 proposuit,

182 5400 268 5469 prius
283 5402 360 5471 agat.

220 5487 253 5542 ln
267 5487 424 5543 Kalendari
434 5491 617 5558 parliamenti
632 5490 824 5546 rememorari
835 5489 943 5544 debent
954 5504 1016 5545 om·

186 5575 234 5631 nia
257 5577 376 5650 negotia
404 5578 588 5646 parliamenti
611 5582 668 5637 sub
692 5581 750 5636 isto
778 5579 897 5636 ordine:
921 5578 947 5634 l.
979 5581 1015 5636 de

1065 3445 1122 3484 uus
1138 3432 1279 3482 censetur
1294 3441 1364 3480 esse
1379 3425 1509 3494 plenum.

1205 3533 1276 3588 Car.
1294 3532 1371 3587 Xlll.
1397 3531 1441 3586 De
1454 3531 1538 3586 modo
1549 3529 1762 3602 parliamenti.

1102 3642 1228 3697 Ostensa
1239 3641 1333 3711 primo
1348 3639 1443 3694 forma
1458 3637 1583 3710 qualiter
1599 3637 1723 3692 cuilibet
1739 3640 1900 3710 etaquanto

1066 3735 1196 3802 temporo
1212 3727 1401 3784 summonitio
1410 3726 1595 3799 parliamenti
1607 3726 1674 3781 lleri
1695 3727 1799 3796 debet,
1816 3729 1845 3781 ct
1858 3725 1901 3797 qui

1065 3821 1167 3876 venire
1183 3816 1632 3888 debentpersummouitioncm,
1644 3817 1676 3870 et
1691 3816 1744 3886 qui
1762 3832 1841 3886 non,
1858 3831 1900 3870 se-

1068 3910 1163 3964 cundo
1179 3907 1336 3963 dicendum
1352 3910 1397 3961 est
1412 3905 1464 3977 qui
1475 3906 1543 3960 sont
1553 3904 1728 3975 quirationa
1741 3905 1901 3960 officiorum

1068 4013 1190 4053 suorum
1204 3997 1305 4051 venire
1322 3995 1430 4051 debent
1445 3998 1472 4049 et
1484 3994 1631 4049 interesse
1643 3996 1792 4048 tenentur
1807 3996 1903 4066 perto-

1065 4092 1126 4142 tum
1141 4086 1361 4158 parliamentum
1378 4083 1796 4139 sinesummonitiona.Unde
1813 4085 1904 4138 adrer-

1064 4176 1185 4231 tcndum
1199 4178 1244 4230 est
1258 4174 1338 4245 quod
1352 4173 1410 4229 duo
1418 4171 1708 4242 clericiprincipalea
1716 4172 1902 4243 parliamenti

1065 4265 1165 4319 clerici
1189 4279 1241 4335 pcr
1256 4278 1358 4335 regem
1383 4261 1491 4333 atejus
1506 4259 1677 4328 consilium,
1695 4264 1724 4316 et
1741 4262 1795 4315 alii
1811 4261 1905 4317 clerici

1068 4353 1248 4422 secundarii,
1259 4352 1295 4407 de
1306 4351 1416 4424 quibus
1426 4353 1454 4405 at
1462 4364 1586 4421 quorum
1598 4347 1711 4405 officiis
1719 4350 1840 4406 dicetur
1850 4364 1905 4420 spe

1067 4443 1172 4497 cialius
1188 4444 1273 4514 post;
1303 4444 1331 4495 ct
1352 4438 1525 4511 principalis
1549 4437 1696 4493 clamator
1710 4439 1835 4512 Angliae
1846 4453 1902 4493 cum

1068 4530 1339 4588 subclamatoribus
1364 4529 1440 4597 suia,
1460 4525 1674 4598 etprincipalis
1691 4528 1840 4583 ostiarius
1853 4529 1901 4582 Aa·

1069 4621 1155 4694 glire,
1171 4636 1238 4691 quae
1254 4616 1429 4687 duoofllcia,
1447 4615 1561 4671 scilicet
1575 4614 1711 4669 officium
1730 4617 1901 4672 clamatoria

1071 4720 1099 4767 ct
1124 4710 1265 4778 ostiariae,
1291 4707 1428 4763 solebant
1444 4707 1480 4760 ad
1502 4719 1593 4759 uuum
1609 4706 1637 4758 et
1653 4704 1736 4759 idem
1751 4707 1901 4777 pertinere.

1072 4800 1124 4857 lsti
1139 4797 1274 4854 oilleiarii
1289 4797 1425 4851 tenentur
1446 4793 1592 4849 interesse
1606 4793 1706 4862 primo
1722 4793 1901 4850 diacancel·

1070 4891 1162 4945 larius
1172 4885 1299 4958 anglice,
1310 4882 1525 4952 thesaurarius,
1538 4882 1900 4952 camerarius,etharoncs

1072 4981 1109 5035 de
1127 4975 1295 5044 Scaocario,
1315 4971 1480 5045 justitiarii,
1509 4984 1613 5024 omnes
1628 4969 1736 5025 clerici
1752 4975 1783 5026 et
1807 4972 1901 5026 milites

1073 5068 1165 5140 regis,
1194 5082 1251 5120 una
1274 5079 1341 5118 cum
1355 5058 1555 5117 seruientibus
1569 5058 1604 5113 ad
1618 5058 1730 5128 placita
1746 5061 1840 5133 regis,
1859 5058 1901 5130 qui

1074 5159 1143 5212 sunt
1158 5156 1194 5210 dc
1210 5152 1334 5210 consilio
1350 5151 1433 5224 regis
1448 5152 1587 5205 tenentur
1602 5148 1758 5204 interesse
1782 5149 1901 5206 secundo

1074 5249 1131 5315 die,
1157 5244 1216 5299 nisi
1245 5240 1435 5296 rationabiles
1465 5237 1679 5293 excusationes
1703 5238 1843 5307 habeant,
1869 5238 1900 5289 ita

1075 5335 1312 5415 quod'intcresso
1327 5330 1573 5401 nonposacnt30t
1590 5331 1662 5382 tunc
1673 5327 1794 5385 mittere
1806 5326 1901 5384 debent

1073 5426 1168 5480 bonas
1183 5420 1404 5478 excusationes.

1161 5547 1233 5603 Gar.
1249 5545 1325 5602 xlv,
1341 5542 1386 5601 De
1408 5541 1599 5599 inchoatione
1609 5539 1823 5613 parliamenti.

186 5674 306 5743 auara,
323 5666 351 5725 si
378 5678 488 5738 guerra
502 5668 552 5740 ait,
562 5670 714 5729 etdcaliis
729 5670 858 5745 cenobia
871 5683 1019 5742 personna
1110 5672 1254 5731 Dominus
1269 5668 1448 5728 rexscdebit
1461 5669 1493 5728 in
1506 5664 1605 5725 medio
1615 5664 1748 5741 maim
1770 5663 1899 5738 bustal
