3908 6112
168 279 223 348 lbi

672 277 864 346 desumet
888 277 1188 351 cunnbeunsts
1210 283 1401 353 nonecffl

1834 276 1896 360 ud

139 489 143 497 ’
168 498 244 553 amai
264 495 435 569 frequenter
456 495 562 565 iacere,
580 496 726 552 eonreniu
744 492 870 550 maxime
886 491 1048 562 cernon-A
1067 495 1195 564 leantur,
1213 496 1280 559 etc„
1297 492 1424 558 inclinis,
1445 493 1545 549 Gloria
1560 493 1650 549 Patri
1658 511 1665 559 ;
1683 495 1812 562 erectus,
1824 493 1899 565 tigi-

167 593 206 657 te,
235 591 264 642 et
291 588 408 659 quoties
425 587 502 657 iacit,
512 586 582 641 iacit
595 589 798 642 reverenteret
812 601 863 655 pro
875 582 1011 638 necessi-

167 678 235 747 tate,
258 681 286 732 et
312 692 463 747 nunquam
489 676 601 747 absque
625 674 752 747 aiicujus
776 673 907 729 utilitatis
923 672 1009 726 ratio·

170 782 217 835 ne,
235 771 266 820 nt
292 769 398 820 caetera
423 765 564 833 membra,
587 765 626 819 ita
653 765 750 835 ipsum
772 777 887 834 quoquc
911 761 1010 815 visum

171 854 290 910 cohibet
304 871 320 909 a
334 856 508 926 vagacitate.
526 850 621 908 Finita
640 853 742 921 missa,
761 868 827 907 eum
839 863 953 906 surnmo
966 850 1009 903 si-

173 941 263 999 lentio
273 944 356 999 sedet
367 945 402 999 ad
413 945 566 999 lectionem
582 956 738 1015 quousque
750 942 833 1013 pueri
842 936 962 995 redeant
974 935 1010 994 de

174 1031 273 1089 misto.

466 1120 592 1179 CAPUT
612 1121 717 1178 xxiii.

296 1213 356 1280 Qua
367 1213 524 1284 discipliuae
541 1220 656 1268 maneat
672 1213 702 1265 in
717 1209 889 1266 refectorio
987 1278 1001 1290 -

212 1295 256 1359 dd
273 1304 375 1359 horam
390 1297 504 1374 prandii
524 1295 572 1356 vel
594 1317 697 1370 coenae,
718 1298 744 1355 si
764 1296 793 1354 in
809 1293 1012 1354 dormitorium

176 1409 235 1451 non
250 1393 394 1460 ascendit,
412 1392 516 1447 iuratis
541 1392 677 1446 munibus
698 1390 794 1444 statim
816 1389 904 1442 intrat
918 1388 947 1442 in
961 1401 1011 1441 re·

177 1483 343 1540 lectorium.
374 1483 417 1537 dd
445 1482 547 1537 aedem
572 1496 656 1536 suam
686 1480 761 1536 iacto
793 1480 857 1534 ante
884 1482 913 1533 et
933 1480 1012 1533 retro

177 1573 282 1629 stando
308 1577 481 1628 reverenter
507 1576 657 1644 exspectat
687 1570 836 1627 dominum
865 1569 1012 1638 ablutum,

176 1663 237 1720 nisi
250 1662 323 1717 adeo
339 1662 378 1717 sit
392 1662 528 1717 iuiirmus
544 1666 575 1716 ut
590 1665 670 1717 stare
686 1676 743 1716 non
759 1659 865 1732 possit,
883 1666 952 1713 tune
967 1671 1014 1711 so·

177 1753 242 1823 det3
259 1751 330 1807 nihil
343 1752 460 1807 omnino
482 1751 618 1816 eomedit,
645 1753 801 1822 antequam
816 1749 902 1804 lectio
917 1747 956 1802 sit
971 1747 1014 1801 in·

1066 598 1131 636 mus
1147 582 1212 654 tibi,
1234 588 1302 654 ete,
1318 585 1344 638 si
1361 599 1454 652 eoena,
1470 583 1644 639 Memoriam
1660 582 1742 653 iecit,
1768 586 1838 652 ete,
1856 585 1896 652 et,

1066 670 1249 728 Benedictus
1267 674 1356 741 Deae,
1372 678 1448 740 etc.;
1465 674 1541 728 iacto
1559 676 1625 727 anic
1640 676 1668 727 et
1690 675 1769 727 retro
1785 671 1897 727 incedit

1066 763 1244 833 pedetentim
1262 763 1404 817 cantando
1427 762 1582 832 psalmum,
1610 762 1771 830 Miserere,
1797 776 1896 832 usque

1066 853 1102 907 ad
1122 853 1229 906 ostium
1255 852 1425 921 relectorii;
1447 851 1546 921 ibique
1566 867 1600 907 se
1625 851 1770 905 inclinans
1794 853 1898 905 eontra

1066 957 1200 996 mensam
1215 942 1417 1011 principalem,
1435 941 1506 996 dicit
1525 942 1621 996 omnio
1636 955 1702 1011 quse
1719 941 1748 994 iu
1768 938 1898 993 ecelesia

1066 1030 1203 1084 dicuntur
1226 1047 1243 1084 a
1265 1031 1420 1085 sacerdote
1440 1030 1486 1083 vel
1506 1045 1523 1082 a
1541 1033 1698 1099 conventu,
1715 1028 1743 1082 id
1760 1031 1816 1096 est,
1844 1028 1899 1082 Di·

1068 1119 1194 1194 apersit,
1202 1120 1284 1175 dedit
1291 1118 1482 1192 pauperibus,
1497 1121 1564 1187 etc,
1576 1117 1824 1173 novissimeiacto
1833 1121 1900 1172 ante

1069 1215 1097 1265 et
1111 1215 1189 1264 rotro
1206 1210 1274 1263 exit.
1292 1208 1375 1274 Quod
1390 1209 1415 1263 si
1436 1225 1493 1264 non
1508 1207 1634 1278 amplius
1650 1223 1737 1279 quam
1754 1206 1846 1262 semei
1863 1221 1898 1261 eo

1069 1293 1115 1355 die
1132 1291 1239 1354 iratres
1259 1298 1425 1366 comedunt,
1442 1301 1511 1352 tunc
1526 1309 1584 1352 non
1604 1297 1678 1352 aiios
1705 1310 1814 1350 versus
1830 1294 1901 1350 dicit

1068 1405 1157 1460 quam
1172 1388 1239 1444 ilios
1255 1388 1290 1442 ad
1316 1403 1429 1442 emnam
1445 1385 1637 1457 pertinentes
1659 1387 1688 1440 et
1701 1385 1829 1457 Agimus
1844 1381 1901 1438 tibi

1068 1478 1185 1553 pretias
1202 1493 1209 1548 3
1226 1492 1327 1533 rerum
1357 1492 1505 1548 nunquam
1528 1477 1564 1531 ed
1593 1490 1679 1530 uuam
1705 1475 1801 1529 vicem
1831 1472 1900 1528 iacit

1068 1573 1234 1644 utrumque,
1252 1570 1282 1624 ut
1297 1566 1410 1622 tardius
1438 1581 1526 1641 quam
1554 1565 1603 1620 aiii
1628 1563 1735 1634 veniat,
1761 1566 1791 1618 et
1813 1561 1901 1617 citius

1069 1663 1183 1733 surgat.

1370 1749 1496 1804 CAPUT
1510 1748 1614 1804 XXIV.

178 1846 283 1912 empta,
300 1844 328 1897 et
347 1843 503 1912 antequam
523 1841 559 1894 do
581 1856 667 1894 manu
693 1838 858 1893 sacerdotis
888 1836 1014 1892 oblatam
1070 1840 1112 1894 lte
1124 1838 1307 1893 habitatione
1319 1855 1370 1893 sna
1381 1846 1409 1894 et
1423 1845 1489 1910 poet
1496 1839 1654 1911 prandium
1674 1841 1780 1909 etpost
1790 1849 1900 1890 coenam

178 1931 320 2001 accipiat3
338 1930 365 1984 si
390 1933 487 1985 tamen
509 1934 553 1985 cst
578 1931 690 2002 privata
706 1927 781 2000 dies,
806 1933 834 1985 et
849 1931 876 1984 si
890 1925 955 2000 ipsa
968 1927 1015 1982 die
1104 1931 1176 1984 Post
1191 1927 1401 1996 reiectionem,
1418 1929 1454 1983 ad
1470 1928 1545 1983 hauc
1560 1929 1663 1982 norum
1680 1925 1787 1998 maj0ri
1803 1921 1901 1978 studio

177 2036 237 2077 non
252 2021 487 2076 communicavit.
506 2021 546 2076 De
562 2022 641 2076 nullo
657 2023 757 2094 gustat
773 2020 905 2093 generali
919 2017 1015 2090 prius·
1070 2034 1157 2090 quam
1173 2019 1208 2072 ad
1224 2019 1311 2073 aliam
1329 2018 1478 2073 silentium
1493 2020 1539 2074 est
1562 2013 1621 2072 sibi
1643 2014 1797 2083 indictum,
1813 2017 1843 2068 et
1857 2026 1902 2066 ee·

178 2123 266 2184 quam
290 2111 495 2181 benedicatur,
522 2110 700 2182 sibimetipsi
725 2111 797 2165 nibil
819 2125 946 2180 unquam
962 2123 1016 2178 ap·
1069 2108 1197 2162 cundum
1213 2108 1292 2179 quod
1303 2107 1428 2178 tempori
1442 2107 1487 2161 rel
1499 2106 1595 2162 ordini
1603 2109 1650 2162 est
1660 2105 1901 2169 consentaneum,

178 2203 274 2271 portat
288 2204 397 2271 praeter
411 2201 455 2255 sal
479 2203 507 2256 et
528 2216 643 2271 aquam,
667 2201 725 2255 nisi
745 2200 819 2255 iai-te
840 2197 1017 2272 generaliter
1070 2200 1119 2251 aut
1134 2196 1163 2251 in
1179 2197 1309 2252 elaustro
1326 2197 1411 2251 sedet
1430 2195 1557 2269 legendo
1572 2193 1620 2252 vei
1635 2192 1792 2262 canmndo,
1813 2193 1865 2245 aut
1877 2187 1904 2244 si

179 2289 339 2347 serviendo
364 2291 461 2346 veniat
485 2291 520 2345 ad
542 2290 642 2345 sedem
663 2305 758 2345 suam.
775 2289 804 2344 Si
829 2287 944 2360 quidet
964 2301 1017 2357 per
1070 2288 1167 2359 pergit
1190 2286 1346 2343 dormitum
1362 2289 1391 2341 et
1411 2286 1512 2360 legere
1527 2285 1661 2353 voluerit,
1675 2283 1805 2356 jacendo
1820 2279 1902 2352 legit,

179 2379 269 2436 alium
299 2383 477 2451 apportatur,
501 2383 672 2435 reverenter
696 2383 798 2434 eontra
821 2377 947 2448 porrigit
958 2391 1016 2430 ma·
1071 2381 1099 2431 et
1113 2377 1153 2432 ita
1168 2377 1351 2446 compositus
1366 2390 1400 2431 ao
1416 2376 1443 2431 si
1467 2375 1564 2430 statim
1588 2372 1686 2445 cupiat
1708 2369 1902 2434 obdormire;

180 2484 261 2539 num,
278 2472 307 2523 et
327 2467 539 2539 aliquantulum
563 2468 701 2536 inelinat3
727 2467 839 2538 siquid
861 2465 889 2521 ei
912 2465 958 2519 vel
980 2463 1017 2517 ab
1071 2481 1130 2522 uon
1145 2466 1273 2521 medoen
1287 2466 1526 2539 signaquaecum
1540 2455 1903 2528 manabuntdevitat,sed

180 2557 247 2628 ipso
262 2556 368 2610 domno
383 2558 497 2626 abbate,
514 2557 560 2612 rei
576 2557 702 2628 apriore
714 2557 749 2610 ad
765 2556 879 2611 seillam
895 2554 1017 2609 sedente
1073 2556 1158 2610 etiam
1175 2560 1276 2609 nutum
1296 2555 1447 2610 oculorum
1466 2568 1650 2625 nequaquam
1665 2551 1769 2623 dirigit
1792 2548 1830 2604 ad
1844 2547 1904 2602 lee-

179 2645 328 2717 dirigitur,
345 2661 381 2700 ex
395 2649 455 2700 toto
472 2661 601 2717 surgens
626 2647 714 2701 altius
730 2645 859 2714 inclinat,
877 2647 906 2698 et
920 2658 1017 2714 quan·
1072 2648 1134 2698 tum
1158 2643 1247 2698 ullius
1270 2643 1381 2714 fratris,
1407 2647 1438 2697 ut
1455 2643 1522 2697 iiiuc
1546 2643 1591 2697 vel
1613 2641 1648 2695 ad
1663 2643 1845 2695 momentum
1861 2635 1905 2689 in-

180 2733 314 2789 tumlibet
325 2734 398 2789 ierte
415 2735 511 2804 cupiat
526 2735 684 2803 abstinere,
702 2736 737 2789 de
760 2734 815 2789 hoo
830 2736 924 2787 tamen
940 2747 1019 2803 prae-
1073 2736 1198 2788 tueatur.
1215 2734 1286 2787 Post
1301 2748 1408 2787 nonam
1429 2733 1494 2786 sire
1517 2732 1595 2786 sitim
1613 2730 1726 2793 habeat,
1754 2728 1820 2781 sire
1836 2741 1904 2794 non,

179 2821 274 2878 libare
289 2837 347 2876 nou
373 2822 498 2877 dimittit.
515 2823 673 2877 Scuteiiam
702 2839 820 2895 quoque
840 2821 966 2892 applicat
982 2819 1018 2874 ad
1072 2825 1169 2877 tamen
1185 2838 1243 2877 uon
1258 2822 1375 2876 dimittit
1390 2837 1457 2876 eum
1472 2822 1538 2876 aliis
1554 2821 1596 2876 ire
1612 2818 1764 2875 bibituris.
1785 2815 1906 2882 Quoties

181 2910 264 2966 illum
279 2911 467 2981 potissimum
482 2913 615 2983 fratrem,
642 2913 692 2984 qui
712 2913 796 2985 Juxta
820 2927 854 2967 se
879 2910 1019 2980 superius
1074 2915 1446 2982 postvesperascoenatur,
1459 2927 1543 2966 omna
1557 2907 1907 2965 iactadormitorrumae·

182 3000 266 3055 sedet
280 3003 312 3055 ut
326 3001 513 3071 eomedat;si
523 3001 549 3056 is
565 3003 705 3068 renuerit,
715 3002 841 3072 applicat
849 3001 885 3055 ad
897 2998 1019 3054 inierio-
1074 3001 1182 3069 cendit,
1199 3000 1348 3056 cultellum
1367 3000 1494 3071 deponit,
1521 2999 1708 3054 diurnalibus
1727 2995 1839 3050 calceis
1856 2993 1907 3048 de·

181 3104 259 3159 rem3
277 3090 396 3161 quodsi
421 3096 449 3146 et
475 3091 533 3162 iile,
559 3093 747 3163 quantumvis
769 3092 918 3147 remaneat
941 3086 1019 3161 quod
1074 3090 1186 3160 tractis,
1203 3089 1393 3145 nocturnales
1408 3089 1511 3159 induit,
1538 3087 1617 3143 venit
1631 3087 1660 3141 in
1676 3085 1842 3141 claustrum
1859 3097 1908 3138 se-

181 3179 284 3249 noluit,
301 3178 347 3234 vei
363 3195 422 3234 uon
437 3182 530 3250 potuit
543 3181 707 3250 comedere,
725 3197 782 3236 aon
798 3181 884 3235 mittit
903 3193 1024 3250 quoque.
1075 3179 1164 3250 dere;
1180 3178 1230 3234 ubi
1246 3179 1283 3234 ad
1299 3178 1378 3234 iliam
1393 3178 1496 3233 noram
1511 3176 1640 3250 quandiu
1655 3176 1740 3231 sedet
1755 3178 1908 3244 tantopere

181 3267 303 3340 longius
318 3268 353 3322 ad
370 3283 548 3339 quemquam
562 3270 651 3324 alium
663 3270 784 3325 fratrem
796 3270 916 3340 proulla
926 3270 1021 3341 gratia
1075 3268 1224 3323 silentium
1240 3268 1348 3338 studet,
1366 3270 1395 3322 ut
1411 3268 1437 3322 si
1453 3267 1601 3323 scribendi
1618 3265 1731 3321 sciolus
1747 3263 1825 3318 iorte
1840 3257 1908 3333 quid

181 3357 305 3426 privata,
322 3357 377 3411 sed
391 3373 407 3410 a
422 3373 456 3413 se
470 3361 582 3413 tentum
598 3360 887 3429 amovetsoutellam,
898 3359 1020 3414 uttolla·
1075 3357 1240 3428 scripserit,
1258 3372 1311 3412 nee
1328 3371 1543 3429 pergameneo,
1559 3371 1614 3411 nee
1631 3356 1695 3426 ipsa
1709 3368 1807 3424 penna
1822 3350 1908 3423 quid·

181 3448 230 3500 tur
243 3460 259 3498 a
273 3446 429 3500 servitore.
455 3447 496 3501 De
520 3447 616 3514 micis,
640 3447 869 3519 diligentissime
886 3452 970 3502 earet
984 3463 1020 3503 ne
1076 3461 1164 3517 quam
1179 3448 1297 3502 sonitus
1312 3447 1371 3501 ullo
1387 3447 1473 3501 modo
1495 3445 1664 3501 committat.
1681 3444 1739 3498 Aut
1754 3443 1781 3497 si
1796 3440 1909 3496 tardius

181 3532 252 3603 quid
267 3531 313 3586 vel
330 3534 559 3589 minutissimum
583 3537 667 3591 cadat
682 3537 720 3592 ad
734 3540 844 3592 terram
860 3540 888 3592 et
903 3541 1020 3609 pereat3
1076 3550 1164 3606 quam
1176 3536 1276 3590 caeteri
1297 3536 1333 3591 de
1349 3535 1521 3590 dormitorio
1543 3532 1741 3602 descenderit,
1758 3535 1817 3586 tam
1833 3529 1908 3584 iente

183 3636 249 3675 cum
264 3620 382 3676 cultello
397 3624 529 3678 corrodit
542 3639 593 3679 eas
606 3624 642 3678 de
658 3625 791 3695 mensali,
804 3626 879 3680 utad
889 3626 1022 3681 ultimum
1077 3624 1181 3696 pedem
1196 3625 1286 3695 ponit,
1304 3629 1335 3680 ut
1350 3624 1417 3696 ejus
1434 3625 1583 3693 incessus,
1601 3623 1627 3679 si
1642 3622 1759 3678 videtur
1772 3619 1809 3675 ab
1833 3617 1908 3685 aliie,

183 3725 250 3765 cum
268 3710 385 3765 iiabollo
404 3712 556 3783 gramineo
571 3715 600 3768 in
617 3715 770 3769 scutellam
790 3715 975 3786 colligantur,
994 3718 1023 3770 ei
1077 3713 1196 3769 minime
1211 3718 1308 3769 tamen
1323 3715 1359 3770 ab
1375 3714 1434 3770 ullo
1445 3715 1541 3785 possit
1555 3713 1659 3769 audiri.

183 3797 220 3852 ad
249 3797 467 3871 eleemosynam
489 3801 669 3858 deierantur.
686 3803 820 3869 Quandiu
839 3808 936 3858 antem
964 3820 1023 3859 non
1378 3803 1504 3858 CAPUT
1525 3801 1615 3858 XXV.

183 3889 421 3944 astacouveutu
437 3894 593 3962 separatus
616 3895 646 3947 ui
671 3893 698 3947 si
717 3909 783 3947 cnm
807 3893 942 3965 iniirmis,
968 3908 1022 3949 nec
1082 3888 1908 3964 QuadisciplineseposteompIetoriumestcollooatnrus.

183 3990 273 4031 unum
286 3992 412 4049 granum
428 3983 528 4051 gustat
542 3980 663 4050 piperis,
677 3997 730 4037 nec
754 3982 912 4039 ullomodo
936 3983 1023 4054 quid·
1115 3983 1187 4039 Posi
1207 3981 1428 4052 completorium
1445 3997 1510 4035 cum
1525 3981 1630 4035 iterum
1647 3980 1717 4034 ilani
1728 3981 1793 4033 tres
1809 3976 1913 4032 oratio·

184 4080 272 4135 quam
288 4066 417 4136 potionis
428 4084 482 4138 pro
497 4069 594 4141 aliqua
622 4070 801 4141 iniirmitate,
827 4072 885 4127 nisi
901 4072 930 4125 ia
943 4073 1023 4127 reie—
1068 4085 1145 4139 nes,
1161 4071 1197 4124 ad
1213 4070 1268 4126 has
1278 4071 1375 4125 locum
1386 4072 1465 4125 tenet
1476 4072 1649 4138 extremum,
1663 4071 1692 4123 et
1705 4068 1822 4139 priores
1832 4071 1912 4120 ane

184 4154 289 4225 otorio,
305 4157 487 4212 eucharistia
514 4161 645 4230 excepta.
674 4160 792 4215 Minime
810 4176 927 4232 quoque
950 4160 1025 4215 bibit
1080 4163 1199 4216 riorem.
1217 4161 1370 4231 dispersus
1386 4174 1401 4213 a
1418 4160 1572 4216 sacerdote
1597 4173 1673 4229 aqua
1696 4157 1864 4224 benedicta,
1885 4156 1912 4209 et

186 4242 354 4314 aliquando,
371 4245 430 4300 nisi
444 4250 576 4316 pateram
592 4263 659 4303 eum
674 4249 817 4304 ambabus
833 4249 1026 4304 nianibuste-
1080 4251 1204 4306 veniens
1227 4250 1262 4304 ad
1287 4251 1395 4305 ostium
1419 4247 1556 4304 ecclesie
1581 4251 1668 4318 caput
1692 4246 1826 4316 eoeperit
1849 4259 1913 4300 eum

187 4331 295 4401 nendo,
314 4335 341 4386 ei
356 4349 505 4405 nunquam
515 4335 573 4391 nisi
589 4337 730 4392 sedendo.
742 4336 824 4403 Quod
840 4338 867 4392 si
880 4337 1025 4409 pervices
1081 4339 1205 4411 capello,
1215 4337 1532 4408 necampliusdenudat
1546 4333 1913 4408 usquedumeoilecarerit

184 4426 343 4498 eontigerit
358 4429 389 4481 ut
404 4426 470 4482 aliis
480 4429 704 4485 considentibus
720 4429 784 4501 ipse
800 4429 948 4500 inprimis
964 4442 1023 4485 non
1081 4445 1114 4484 se
1128 4428 1157 4482 in
1168 4428 1253 4484 lecto.
1270 4429 1488 4497 Haecpauea,ut
1498 4426 1864 4492 memoriaeoecurrerunt,
1875 4421 1911 4476 de

184 4513 271 4584 adsit,
288 4518 390 4586 postea
405 4516 530 4572 veniens
546 4518 581 4572 ad
598 4518 733 4590 gradum
749 4535 815 4574 eum
830 4519 917 4591 siguo
928 4517 1025 4589 petita
1081 4517 1180 4572 multis
1196 4516 1272 4573 dieta
1288 4517 1358 4587 sint,
1374 4517 1484 4589 quibus
1496 4528 1599 4572 omnes
1613 4513 1726 4580 novitii,
1744 4512 1771 4567 si
1788 4511 1853 4567 iteri
1868 4525 1916 4582 po-

187 4602 294 4658 domno
310 4604 415 4660 abbate
432 4607 579 4660 licentiam
595 4608 786 4679 comedendi,
801 4609 1025 4680 quoannuente,
1043 4586 1148 4676 Deest,
1170 4607 1255 4676 prius
1276 4610 1344 4662 sunt
1366 4606 1532 4662 instruendi
1553 4621 1641 4681 quarn
1662 4601 1791 4679 collegio
1814 4602 1915 4657 nostro

182 4706 250 4764 quae
272 4707 338 4748 eum
354 4694 420 4749 aliis
434 4693 557 4750 iecisset
572 4696 746 4769 etdixisset,
762 4697 865 4753 eadem
875 4713 929 4769 per
943 4695 1028 4753 seia·
1082 4696 1242 4753 socientur.

189 4779 229 4835 eit
242 4786 270 4837 et
285 4781 364 4849 dicit,
382 4782 477 4854 idest,
494 4787 560 4839 anta
577 4788 604 4840 et
627 4787 717 4857 reiro,
742 4790 771 4842 et
793 4801 925 4855 versum,
940 4787 967 4842 si
982 4786 1029 4841 est
1374 4783 1501 4841 CAPUT
1514 4783 1620 4840 xx1V.

181 4869 348 4940 prandium,
365 4869 448 4927 Oculi
462 4873 598 4943 emnium,
614 4875 670 4928 ete.
682 4889 689 4944 3
703 4875 730 4930 si
743 4890 837 4945 coena,
849 4874 1028 4946 Edentpau·
1165 4874 1210 4930 De
1224 4872 1412 4930 confessione
1427 4880 1456 4929 el
1466 4874 1613 4945 petitione
1627 4872 1830 4930 Neritiorum.

179 4971 281 5028 peres,
292 4961 348 5013 ete.
365 4957 494 5028 inclinis,
512 4959 613 5016 Gloria
629 4960 727 5032 Patri,
744 4965 773 5017 et
787 4962 954 5018 Orationem
969 4960 1028 5018 Do·
1117 4963 1151 5020 In
1165 4963 1224 5018 vita
1239 4978 1356 5036 qnoque
1371 4962 1507 5018 saeeulari
1523 4976 1709 5036 quecunque
1725 4964 1829 5017 eontra
1842 4960 1918 5017 satu·

184 5046 331 5118 minicam‚
348 5053 467 5105 erectus
484 5066 571 5107 manu
587 5056 615 5107 et
630 5067 680 5108 ore
708 5052 747 5107 ita
767 5053 924 5120 benedicit,
954 5052 1027 5109 Ore·
1082 5055 1141 5110 iem
1156 5053 1261 5107 animae
1273 5053 1568 5123 suoeoommiserunt,
1585 5050 1804 5107 omniadomno
1819 5046 1915 5105 abbati

187 5148 253 5188 mne
264 5135 405 5208 Benedie‚
423 5139 557 5210 Domine,
570 5142 644 5210 ete,
661 5141 781 5197 inclinat
807 5141 914 5197 domno
936 5140 1028 5197 abba·
1083 5143 1119 5198 ad
1130 5141 1350 5198 contessionem
1361 5141 1559 5197 manifestant.
1572 5142 1689 5211 Postea,
1702 5155 1771 5195 oum
1781 5139 1915 5201 alvisum

184 5201 265 5289 ίῖἳῖ
277 5225 390 5280 recedit
404 5230 435 5282 ut
450 5228 707 5302 sedeat.·.Quodfsi
722 5246 797 5302 opus
821 5231 957 5287 habuerit
971 5230 1027 5285 all·
1082 5231 1276 5304 luerit,juhet
1286 5246 1339 5286 eos
1350 5229 1456 5287 iterum
1464 5233 1530 5286 ante
1546 5245 1579 5286 se
1591 5230 1621 5286 in
1631 5228 1794 5301 capitulum
1803 5227 1914 5302 venire,

184 5311 303 5382 quando
324 5316 365 5381 ut,
391 5315 565 5388 priusquam
596 5320 706 5391 eaeteri,
734 5322 840 5393 surgat
867 5336 884 5375 a
911 5335 1027 5376 mensa·
1081 5320 1197 5388 Quibus
1208 5318 1395 5376 venientibus
1406 5322 1434 5376 et
1443 5317 1747 5390 veniampetentibus,
1758 5320 1916 5398 postquetq

185 5413 307 5454 rursum
321 5402 445 5458 veniens
460 5406 496 5460 ad
512 5406 646 5480 gradum,
664 5411 692 5463 et
721 5425 839 5464 manum
862 5424 1026 5480 expansam
1068 5410 1274 5480 surrexerint,
1287 5410 1392 5465 iterum
1403 5424 1520 5481 quoque
1531 5411 1562 5464 ut
1574 5409 1660 5479 prius
1675 5407 1828 5479 aliquanta
1841 5404 1917 5476 iasi-¹

185 5487 301 5543 tractim
315 5505 331 5544 a
346 5492 465 5561 pectore
486 5494 617 5565 trahens,
648 5513 714 5552 cum
736 5497 909 5570 hujusmodi
937 5498 1025 5571 signo
1081 5501 1151 5554 nnat
1162 5500 1197 5555 de
1206 5499 1377 5554 austeritate
1386 5497 1553 5569 disciplinae
1562 5497 1721 5572 regularis,
1731 5496 1850 5552 etinter
1861 5491 1917 5572 aliq

185 5575 332 5634 licentiam
348 5580 671 5651 quaeritabeundi.Qua
681 5584 930 5658 acceptaineIiuat
940 5588 1027 5660 quasi
1080 5604 1139 5644 non
1153 5592 1230 5644 tacet
1244 5587 1350 5643 melius
1365 5600 1434 5642 esse
1450 5589 1482 5643 ut
1495 5587 1561 5644 siue
1575 5585 1785 5643 benedictione
1801 5584 1838 5640 ad
1856 5597 1915 5649 satr-¹

183 5666 330 5758 gyrando,
348 5671 377 5727 et
390 5680 513 5730 versum
528 5672 608 5744 dieii,
635 5675 662 5733 ei
678 5678 724 5732 est
746 5676 914 5756 prandium.
928 5675 1027 5735 Gond·
1081 5678 1179 5734 cuium
1193 5677 1324 5748 redeant,
1341 5691 1429 5756 quam
1444 5675 1790 5754 aeeapta‘beoedictione
1804 5673 1841 5733 de
1857 5677 1917 5739 ebe
