3908 6112
69 290 131 353 41³

432 287 488 351 DE
503 285 642 350 Rufius
660 286 806 348 GESTIS
823 287 865 350 ΙΝ
887 287 1043 351 Melum
1062 290 1237 354 Mohhsr
1253 293 1356 358 SAEc.
1379 299 1436 362 XI.

1737 301 1798 365 414

71 496 99 546 et
122 492 193 563 quia
217 493 424 562 praegravatus
447 489 613 546 valetudine
637 503 671 543 se
693 504 727 543 eo
753 468 949 541 venturum!
967 487 1491 566 PaterBenedictus,noatimeoquid
1505 496 1798 555 faeiatmibihomo.»

72 580 240 649 diffidebat,
256 594 315 650 quo
327 579 456 651 legitime
465 579 660 646 satisfaceret,
673 577 798 646 supplex
809 579 910 630 exorat

71 674 102 722 ut
126 684 182 738 pro
207 668 332 722 solemni
353 667 508 737 disciplina
525 669 554 720 in
570 683 636 721 eum
652 666 743 720 verba
758 665 909 735 virgarum

70 759 242 825 exerceant,
254 756 640 811 acdeindesacrmbabitum
648 754 813 825 religionis
822 767 909 823 quem

68 839 234 915 abjecerat,
243 845 402 899 clementer
412 845 592 916 indulgeant.
605 845 667 900 Nec
677 842 795 897 differre
812 840 908 896 oonsi-

69 932 147 986 lium
168 933 232 1000 fuit,
258 933 326 1003 quia
348 937 376 987 et
395 933 564 1003 poenitentis
580 932 756 1003 supplicatio
771 936 800 985 et
816 930 908 983 immi·

64 1020 170 1076 nentis
184 1021 307 1090 periculi
323 1022 448 1092 urgebat
459 1023 593 1077 eventus.
611 1022 666 1075 His
675 1021 767 1092 igitur
779 1019 908 1088 peractis

69 1125 142 1164 cum
166 1113 252 1164 noete
269 1111 401 1165 insecuta
425 1111 583 1165 matutinos
605 1110 676 1164 inibi
692 1108 907 1178 celebrassent,

68 1215 159 1271 aeger
171 1213 277 1253 somno
295 1197 431 1268 indulsil3
448 1202 476 1253 et
491 1214 560 1253 ecce
577 1199 734 1253 Martinam
748 1197 908 1267 pontificali

64 1287 241 1341 redimitum
264 1287 356 1342 infula
380 1302 446 1342 cum
472 1288 655 1342 multitudine
676 1286 907 1356 candidatorum,

66 1379 272 1446 sanctumque
288 1375 479 1430 Benedictum
491 1392 557 1430 eum
568 1376 780 1430 monachorum
791 1377 909 1428 caterva

966 577 1021 630 His
1046 579 1132 633 dietis
1156 580 1185 634 iu
1211 585 1380 636 sanctorum
1401 586 1450 655 qui
1466 585 1645 640 advenerant
1662 588 1799 643 manibus

965 665 1047 720 uultu
1075 669 1165 722 alacri
1191 671 1316 723 animam
1341 673 1504 742 expiravit,
1530 675 1633 744 sieque
1658 675 1799 731 divinitus

966 757 1119 810 ostensum
1131 761 1176 811 est
1186 761 1292 828 quauta
1305 761 1344 813 sit
1358 760 1436 830 apud
1446 761 1538 816 Deum
1550 762 1705 816 multorum
1718 765 1800 819 inno·

965 843 1069 912 centia,
1093 845 1168 914 apud
1192 862 1279 917 quem
1296 850 1372 902 tanta
1390 852 1436 902 est
1451 852 1642 919 peccatorum
1657 852 1801 920 poeniten·

966 932 1014 986 lia.

1000 1018 1043 1074 ta.
1055 1021 1143 1075 Falco
1160 1038 1291 1089 comneS,
1309 1025 1404 1080 iturus
1426 1026 1671 1098 Hierosolymam,
1692 1026 1800 1082 infesto

965 1110 1156 1165 Pentecostes
1180 1114 1259 1166 veuit
1280 1114 1425 1182 Turonos,
1451 1117 1482 1169 ut
1507 1116 1533 1168 ei
1553 1116 1800 1186 archiepiscopus

965 1213 1060 1253 sacrae
1076 1200 1174 1255 erucis
1189 1200 1308 1273 signum
1318 1219 1370 1273 pro
1387 1218 1468 1259 more
1482 1205 1571 1260 tantae
1583 1204 1800 1275 peregrinatio·

965 1287 1012 1340 uis
1024 1286 1194 1357 imponeret.
1204 1289 1266 1352 Quo
1274 1291 1361 1360 facto,
1372 1294 1513 1362 cumpost
1524 1293 1684 1347 missarum
1694 1291 1800 1346 solem·

965 1375 1012 1428 nia
1028 1377 1242 1433 commilitones
1258 1381 1286 1432 et
1300 1381 1460 1450 participes
1476 1396 1590 1435 mensae
1601 1397 1664 1435 suae
1675 1383 1799 1451 praesto·

65 1465 130 1517 sibi
150 1463 230 1518 ridet
244 1465 274 1516 in
289 1463 402 1518 dextris
418 1465 571 1532 assistere,
584 1480 672 1534 porro
687 1465 715 1518 ia
727 1467 808 1533 parte
820 1463 910 1518 altera
964 1464 1083 1532 leretur,
1095 1465 1130 1519 ad
1144 1464 1291 1521 fenestras
1302 1468 1387 1538 auhr,
1398 1485 1464 1539 quae
1475 1469 1574 1540 Majus
1586 1469 1799 1524 Monaslerium

65 1552 224 1606 diabolum
233 1554 260 1606 et
268 1553 393 1624 angelos
402 1551 480 1623 ejus.
493 1552 657 1623 Tumprior
668 1552 821 1607 diabolus:
837 1574 847 1600 ι
861 1553 909 1606 ln·
964 1553 1173 1623 respiciebant,
1191 1570 1257 1608 cum
1273 1556 1391 1611 duobus
1406 1557 1589 1628 presbyteris
1599 1573 1669 1613 sese
1680 1557 1797 1611 comita·

57 1639 166 1709 juste,
182 1640 231 1709 ait,
250 1641 339 1712 agitis
363 1641 399 1695 ad
422 1641 500 1696 bunc
516 1642 707 1710 aecedentes,
726 1641 776 1712 qui
791 1657 807 1695 a
823 1641 909 1695 vobis
965 1641 1038 1695 turis
1048 1641 1153 1710 stabat,
1166 1644 1267 1697 nescio
1276 1645 1346 1715 quid
1355 1648 1503 1700 secretum
1513 1645 1717 1713 confabulans,
1730 1659 1800 1699 eum

64 1728 182 1800 refuga
195 1744 229 1785 se
242 1731 312 1784 mihi
328 1730 515 1800 mancipavit,
538 1734 567 1786 et
587 1731 672 1785 modo
689 1732 834 1802 longerie
853 1730 910 1783 mi·
964 1744 1033 1785 ecce
1049 1732 1214 1800 respiciens
1230 1733 1308 1787 videt
1323 1734 1446 1803 primam
1468 1732 1500 1806 [f.
1520 1732 1650 1806 pinnam]
1672 1733 1799 1805 Maj0ris

63 1815 159 1886 litiae,
177 1833 233 1888 qua
247 1818 319 1872 mihi
333 1818 490 1886 servierat,
507 1820 834 1889 pramiapercepturus,
848 1817 1135 1903 pro-Bblonasterii
1164 1821 1289 1874 flammis
1315 1822 1413 1876 nimiis
1443 1823 1481 1878 ita
1504 1837 1681 1876 succensam
1706 1837 1740 1876 ae
1772 1822 1800 1876 si

61 1908 139 1975 pter
152 1906 243 1961 unius
257 1906 339 1961 horae
354 1907 502 1978 lacrymas
517 1911 546 1963 et
573 1911 803 1963 uramentaneam
819 1909 912 1977 poeni·
965 1906 1097 1962 funditus
1113 1909 1345 1964 combureretur.
1362 1910 1424 1976 Quo
1444 1911 1511 1965 visu
1526 1912 1705 1965 exterritus:
1727 1931 1738 1957 a
1754 1909 1799 1964 En

60 1994 197 2047 tentiam
213 2010 247 2048 ae
261 1994 395 2065 sijustus
405 2011 421 2049 a
432 1996 518 2050 vobis
529 1997 675 2050 visitatur.
690 2019 702 2044 i
715 1996 768 2050 Cui
780 1997 910 2050 clemens
966 1995 1067 2066 inquit,
1090 1996 1188 2068 hlajus
1214 1998 1425 2053 blonasterium
1440 1999 1579 2054 incendio
1595 2002 1800 2053 concrematur

62 2081 239 2136 Martinus:
253 2083 409 2154 «ignoras,
421 2084 525 2154 inquit,
541 2084 642 2152 miser,
655 2084 762 2138 divinae
772 2085 910 2138 bonitatis
964 2083 1088 2152 Videtis,
1106 2086 1154 2152 ait,
1168 2087 1264 2156 qualis
1280 2086 1394 2141 flamma
1406 2087 1510 2157 jamin
1525 2088 1732 2157 superioribus
1748 2087 1800 2140 do·

62 2169 272 2225 inexhaustas
287 2170 416 2240 divitias,
433 2172 482 2241 qui
497 2188 551 2241 per
567 2171 831 2242 Prophetamdurae
843 2173 911 2228 vilre
965 2172 1112 2227 minatur?
1129 2197 1140 2221 ι
1164 2174 1304 2229 Videntes
1329 2176 1496 2246 presbyteri
1517 2175 1675 2231 condolent
1688 2175 1800 2245 pariter

64 2259 569 2315 contrariaintonatverbadicens·.
582 2281 593 2310 a
604 2259 910 2331 lnquauumquehora
965 2264 993 2313 et
1017 2262 1170 2316 mirantur.
1196 2263 1258 2317 Nee
1274 2280 1368 2332 mora,
1384 2266 1505 2318 vocatos
1522 2264 1557 2318 de
1574 2263 1716 2317 militibus
1731 2263 1797 2316 suis

62 2346 259 2418 ingemuerit
273 2352 422 2417 peccator,
443 2364 547 2403 omnes
562 2349 629 2420 ejus
648 2349 818 2420 iniquitates
833 2350 910 2404 obli·
965 2349 1131 2413 nonnullos,
1143 2352 1257 2405 concito
1267 2351 1448 2422 cursujubet
1458 2353 1501 2406 ire
1512 2353 1573 2419 illo,
1583 2350 1677 2406 etsibi
1688 2365 1797 2404 renun-

61 2435 157 2489 vioni
173 2435 340 2500 tradentur;
357 2439 685 2507 »etpersemetipsum
699 2437 747 2491 ille
758 2437 912 2509 quilyran·
965 2439 1036 2493 liure
1051 2440 1122 2510 quid
1137 2440 1177 2494 ibi
1193 2440 1290 2495 fuerit.
1308 2441 1452 2495 Ascensis
1467 2441 1553 2510 equis
1568 2439 1609 2493 illi
1626 2442 1795 2509 properant,

65 2523 179 2578 uidem
192 2529 320 2578 uestram
335 2539 399 2579 suae
414 2529 525 2595 tropaeo
542 2525 641 2580 crucis
656 2525 803 2581 edomuit:
821 2549 831 2571 «ι
844 2526 910 2580 Non
966 2527 1063 2599 Majus
1078 2528 1289 2583 hlonasterium
1306 2530 1436 2596 veniunt,
1449 2527 1642 2600 inquiruntde
1653 2527 1732 2599 igne,
1743 2542 1798 2580 nec

66 2612 155 2680 veni,
174 2611 278 2684 iuquit,
292 2613 518 2685 uocarejustos,
530 2615 583 2669 sed
594 2619 766 2684 peccatores
782 2616 810 2669 in
822 2616 912 2685 poeni·
965 2617 1050 2670 etiam
1066 2617 1242 2672 mentionem
1258 2618 1417 2688 reperiunt.
1433 2616 1540 2672 Comes
1556 2617 1624 2671 illos
1639 2616 1797 2685 praestola-

66 2700 209 2754 tentiam.
223 2724 235 2748 ι
253 2701 307 2756 His
322 2701 410 2757 dictis
425 2707 604 2758 cumsancto
616 2703 775 2759 Benedicta
787 2719 910 2759 conver·
965 2707 1022 2759 tur.
1043 2704 1156 2769 Quibus
1173 2708 1335 2778 regressis,
1353 2707 1485 2778 nihilque
1501 2706 1557 2761 tale
1573 2721 1606 2760 se
1622 2707 1668 2760 vel
1685 2704 1798 2759 vidisse

69 2804 133 2843 sus
148 2789 189 2843 ad
200 2788 364 2860 jacentem:
381 2790 461 2846 «Per
471 2791 645 2860 SalvatoriS,
658 2793 761 2863 inquit,
775 2793 909 2863 gratiam,
964 2794 1212 2864 renuntiantibus,
1235 2795 1380 2849 sollicitus
1405 2810 1507 2850 comes
1531 2811 1598 2849 eum
1613 2793 1798 2865 presbyteris

71 2880 106 2931 et
118 2877 256 2932 collatam
269 2879 306 2933 ab
330 2879 396 2949 ipso
420 2880 506 2935 uobis
528 2881 698 2951 potentium,
719 2882 867 2935 aeunctis
883 2884 910 2934 te
965 2884 1090 2942 suis0de
1119 2885 1233 2938 visione
1255 2885 1406 2938 tractabat.
1432 2885 1486 2938 tlui
1511 2900 1588 2939 unus
1613 2898 1714 2937 eorum
1734 2882 1797 2936 ait:

73 2966 210 3035 peccatis
224 2967 426 3038 absolvimus,
437 2969 472 3023 de
487 2972 595 3025 eaetero
611 2974 641 3024 tu
657 2971 820 3024 correctius
832 2970 908 3038 vive,
966 2993 977 3018 a
997 2972 1128 3037 Domino,
1145 2972 1233 3042 digne
1250 2973 1322 3026 satis
1340 2972 1414 3026 visio
1429 2988 1482 3042 pro
1492 2972 1610 3043 negotio
1622 2969 1699 3042 quod
1709 2969 1797 3038 cuspi-

76 3055 190 3125 etjam
212 3056 339 3126 amplius
363 3057 422 3111 noli
445 3072 580 3127 peceare.
599 3080 610 3107 a
640 3058 675 3113 Et
690 3057 819 3113 addidit:
839 3079 849 3109 ι
868 3058 910 3112 De
963 3060 1029 3128 stis,
1049 3076 1102 3128 pro
1117 3060 1300 3114 solemnitate
1318 3061 1467 3130 praesenti,
1481 3075 1533 3129 pro
1551 3060 1607 3113 loci
1624 3056 1791 3114 reverentia

10 3180 12 3189 .
80 3143 164 3212 lecto,
182 3143 330 3215 inquiens,
355 3147 542 3218 aegritudinis
556 3147 656 3218 {hujus
671 3149 857 3217 convalesce,
874 3147 908 3201 ad
929 3149 993 3248 cin
1009 3165 1066 3218 qua
1081 3150 1215 3218 apparuit
1230 3148 1325 3216 vobis,
1349 3149 1490 3203 divinitus
1506 3150 1627 3202 ostensa
1645 3151 1700 3201 est.
1722 3145 1798 3199 Nam

82 3234 287 3287 matremtuam
298 3234 480 3288 eeclesiama
490 3251 547 3306 qua
562 3250 733 3290 recesseras
746 3236 908 3307 rediturus,
964 3237 1181 3306 ctvos,Spiritu
1190 3242 1293 3292 sancto
1305 3237 1476 3307 inspirante,
1486 3234 1798 3305 Dominieumsignum

89 3319 305 3392 ihi,juxtaquod
316 3324 459 3394 magister
468 3328 547 3391 tuus,
559 3340 645 3394 quem
655 3327 830 3394 praesentem
843 3340 910 3379 cer·
965 3327 1050 3380 vobis
1075 3327 1162 3380 hodie
1184 3327 1380 3395 imposuistis,
1397 3330 1426 3380 et
1448 3327 1512 3395 ipse
1536 3325 1658 3395 spiritus
1674 3326 1797 3376 sanctus

88 3408 138 3477 nis,
161 3410 305 3478 sanxerit,
332 3410 542 3465 satisfactionis
562 3414 639 3464 viam
654 3413 823 3468 universam
840 3429 910 3483 per·
965 3414 1107 3468 hodierna
1122 3415 1168 3470 die
1185 3431 1276 3484 super
1291 3415 1443 3484 apostolos
1459 3416 1490 3469 in
1505 3415 1574 3486 igne
1589 3411 1753 3479 descendit,
1769 3413 1799 3465 et

10 3490 17 3501 '
94 3510 212 3568 currens,
243 3505 347 3553 caveto
377 3514 563 3569 summopere
589 3501 712 3570 nequid
737 3503 910 3573 quadtuam
964 3504 1048 3556 loeus
1065 3503 1188 3574 htajoris
1204 3503 1500 3575 Monasleriidignus
1516 3503 1605 3558 estin
1621 3517 1678 3573 quo
1694 3516 1728 3555 se
1744 3499 1798 3554 de·

19 3570 29 3583 ’
96 3586 244 3641 remordeat
267 3587 479 3641 conscientiam
503 3605 518 3641 u
545 3589 630 3643 Patre
651 3591 819 3644 abscondas
849 3606 910 3644 mo·
965 3587 1798 3661 monstretdeseeadere,quemtantusconventuseodem

26 3727 33 3735 ,
99 3677 214 3746 casterii3
234 3676 299 3747 jam
319 3676 426 3730 etenim
450 3693 508 3731 non
535 3679 624 3731 mulla
649 3682 780 3747 tempore
803 3694 910 3747 super-
963 3675 1075 3747 'Spiritu
1090 3679 1287 3733 inflammatus
1303 3679 1459 3733 cohabitat.
1478 3702 1488 3726 »ι
1515 3677 1629 3732 Placuit
1649 3677 1712 3730 viro
1728 3676 1797 3730 illu-

30 3756 34 3761 ’
102 3763 175 3820 vires
191 3788 203 3813 ι
222 3764 277 3819 His
303 3763 389 3820 dictis
407 3780 543 3819 somnum
557 3769 586 3820 et
607 3766 684 3820 visio
699 3768 811 3835 pariter
829 3767 911 3821 ubic·
966 3767 1020 3821 stri
1031 3768 1119 3839 digna
1130 3767 1228 3839 dignae
1240 3768 1365 3822 visionis
1377 3769 1588 3837 interpretatio,
1602 3781 1655 3820 nee
1667 3768 1798 3819 moratus

22 3886 31 3891 -
103 3857 159 3907 mat.
174 3853 237 3910 Nee
250 3853 484 3908 morafratribus
496 3854 531 3908 ad
543 3855 699 3910 sevocatis
710 3871 776 3926 quaa
787 3855 909 3924 viderat,
967 3855 996 3906 in
1020 3855 1148 3909 crastino
1170 3870 1204 3908 eo
1228 3855 1315 3922 venit,
1342 3856 1487 3909 visioriem
1508 3853 1666 3908 conventui
1694 3850 1795 3922 refert,

10 3922 55 4021 ζ..
105 3953 150 4008 qua
162 3942 294 3998 audierat
309 3957 362 4012 per
383 3941 517 3998 ordinem
531 3943 641 4014 pandit,
654 3959 687 3997 se
705 3943 845 3999 divinitus
861 3960 911 3998 sa·
967 3943 1086 3996 fratrem
1102 3959 1135 3996 se
1156 3946 1184 3997 et
1204 3943 1376 4012 participem
1391 3942 1528 3996 beneficii
1551 3945 1636 4013 rogat
1650 3941 1738 4009 effici,
1752 3939 1798 4010 ip·

10 4014 55 4111 5}
105 4035 179 4085 anam
191 4032 334 4100 insinuat,
350 4031 471 4085 rhedam
486 4031 613 4099 instruit,
625 4047 692 4086 cum
702 4048 759 4103 qua
772 4049 837 4087 eum
847 4034 911 4088 suis
968 4047 1092 4101 sumque
1108 4032 1203 4085 locum
1219 4035 1247 4085 et
1261 4030 1329 4101 ejus
1344 4031 1456 4085 incolas
1475 4030 1620 4101 condigna
1633 4028 1797 4083 reverentia

105 4118 909 4192 copiisprovehatur,adlt1ajusMonasteriumvenit3quae
967 4120 1107 4189 deinceps
1119 4118 1229 4174 habuit.

109 4219 182 4262 tuum
197 4208 303 4262 detulit
317 4207 433 4262 scilicet
447 4208 551 4279 viginti
566 4209 795 4280 quinquemillia
807 4210 913 4265 solido·
1006 4209 1049 4262 13.
1080 4208 1166 4261 Aeris
1190 4208 1322 4261 siccitate
1346 4210 1431 4261 ferrae
1460 4206 1601 4260 sterilitas
1617 4204 1796 4272 imminebat,

109 4305 158 4361 un,
172 4301 282 4353 etvasa
295 4300 436 4370 argentea
452 4303 528 4366 uelo,
545 4315 639 4370 equos
655 4301 741 4354 etiam
758 4301 912 4371 inquibus
967 4312 1183 4366 corporumque
1206 4296 1390 4366 inaequalitas
1418 4298 1532 4365 pestem
1555 4292 1646 4348 rebus
1671 4291 1798 4345 minatur

10 4371 16 4437 ζ
110 4385 913 4459 tuerat,Patrimonasteriiassignatlndemiserieor-
967 4378 1797 4455 humanisConventusigiturmaJ'orishlonaslerii,nudi
1883 4413 1898 4431 s

110 4468 162 4527 iiim
180 4475 307 4545 supplex
327 4478 439 4544 exorat,
462 4475 572 4529 aditum
594 4476 743 4531 humiliter
764 4481 909 4547 precatur,
964 4473 1057 4544 pedes
1087 4471 1254 4526 deferentes
1281 4472 1407 4543 pignora
1435 4473 1616 4539 sanctorum,
1647 4468 1682 4523 ad
1702 4472 1797 4522 tumu-

10 4607 16 4637 Ξ
111 4557 157 4614 aith
170 4563 225 4618 sibi
237 4562 333 4617 laxari
347 4564 487 4632 permittit
501 4564 659 4634 quominus
676 4566 846 4620 universam
861 4581 912 4620 ex·
966 4563 1026 4615 lum
1049 4561 1127 4615 beati
1148 4559 1263 4614 Martini
1283 4561 1506 4630 processionem
1521 4559 1584 4629 'pro
1600 4558 1683 4612 clade
1699 4556 1795 4610 immi-

27 4678 42 4687 ·
112 4645 911 4725 lletsatiesactionisdisciplinambiespaueiauxerunt,
966 4650 1045 4705 nenti
1061 4650 1204 4717 fecerunt,
1234 4648 1333 4719 ibique
1357 4648 1504 4703 celebrata
1528 4649 1631 4716 missa,
1653 4643 1796 4716 cumjam

10 4766 49 4813 ις.
112 4736 193 4793 decre
206 4739 316 4793 iterum
329 4738 405 4793 lecto
419 4741 633 4810 prosternitur3
649 4757 774 4812 eumque
795 4743 911 4812 expleto
966 4739 1209 4812 regredivellent,
1223 4738 1417 4808 eorpusbeati
1432 4737 1591 4806 Corenliui,
1604 4736 1681 4807 quod
1694 4749 1796 4788 seeum

20 4808 37 4877 ,⁸
113 4827 339 4882 compactionis
354 4827 493 4897 mysterio
511 4844 629 4884 erucem
641 4830 822 4885 Dominicam
839 4831 912 4886 ado·
966 4822 1799 4896 detulerant,rolentcslevarc,moverepenitusnequive·

10 4943 58 4992 ς.
114 4915 255 4970 uretuidit
278 4915 428 4970 diabolum
452 4932 543 4986 prope
562 4917 717 4973 assistere.
736 4920 912 4989 Respiciens
967 4918 1043 4970 runt.
1061 4917 1247 4971 Attentabaut
1261 4915 1390 4984 plurimi,
1408 4915 1461 4969 sed
1477 4910 1797 4969 leboreassusnihilo-

34 5032 38 5037 -
113 5002 182 5057 autem
193 5019 230 5060 ex
251 5004 388 5069 adversa,
408 5004 543 5060 sollicitis
558 5007 748 5078 perquirebat
763 5008 869 5074 oeulis,
886 5009 914 5063 si
967 5005 1064 5060 minus
1079 5004 1286 5060 frustrabatur.
1303 5004 1377 5057 Tum
1401 5003 1678 5074 moeroringenset
1698 5001 1797 5054 luctus

113 5081 163 5144 itate
174 5094 356 5162 protectores
377 5107 460 5161 suos,
486 5109 562 5165 quos
578 5097 662 5149 antea
686 5097 809 5166 viderat,
826 5097 913 5151 etiam
967 5094 1107 5162 omnium,
1123 5093 1230 5163 quippe
1245 5092 1293 5162 qui
1310 5091 1454 5147 beneficia
1469 5090 1590 5160 potituri
1605 5090 1796 5156 advenerant,

113 5179 296 5235 tlaerideret:
307 5195 363 5234 nee
374 5180 456 5250 prius
467 5182 652 5238 salutiferum
662 5185 761 5239 erucis
772 5185 913 5240 vexillum
967 5181 1072 5236 darnno
1096 5181 1280 5252 irreparabili
1299 5180 1505 5234 multabantur.
1521 5177 1594 5234 Cum
1611 5192 1680 5232 eece
1696 5177 1799 5263 senior

35 5295 58 5346 ἱ.
112 5259 209 5338 *baius
228 5268 367 5324 manibus
381 5269 509 5325 avellere
523 5276 689 5343 potuerunt,
707 5289 793 5345 quam
809 5275 913 5330 beatos
967 5271 1085 5342 quidam
1102 5269 1333 5325 hilidebrandus
1348 5268 1476 5337 nomine,
1497 5267 1605 5322 baculo
1620 5280 1708 5337 quem
1723 5265 1797 5320 dex·

110 5435 213 5501 Quorum
230 5445 366 5501 confisus
380 5449 549 5516 praesentia,
566 5449 603 5503 ad
620 5450 770 5505 diabolum
786 5466 912 5506 eonver—
970 5447 1233 5517 auiassrirosscito,
1244 5445 1797 5513 novimuscerteBritannorumsuper-

110 5540 160 5584 ⁵¹1⁸:
178 5553 189 5579 ι
204 5532 257 5599 En,
272 5535 378 5605 inquit,
394 5538 516 5590 eruenta
536 5537 641 5606 bestia,
658 5542 843 5607 protectores
858 5541 912 5594 ha·
966 5538 1054 5605 bium,
1074 5542 1101 5592 et
1125 5552 1162 5593 en
1177 5535 1275 5600 crede,
1294 5535 1407 5589 Martini
1426 5538 1454 5588 el
1470 5533 1559 5588 Bricii
1575 5533 1691 5587 tumbas
1707 5547 1798 5587 oemu·

10 5659 39 5696 ζ,
108 5612 249 5677 beoeontra
265 5628 303 5678 te.
316 5620 562 5680 Adestblartinus
580 5627 776 5699 signipotens,
793 5629 912 5684 adeslct
966 5626 1171 5695 larisaureas,
1188 5625 1316 5696 eoquod
1333 5626 1380 5678 tua
1401 5623 1468 5678 vilis
1484 5626 1513 5678 et
1531 5622 1628 5694 lignea
1644 5621 1693 5674 sit.
1711 5619 1796 5673 Nune
