3908 6112
199 298 257 374 351

200 503 246 556 est
256 504 365 572 prester
375 498 493 554 solitum
504 498 620 555 modum
632 513 811 570 cursumque
821 487 1073 570 carnalemquill

192 594 298 661 estex
324 587 388 643 viro
404 591 432 642 ct
453 586 571 655 femina,
592 587 670 642 sieut
685 588 720 642 de
739 587 789 643 illo
804 587 977 657 predictum
989 595 1035 643 cst

199 693 252 749 per
267 692 302 733 os
317 676 413 746 Isaiae,
437 691 503 729 oum
523 675 610 730 dicit:
626 700 636 723 ιι
649 675 765 744 Audite,
793 677 907 742 domus¹
923 677 1032 731 iacob:

200 765 280 820 Deus
291 764 370 819 dabit
385 764 471 832 vobis
483 763 601 836 signum
615 780 621 818 :
634 765 724 836 Virgo
740 766 886 836 concipiet
897 768 927 820 ct
941 766 1034 836 pariet

200 853 303 921 filium,
316 856 372 906 cto.
390 852 471 923 (lsai.
493 853 543 918 vn)
557 876 567 900 ι
585 852 694 908 Omnes
705 854 859 908 nutemalii
875 854 970 908 sancti
985 855 1035 924 qui

201 941 270 997 dicti
288 944 367 1010 sunt,
384 941 442 994 nati
459 944 529 995 sunt
547 940 582 995 de
603 942 710 995 semina
725 946 753 997 et
784 943 859 1010 viro,
881 943 1036 998 carnaliter

797 299 1012 377 sanusne
1036 300 1317 385 ,gasconiam

1868 303 1926 373 32¹,

1397 502 1523 557 (mehr
1544 503 1607 556 XV.

1092 606 1229 662 Ostendit
1243 608 1482 679 reprobationem
1500 609 1667 665 dedecorum
1678 615 1804 681 proptor
1820 624 1926 664 eorum

1121 677 1294 804 {ffflmm’
1310 685 1339 734 et
1356 680 1530 735 electionem
1544 681 1668 752 gentian
1679 687 1805 751 prepter
1820 695 1925 736 eorum

1126 855 1237 926 Timeo,
1254 857 1370 911 domine
1391 857 1440 927 mi,
1458 862 1577 927 propter
1599 857 1654 912 hoc
1675 857 1752 928 quod
1774 858 1843 928 quia
1867 873 1925 912 non

1091 944 1274 999 credimusin
1286 945 1343 999 isto
1352 944 1446 1017 justo;
1456 946 1566 1001 idcirco
1582 945 1687 1000 accidit
1701 945 1789 1000 nobis
1805 949 1924 1001 etcom-

203 1029 337 1099 concepti
350 1029 379 1083 in
394 1034 525 1100 peccato,
537 1034 565 1083 et
574 1045 676 1083 omncs
688 1029 804 1084 luerunt
813 1035 996 1101 pcccatoreS,
1007 1035 1035 1086 et
1095 1033 1203 1103 pletum
1220 1036 1264 1088 est
1279 1034 1348 1087 illud
1360 1033 1437 1106 qnod
1447 1034 1520 1088 dixit
1529 1034 1607 1088 Deus
1618 1049 1670 1104 per
1680 1050 1715 1089 os
1727 1033 1829 1088 lsaias:
1845 1033 1927 1089 «Erit

200 1118 265 1188 ipse
276 1118 376 1172 Moses
397 1117 708 1186 sanctiorpurcntibus
724 1119 874 1188 prophetis
890 1120 1033 1189 peccavit,
1091 1121 1243 1193 prophetia
1255 1125 1391 1193 tanquam
1403 1122 1494 1176 verba
1506 1123 1571 1176 libri
1584 1122 1736 1194 clausiqui
1753 1122 1873 1177 dabitur
1883 1123 1925 1176 le-

199 1212 229 1262 et
252 1207 409 1262 confltetur
433 1221 486 1275 per
503 1220 537 1260 os
560 1221 647 1260 suum
663 1221 696 1260 se
720 1223 879 1276 peccasse:
902 1209 937 1262 de
949 1209 1034 1262 insto
1090 1211 1174 1276 otor-i,
1194 1213 1222 1264 et
1237 1209 1436 1265 diceturzlste
1447 1209 1524 1264 libor
1536 1210 1656 1264 clausus
1672 1214 1729 1280 est,
1742 1209 1923 1282 nescioquid

198 1298 295 1351 autem
310 1296 367 1348 isto
383 1293 489 1373 dicitur
504 1286 691 1364 per'lsainm:
715 1295 793 1361 «Qui
810 1312 1035 1367 nunquampec·
1090 1301 1136 1352 cst
1152 1299 1181 1352 in
1192 1314 1236 1366 eo,
1250 1303 1277 1352 ct
1296 1303 1362 1352 tunc
1379 1298 1458 1352 dabit
1475 1290 1620 1352 nescienti
1633 1297 1758 1368 litteras,
1783 1313 1843 1352 non
1859 1313 1922 1354 sum

199 1384 285 1451 cavit,
309 1399 363 1437 neo
383 1383 594 1439 iuventumest
622 1384 807 1439 menducium
829 1387 860 1439 in
885 1401 936 1439 ora
967 1384 1035 1455 ejus
1090 1389 1182 1442 luctor
1197 1402 1252 1458 ego
1265 1386 1333 1455 (Isn.
1347 1386 1438 1456 xxm).
1454 1410 1464 1433 ιι
1484 1385 1593 1457 thuae
1609 1384 1923 1458 clausuralibrimajor

199 1471 280 1542 (lsai.
294 1470 364 1541 uui).
379 1494 390 1519 ι»
404 1471 445 1525 De
460 1471 526 1524 aliis
538 1472 676 1527 omnibus
688 1472 800 1527 sanctis
812 1473 882 1527 dicit
892 1473 972 1528 Deus
982 1490 1051 1544 prr·
1089 1480 1145 1545 est,
1162 1475 1289 1544 domine,
1307 1491 1393 1546 qumn
1406 1475 1610 1546 clausuraqun
1628 1474 1734 1529 clausit
1744 1474 1825 1529 Deus
1836 1473 1922 1530 corda

200 1575 235 1615 os
251 1560 322 1615 lob:
345 1583 356 1606 ι
375 1560 405 1612 ln
421 1560 559 1614 omnibus
574 1562 687 1615 sanctis
699 1562 762 1616 suis
772 1577 829 1616 non
841 1566 887 1615 cst
899 1561 1036 1617 inventus
1088 1568 1188 1619 nostra
1198 1583 1204 1629 ;
1214 1562 1274 1634 jam
1284 1567 1353 1618 sunt
1369 1562 1446 1617 mille
1458 1564 1535 1634 anni,
1553 1565 1581 1618 et
1592 1562 1676 1630 ultra,
1687 1577 1743 1618 nec
1759 1578 1922 1634 possumus

200 1650 265 1703 sine
287 1647 428 1718 pravitate
449 1646 526 1717 (doh.
557 1653 607 1717 rv).
625 1672 636 1695 ιι
655 1648 690 1703 Et
715 1648 860 1704 ieremias
889 1651 1035 1721 propheta
1090 1666 1273 1723 cognoscere
1291 1666 1344 1721 per
1361 1651 1546 1721 prophetiam
1570 1650 1921 1722 nobistraditamapro·

199 1736 285 1791 dicit:
306 1759 315 1782 ι
334 1735 429 1791 Corda
443 1734 595 1792 hominum
608 1753 698 1806 prava
709 1738 784 1807 (der.
796 1739 879 1807 xvu).
899 1763 909 1786 ι
1088 1738 1185 1809 phetis
1203 1739 1470 1808 superadventum
1487 1738 1576 1792 istius
1600 1735 1694 1809 justi,
1710 1736 1922 1808 propterquod

1053 1827 1159 1916 limbi
1186 1826 1259 1881 dixit
1287 1826 1367 1880 Deus
1388 1841 1441 1898 por
1469 1826 1673 1897 prophetam:
1699 1847 1710 1871 ιι
1735 1823 1923 1880 Desolabitnr

1090 1915 1287 1987 Hierusalem,
1312 1919 1340 1970 et
1361 1918 1479 1970 corruat
1502 1915 1607 1968 domus
1630 1914 1732 1967 sancta
1754 1912 1825 1981 (isa.
1841 1911 1919 1983 nr).-

1090 2005 1169 2058 Dixit
1188 2005 1274 2058 etiam
1294 2019 1300 2057 :
1320 2025 1330 2052 ι
1348 2004 1438 2057 Terra
1454 2007 1555 2058 nostra
1569 2003 1696 2069 deserta,
1714 2002 1851 2056 civitates
1870 2015 1921 2056 nc·

499 1892 625 1948 CAPUT
648 1896 725 1950 XIV.

200 2039 245 2093 De
254 2037 392 2093 caecitate
407 2036 572 2093 dedecorum
588 2038 663 2110 quod
678 2054 734 2093 non
747 2040 872 2095 credant
884 2041 1036 2097 Chr·isturn

376 2127 556 2193 advenisse,
587 2142 641 2181 „ec
665 2127 852 2200 mmmmm·
1090 2097 1160 2148 strae
1175 2107 1333 2147 succensae
1348 2093 1427 2164 igne,
1444 2095 1472 2147 et
1489 2091 1651 2146 remanebit
1658 2091 1730 2146 Sion
1745 2092 1825 2144 sicut
1839 2093 1921 2163 tugo-

1090 2183 1166 2237 rium
1181 2183 1211 2236 in
1226 2182 1311 2236 vinca
1327 2181 1470 2251 dissipata
1487 2180 1560 2249 (lsai
1574 2183 1604 2250 r).
1623 2202 1634 2228 ι
1651 2179 1716 2233 lloc
1731 2180 1788 2246 est,
1804 2176 1920 2234 domine

234 2268 345 2338 Timeo,
362 2270 479 2327 domine
495 2268 542 2335 mi,
560 2269 638 2341 qnod
654 2269 693 2324 sit
708 2271 885 2341 completum
901 2273 931 2328 iu
947 2273 1035 2329 nobis
1088 2272 1138 2340 mi,
1156 2268 1259 2342 etjam
1283 2274 1352 2325 sunt
1370 2270 1450 2323 mille
1472 2270 1551 2337 anni,
1575 2273 1604 2323 ct
1624 2269 1712 2323 ultra.
1737 2266 1818 2321 Dixit
1838 2267 1921 2322 etiam

90 2423 93 2431 Ι
199 2357 279 2429 quod
294 2358 368 2414 dixit
389 2359 532 2414 Dominus
544 2373 596 2429 per
616 2357 725 2412 isaiam
741 2360 930 2431 prophetam:
952 2385 962 2409 ιι
980 2361 1036 2417 Ce—
1090 2359 1210 2413 Esaias:
1224 2381 1235 2405 ι
1254 2359 1377 2414 Domine
1389 2356 1622 2427 Deus,cxaltabc
1638 2371 1743 2411 nornen
1755 2354 1922 2426 tnum‚quh

199 2445 271 2501 cidit
286 2447 407 2503 caecitas
418 2462 510 2519 super
524 2447 618 2502 lsrael
636 2462 792 2519 quousque
808 2450 927 2504 intrusit
941 2452 1035 2521 pleni·
1088 2447 1216 2518 posuisti
1232 2447 1379 2501 civitatem
1394 2446 1423 2500 in
1438 2445 1590 2514 tumulum,
1601 2448 1628 2499 et
1644 2444 1763 2499 domum
1779 2441 1921 2498 incontu-

199 2533 269 2589 t¹1d⁰
284 2536 417 2606 gentium
432 2536 514 2605 (Isth
541 2553 589 2590 ux
602 2538 629 2598 l:
648 2537 822 2592 »etiterum
839 2538 909 2593 dicit
923 2555 930 2595 :
946 2562 956 2586 ιι
973 2542 1036 2595 hu·
1090 2536 1214 2602 sionem,
1231 2537 1262 2588 ut
1279 2549 1338 2589 non
1353 2534 1392 2588 sit
1407 2550 1502 2604 usqne
1526 2534 1555 2588 in
1570 2535 1712 2589 aeternum
1728 2531 1800 2599 (lsai
1811 2529 1891 2602 xxv).
1908 2553 1918 2579 ι

199 2621 315 2678 dientes
331 2624 450 2680 audient
461 2627 489 2678 et
502 2640 560 2681 non
570 2625 745 2697 intelligent,
758 2629 788 2680 ct
802 2627 937 2681 videntes
952 2629 1035 2682 vidc-
1092 2624 1126 2678 Et
1136 2624 1223 2678 dixit:
1237 2648 1247 2671 ιι
1258 2624 1396 2678 Conteret
1411 2623 1536 2692 populos
1549 2621 1725 2676 contritione
1734 2620 1820 2675 vasis
1830 2617 1920 2692 figuli,

198 2711 272 2766 bunt
287 2714 316 2765 et
330 2726 388 2767 non
412 2715 604 2784 cognoscent,
626 2713 695 2783 quia
718 2715 807 2768 corda
833 2715 921 2769 istius
939 2717 1035 2787 gentis
1090 2712 1119 2767 in
1135 2728 1194 2783 quo
1210 2729 1268 2767 nen
1285 2715 1434 2766 remaneat
1448 2702 1518 2782 pars
1529 2712 1563 2765 ad
1582 2709 1759 2780 portandum
1769 2708 1923 2763 carbonem

200 2802 271 2854 sunt
284 2800 456 2873 ingrossata
471 2800 554 2870 (lsai.
571 2802 622 2869 vr).
639 2825 649 2848 ιι
663 2800 697 2855 Et
708 2802 803 2856 adhuc
813 2804 915 2858 eodem
931 2805 1033 2873 cupite:
1090 2801 1180 2873 ignis
1205 2816 1260 2854 nec
1275 2800 1467 2854 hauriendam
1483 2804 1595 2872 guttam
1610 2814 1695 2870 aqusc
1710 2797 1794 2869 (lsai.
1812 2797 1895 2868 xxx).
1912 2817 1921 2843 ι

201 2909 213 2934 ι
229 2886 354 2944 Excaeca
365 2905 417 2943 cor
426 2889 528 2960 populi
544 2888 646 2960 hujus,
659 2894 687 2945 ct
698 2891 801 2944 obtura
813 2907 900 2946 aures
912 2891 1034 2964 ejusne
1091 2888 1273 2959 Completum
1290 2891 1336 2942 cst
1353 2888 1438 2942 etiarn
1448 2888 1564 2941 domine
1573 2888 1622 2956 mi,
1633 2885 1711 2957 quod
1721 2885 1797 2941 dixit
1805 2883 1922 2939 Daniel:

199 2976 275 3033 torte
310 2976 473 3047 addiscent,
491 2981 518 3033 et
542 2981 750 3034 convertantur
772 2979 808 3034 ud
824 2996 870 3035 mc
890 2983 918 3035 et
933 2995 1034 3035 sanem
1092 2999 1103 3028 ι
1120 2979 1281 3049 Postquam
1297 2976 1350 3030 fuit
1365 2975 1485 3031 occisus
1501 2972 1824 3041 Christus,ramanebit
1839 2971 1924 3027 desc·

199 3079 262 3121 eos.
277 3089 288 3114 ιι
302 3065 338 3120 Et
347 3066 419 3123 dixit
428 3066 522 3122 lsaies
535 3083 541 3122 :
557 3090 567 3115 ι
579 3067 753 3139 Usquequo,
765 3068 887 3123 Domine
898 3071 912 3124 ‘i
923 3073 951 3124 et
961 3071 1036 3124 dixit
1090 3067 1158 3121 latio
1169 3069 1308 3136 perpetua
1318 3065 1402 3134 (Dan.
1423 3064 1490 3133 ixia
1502 3064 1532 3117 ln
1550 3065 1617 3134 quia
1626 3063 1809 3118 desolatione
1821 3074 1923 3116 sumus

198 3151 358 3226 Quousque
374 3156 433 3210 sint
449 3157 583 3213 civitates
599 3157 736 3225 desertae,
753 3161 782 3212 et
799 3162 913 3212 meneat
928 3160 1033 3213 domus
1088 3155 1149 3226 jnm
1166 3158 1235 3209 sunt
1254 3154 1333 3208 mille
1355 3153 1423 3207 anni
1439 3156 1466 3206 et
1492 3152 1576 3206 ultra.
1600 3151 1678 3206 Dixit
1698 3151 1787 3205 etiam
1811 3149 1920 3204 lsaias:

198 3243 264 3299 sine
294 3244 459 3301 habitatore
489 3245 590 3315 (ibid.)
621 3262 660 3300 ει
690 3246 766 3300 Dixit
789 3246 875 3300 crtum
912 3247 1032 3302 Daniel:
1069 3244 1104 3292 ἰ
1130 3244 1242 3298 ltelicta
1267 3245 1313 3297 est
1336 3242 1365 3295 in
1384 3242 1458 3295 urbe
1481 3241 1617 3310 solitudo,
1645 3243 1673 3295 et
1694 3238 1828 3293 sibilabit
1848 3242 1919 3293 tem

201 3329 1032 3405 uClaudesermoucsetinvolvcprophetiam(Dan.xm»
1091 3348 1193 3387 corum
1207 3331 1295 3386 sibilo
1311 3345 1406 3401 usque
1426 3331 1456 3383 in
1472 3330 1682 3400 sempiternum
1698 3327 1781 3396 (lsai.
1797 3327 1891 3396 xxiv).
1907 3347 1916 3373 ι

199 3417 235 3474 Et
249 3418 393 3474 ieremias
411 3437 416 3475 :
436 3443 447 3468 ι
466 3423 623 3476 Peccatum
639 3421 727 3475 ludae
738 3423 881 3493 scriptum
896 3427 942 3478 est
957 3425 1033 3495 stylo

198 3505 296 3563 ferreo
320 3508 350 3561 in
373 3509 469 3579 lapide
494 3510 690 3579 adamantino,
722 3516 749 3564 ct
765 3517 920 3566 extensum
944 3528 1035 3582 super

196 3594 378 3653 latitudinem
404 3598 505 3652 cordis
533 3613 634 3653 eorum
676 3599 750 3668 (der.
777 3600 858 3668 nvn).
894 3624 905 3648 ιι
940 3601 1033 3656 lsaias

198 3682 293 3755 capite
312 3685 421 3754 primo:
437 3686 608 3756 «Cognovit
622 3686 678 3741 bos
689 3702 898 3755 possessorem
907 3705 994 3743 suum
1006 3695 1034 3744 et

186 3771 1033 3845 xasinuspreeseperlominisui,populusautcmmousnon

197 3859 342 3915 intellexit
353 3861 435 3932 (lsai.
448 3863 509 3931 xu).
524 3886 535 3910 ι
550 3862 585 3917 Et
596 3864 701 3918 iterum
716 3864 879 3919 ieremias:
895 3888 906 3912 ιι
925 3865 1033 3921 llilvus

198 3951 226 4004 et
241 3948 377 4016 hirundo,
394 3953 422 4005 et
438 3950 550 4006 ciconia
571 3951 669 4006 sciunt
683 3955 800 4022 tempus
811 3953 956 4007 adrentus
973 3956 1032 4012 suit

198 4037 327 4108 populus
343 4043 440 4093 autern
457 4054 608 4094 meusnon
625 4040 764 4113 cognovit
779 4041 910 4113 mehler.
930 4044 1001 4113 vm).
1021 4069 1031 4092 ι

198 4123 234 4180 st
251 4125 434 4195 haecomnia,
451 4128 568 4183 domine
584 4129 633 4197 mi,
651 4129 727 4184 dicta
748 4134 818 4183 sunt
833 4135 952 4201 propter
967 4148 1032 4202 nos,

138 4218 145 4233 “
197 4216 267 4287 quia
281 4231 338 4272 non
354 4217 549 4288 cognovimus
561 4219 717 4272 adveutum
727 4218 807 4273 illius
821 4218 896 4290 justi
907 4221 1032 4275 Domini.

198 4302 234 4359 in
248 4303 284 4358 de
302 4305 388 4360 nobis
404 4305 478 4361 dixit
487 4307 631 4361 Dominus
647 4324 700 4377 per
716 4308 839 4362 lsaiam:
860 4330 871 4355 ι
892 4307 1033 4379 Elongate

1092 3421 1170 3474 Dixit
1181 3419 1267 3474 etiarn
1277 3420 1421 3473 ieremias
1435 3436 1440 3472 :
1454 3442 1464 3465 ιι
1479 3420 1640 3489 Argentum
1649 3415 1812 3488 reprobum
1821 3414 1916 3469 vocae

1091 3510 1168 3579 illos,
1186 3509 1255 3579 quia
1270 3507 1413 3562 Dominus
1438 3507 1563 3578 projecit
1579 3522 1630 3561 cos
1647 3507 1721 3575 (der.
1738 3504 1790 3575 rx).
1809 3527 1820 3552 ιι
1849 3500 1918 3558 bixtt

1092 3599 1177 3652 etiam
1193 3598 1303 3652 lsaias:
1327 3595 1500 3649 «ambulate
1515 3595 1543 3648 in
1559 3594 1669 3648 lumine
1684 3593 1764 3664 ignis
1777 3592 1879 3661 vestri,
1893 3589 1916 3645 et

1092 3687 1217 3742 flammis
1229 3702 1303 3758 quas
1319 3685 1517 3741 succendistis
1533 3683 1618 3737 vobis
1634 3682 1716 3751 (lsai.
1733 3683 1772 3748 u).
1791 3703 1802 3730 ι
1821 3678 1915 3752 lnqui-

1091 3776 1148 3832 bus
1170 3776 1295 3830 flammis
1313 3790 1368 3829 nos
1392 3790 1506 3841 sumne,
1529 3772 1592 3843 jam
1613 3771 1692 3825 milla
1707 3770 1776 3824 anni
1793 3770 1871 3825 sunt.
1885 3765 1913 3821 lt

1092 3864 1165 3919 dixit
1179 3865 1263 3918 otiam
1280 3864 1371 3918 Amos
1385 3879 1390 3917 :
1404 3887 1415 3909 ιι
1433 3862 1544 3915 Domus
1559 3860 1651 3914 lsrael
1663 3859 1747 3913 cadet
1762 3860 1791 3913 et
1805 3873 1864 3911 nou
1874 3855 1911 3910 est

1091 3955 1140 4026 qui
1151 3953 1245 4027 eriget
1254 3968 1317 4006 earn
1326 3952 1436 4019 (Amos.
1447 3949 1485 4018 v).
1498 3972 1509 3998 ι
1526 3949 1562 4003 Et
1577 3947 1692 4003 videtur
1707 3946 1791 4016 mihi,
1806 3945 1912 4001 domine

1092 4042 1228 4114 mi,quod
1238 4041 1316 4097 Deus
1329 4039 1441 4094 induxit
1451 4054 1603 4110 supernos
1619 4038 1734 4092 ruinam
1743 4033 1911 4105 istam,post
1935 4034 1945 4051 ·'

1091 4131 1247 4186 adventum
1266 4127 1345 4182 lusti
1365 4126 1467 4198 hujus,
1490 4128 1646 4196 postquam
1661 4121 1806 4194 propheta
1821 4120 1911 4177 nullus
1932 4176 1951 4203 ς

1091 4218 1223 4273 surrexit
1232 4218 1263 4271 in
1272 4215 1369 4285 nobis,
1380 4230 1434 4269 nec
1450 4217 1563 4286 surget,
1574 4206 1910 4284 sieutprophetatumest
1936 4257 1954 4289 .·>

1090 4308 1177 4362 nobis
1193 4306 1323 4378 quianos
1339 4318 1492 4358 manemus
1503 4301 1751 4370 inincredulitote‚
1770 4315 1828 4355 non
1843 4294 1910 4353 reci·
1929 4306 1935 4365 ζ

197 4391 279 4449 iores
308 4396 426 4464 gentem
443 4410 562 4462 caecam,
579 4398 608 4449 et
629 4411 687 4450 non
703 4395 859 4451 habentem
875 4397 988 4465 oculos,
1006 4399 1034 4450 ct
1089 4386 1908 4467 pientesfidemilliusseclnegantes.DixitetiarnOseas:
1941 4448 1950 4463 ,

197 4479 329 4550 surdam,
345 4483 374 4534 et
388 4496 446 4535 non
472 4482 628 4537 habentem
643 4498 742 4555 aures,
761 4499 831 4538 cece
843 4500 947 4538 omncs
963 4499 1031 4538 con·
1092 4508 1102 4530 ιι
1114 4484 1186 4539 Cum
1198 4480 1335 4535 accubuit
1351 4479 1456 4535 mulier
1466 4494 1557 4550 super
1570 4483 1678 4533 terram
1693 4479 1722 4531 et
1736 4475 1860 4547 peperit,
1875 4470 1908 4527 di·
1935 4482 1946 4533 ἶ

198 4568 314 4640 gregati
343 4573 412 4623 sunt
439 4567 521 4633 (lsai.
552 4571 643 4641 xuni).
659 4594 670 4617 ιι
688 4571 723 4626 Et
737 4572 808 4643 quid
823 4572 915 4627 voluit
931 4572 1032 4627 dicore
1089 4559 1908 4638 xitDeuszvocanomenejusSr'nemisericordia,quit
1943 4640 1948 4645 ·

197 4655 344 4728 Propheta
353 4657 478 4727 perlncc
496 4658 594 4727 verba,
610 4659 667 4712 uisi
681 4659 759 4730 quod
776 4661 856 4714 Deus
871 4676 927 4714 nos
943 4677 1028 4730 rapn—
1043 4654 1069 4714 D
1085 4676 1144 4715 non
1163 4658 1329 4713 miserebor
1348 4657 1455 4728 populo
1476 4655 1544 4709 huic
1566 4653 1647 4724 (Ose.
1668 4655 1698 4723 r).
1715 4676 1726 4701 ι
1743 4650 1824 4706 Etsi
1840 4650 1907 4704 Deus

197 4746 240 4812 lit,
258 4746 326 4817 quia
341 4747 915 4818 noncognovimustompusistiustusti
928 4749 1031 4803 citius‘l
1085 4748 1212 4820 proiecit
1232 4762 1298 4815 nos,
1320 4749 1348 4801 et
1369 4760 1428 4799 non
1450 4744 1608 4798 miseretur
1631 4741 1736 4810 nostri,
1762 4743 1793 4795 ut
1808 4731 1908 4810 experti

198 4833 233 4889 Et
249 4834 444 4908 congregavit
459 4835 495 4889 ad
511 4851 545 4889 se
560 4836 589 4889 in
601 4835 658 4890 side
668 4840 773 4908 gentes
783 4837 849 4891 loeo
861 4839 966 4904 nostri,
977 4837 1030 4892 Su·
1086 4853 1201 4904 sumus,
1222 4835 1284 4908 jam
1306 4836 1375 4889 sunt
1390 4831 1468 4887 mille
1483 4832 1552 4886 anni
1567 4834 1595 4885 et
1611 4830 1697 4896 ultro,
1722 4844 1791 4899 quae
1806 4827 1907 4882 utititas

198 4938 251 4992 per
266 4924 344 4993 quod
361 4923 522 4979 admiratos
537 4922 630 4978 David
645 4923 719 4979 dixit
735 4925 763 4978 in
778 4926 909 4994 psalmo:
930 4949 941 4973 ιι
958 4927 1030 4981 Haec
1085 4932 1192 4982 estnos
1202 4908 1911 4993 haberelegem‚circumcisionemetSnbbatum‘!

198 5013 246 5065 est
269 5011 389 5067 mutatio
417 5012 547 5069 dexterae
566 5011 686 5069 Excelsi
708 5011 921 5083 (Psatnxxvr).
940 5034 951 5064 ι
967 5014 1030 5070 Nos
1086 5016 1164 5071 ltixit
1179 5014 1273 5069 lsaias
1298 5028 1304 5066 :
1326 5033 1336 5057 ιι
1352 5009 1435 5064 Educ
1450 5010 1530 5064 sonas
1545 5007 1685 5078 populum
1700 5021 1825 5076 cescum,
1841 4994 1915 5059 sicut

198 5099 296 5154 tammr
306 5099 358 5154 Dei
375 5115 481 5156 sumus
496 5101 525 5155 in
537 5117 609 5156 casu
625 5101 682 5156 isto
697 5105 811 5169 nostro,
823 5107 851 5156 ct
862 5103 1030 5173 captivitate
1085 5104 1186 5159 eduxit
1197 5117 1252 5157 nos
1264 5100 1299 5155 de
1313 5103 1391 5155 terra
1402 5099 1504 5154 nostra
1515 5097 1594 5152 Deus
1609 5109 1711 5164 verus,
1722 5097 1751 5149 et
1764 5093 1918 5166 gloriosa!

136 5195 139 5199 ’
197 5184 342 5261 istn,quae
357 5188 514 5244 nonhabet
529 5190 628 5260 tinam,
644 5189 740 5260 inqua
756 5204 870 5259 sumus,
884 5190 946 5261 jain
963 5195 1031 5245 sunt
1086 5192 1167 5262 (lsai.
1184 5190 1275 5257 xxiv).
1295 5189 1387 5242 »lam
1403 5191 1471 5241 sunt
1487 5185 1565 5240 mille
1584 5183 1653 5239 anni
1678 5187 1707 5237 et
1730 5181 1820 5237 ultra.
1842 5170 1922 5235 Dixit

199 5273 278 5328 mille
292 5276 370 5343 anni,
386 5280 415 5330 et
439 5276 496 5332 hoc
511 5279 608 5333 tamen
622 5277 729 5335 accidit
742 5277 781 5332 ita
796 5278 871 5333 male
896 5282 1030 5349 patribus
1086 5281 1172 5337 etiam
1189 5278 1284 5335 idem:
1304 5296 1315 5326 ιι
1334 5275 1429 5330 Verus
1447 5289 1530 5329 error
1551 5271 1622 5326 abiit
1644 5270 1726 5339 (lsai.
1743 5270 1837 5338 xxvi).
1856 5256 1926 5320 .ss
1943 5280 1946 5286 ·

198 5361 320 5430 nostris,
336 5365 387 5434 qui
402 5365 599 5426 adoraverunt
614 5368 701 5438 idola,
724 5370 752 5422 ct
776 5367 948 5442 occiderunt
960 5385 1030 5439 pro·
1086 5368 1156 5442 quid
1171 5369 1217 5422 est
1232 5365 1393 5436 antiquum,
1409 5362 1468 5418 nisi
1482 5362 1531 5418 lex
1545 5363 1657 5426 nostra,
1674 5372 1743 5429 quac
1758 5355 1888 5412 recessit
1903 5356 1928 5398 ¹

198 5449 303 5522 phetas
318 5453 538 5527 ettransgressi
549 5455 667 5512 luerunt
680 5456 791 5530 Legem
805 5471 844 5511 ex
855 5458 926 5512 toto.
1086 5457 1183 5519 nobis.
1202 5455 1320 5510 domine
1337 5453 1386 5522 mi,
1405 5468 1471 5506 cum
1486 5466 1569 5522 rega,
1585 5463 1654 5503 oum
1668 5445 1831 5516 sacrificio,
1852 5442 1926 5501 cum

1085 5546 1219 5611 incenso,
1229 5546 1332 5598 etcum
1343 5540 1506 5597 alteribus?
1520 5536 1629 5609 etquid
1639 5534 1728 5608 pejus
1739 5535 1926 5609 nobmpoto·

1085 5632 1303 5691 ritevenire‘lct
1313 5630 1439 5702 quidest
1449 5627 1527 5699 quod
1536 5621 1923 5696 nosexspectamusttim‘
