3900 6112
102 294 163 360 957
603 274 873 343 POSTMODUM
895 268 1088 334 VICTORIS
1109 267 1153 332 Ill
1176 267 1312 330 PAPAE.
1763 279 1823 342 958

102 492 161 546 iter
180 504 233 560 per
250 503 331 543 mare
345 497 513 557 aggressus
537 483 594 536 est.
616 479 749 549 Cumque
771 475 807 529 ad
830 472 941 528 Urbem
955 452 980 505 Ᾰ
996 467 1821 543 episcopisetcardinalibusconsiliehabito,dsomuibus

104 577 307 652 pervenisset,
325 571 505 629 aeemitissa
520 572 549 624 et
559 567 626 638 ejus
642 559 942 621 exereituaccaeteris
995 557 1057 611 fere
1073 557 1162 611 ltaliae
1177 555 1295 626 populis
1315 556 1548 613 Christianorum
1564 564 1725 618 exereitum
1749 582 1820 620 con-

106 667 187 723 beati
197 665 279 720 Petri
294 663 432 718 fidelibus
453 658 645 714 devotissime
664 650 945 718 officiosissimeque
994 662 1136 718 gregans,
1151 649 1238 715 atque
1263 644 1401 698 vexillum
1427 647 1503 702 beati
1517 650 1596 703 Petri
1619 654 1743 722 apostoli
1761 655 1821 710 illis

111 759 275 824 susceptus
295 754 351 819 est,
376 756 463 821 atque
487 747 563 817 apud
583 744 740 800 ecclesiam
768 739 845 795 beati
866 735 944 790 Petri
995 734 1184 802 contradens,
1201 734 1257 786 sub
1279 734 1454 788 remissione
1471 737 1599 791 cranium
1614 743 1820 813 peccatorum,

107 848 176 898 oete
193 842 299 896 diebus
320 837 492 910 permansit.
509 833 619 888 Deinde
635 831 664 885 ia
675 830 834 884 festivitate
850 823 943 880 saneti
995 826 1096 877 contra
1112 821 1276 876 Saracenos
1297 821 1326 875 in
1342 822 1441 877 hfriea
1467 832 1682 882 commorantes
1705 830 1821 886 direxit.

107 930 257 986 Barnabae
272 942 363 998 super
377 926 467 979 altare
487 920 587 977 Sancti
602 919 681 973 Petri
697 917 819 971 missam
837 913 943 968 selem·
994 911 1113 966 Christe
1124 911 1212 981 igitur
1224 910 1308 980 duee,
1322 910 1489 967 Africanam
1503 914 1631 970 devoluti
1643 918 1711 971 dum
1722 924 1824 974 essent

106 1021 186 1076 niter
205 1017 372 1085 celebrans,
387 1014 489 1068 eadam
499 1012 557 1079 die,
570 1007 678 1064 auxilio
693 1009 722 1061 et
740 1021 794 1076 ope
810 1003 940 1074 praefatae
995 999 1031 1053 ad
1047 1000 1159 1066 urbem,
1177 1001 1256 1053 omni
1271 1000 1338 1053 nisu
1350 999 1427 1054 illam
1440 1007 1654 1074 expugnantes,
1670 1007 1730 1060 Deo
1741 1007 1824 1079 adju·

108 1108 284 1174 comitissae,
295 1120 349 1176 per
362 1101 562 1158 transtiberim
572 1093 946 1154 Romamiatravit.Trans-
995 1092 1092 1155 vante,
1110 1091 1260 1159 ceperunt,
1276 1088 1439 1143 interfectis
1455 1090 1491 1145 do
1507 1091 1721 1148 Saracenorum
1739 1111 1825 1151 exer-

107 1197 229 1252 tiberim
247 1196 430 1260 tuaotetam,
458 1190 716 1255 Romanorumque
735 1181 946 1253 permaximam
996 1178 1054 1232 citu
1080 1181 1196 1232 centum
1211 1176 1341 1231 millibus
1361 1182 1566 1249 pugnatorum.
1591 1181 1673 1246 Quod
1700 1199 1736 1238 ne
1757 1185 1826 1255 quis

108 1289 236 1356 partem,
254 1285 282 1336 et
296 1280 448 1348 nobilium,
465 1290 664 1348 peneemnem
680 1272 829 1342 populum,
841 1268 947 1323 castel·
996 1266 1126 1336 ambigat
1141 1265 1635 1336 heirahsquevoluat-ateaccedisse
1651 1271 1758 1342 divina,
1776 1274 1825 1328 ilie

107 1374 174 1430 lum
199 1386 316 1443 quoque
337 1367 432 1424 sancti
452 1363 739 1437 hageli,basilioan1
760 1359 842 1413 Beati
855 1356 945 1424 Petri,
998 1355 1044 1408 die
1065 1369 1122 1424 que
1137 1352 1297 1407 Christiani
1317 1355 1352 1408 de
1376 1355 1532 1410 Saracenis
1554 1359 1707 1413 victoriam
1730 1361 1827 1431 adepti

111 1462 263 1517 civitatem
281 1458 450 1513 Ostiensem
469 1470 503 1508 ae
526 1454 720 1508 Portuensem
745 1449 774 1502 in
790 1448 837 1501 sui
851 1446 946 1517 juris·
999 1445 1078 1511 sunt,
1094 1456 1128 1496 eo
1144 1443 1230 1496 etiam
1246 1441 1335 1496 ltalia
1351 1443 1492 1499 divinitus
1507 1446 1682 1514 patefactum
1693 1450 1748 1503 est.

108 1550 241 1604 dictione
266 1546 404 1613 tenebat,
430 1541 601 1597 morabatur
624 1554 696 1593 rere
718 1536 795 1607 apud
818 1535 947 1588 Insulam
1034 1530 1829 1606 SynodusBeneventi—PraefataeautemVictorpapa

111 1638 228 1706 Romae,
246 1652 312 1708 quae
329 1637 357 1688 et
373 1633 437 1703 ipsa
448 1631 529 1702 juris
544 1627 688 1683 exstabat.
711 1626 764 1679 Die
785 1625 876 1695 igitur
897 1622 948 1692 qui
1000 1619 1105 1673 tertius
1117 1618 1226 1672 Urbem
1236 1619 1393 1689 egrediens
1403 1622 1524 1674 venitad
1540 1623 1596 1677 hoc
1607 1626 1827 1695 monasterium,

110 1725 317 1797 apostolorum
332 1720 461 1777 natalitia
476 1716 672 1789 praecedebat,
686 1713 806 1768 nuntius
818 1712 946 1782 quidam,
1001 1707 1247 1776 sociatisquesihi
1262 1707 1411 1777 episcopis
1424 1713 1451 1764 et
1460 1710 1660 1766 cardinalibus
1672 1713 1829 1767 ecclesiam

111 1814 203 1886 quasi
217 1829 255 1868 ex
272 1809 459 1881 imperatoris
472 1810 552 1878 parte
566 1803 738 1870 adveniens
756 1816 859 1856 omnes
875 1814 948 1853 con·
963 1772 986 1826 B
1001 1795 1101 1850 Sancti
1116 1792 1231 1849 Nicolai
1242 1795 1270 1848 ia
1283 1795 1351 1849 Pica
1367 1798 1538 1853 solemniter
1552 1799 1706 1854 dedicavit.
1727 1801 1830 1856 Mense

112 1904 211 1970 sulas,
228 1904 382 1955 senatores
397 1913 431 1951 ac
446 1895 585 1966 populum
610 1893 773 1947 Romanum
789 1889 825 1942 de
841 1903 949 1943 corona
1000 1887 1098 1938 autem
1115 1885 1250 1954 Auguste
1267 1884 1411 1954 synodum
1428 1886 1579 1942 celebrare
1599 1904 1666 1942 cum
1681 1888 1831 1959 episcopis

115 1990 271 2046 submovit
284 1986 398 2058 imperii
414 2000 481 2040 cum
492 1983 590 2037 subite
598 1980 723 2037 Romani
731 1977 948 2048 pervenientes,
1004 1973 1116 2042 apulia
1131 1971 1383 2038 ettialahrirc,neo
1393 1975 1678 2044 nont'rinoipatuum
1687 1979 1831 2048 statuens,

112 2083 225 2149 praeter
239 2077 316 2132 beati
340 2075 422 2129 Petri
438 2071 615 2137 ecelesiam,
634 2068 773 2123 univorsa
794 2067 949 2135 ceperunt,
1002 2061 1201 2115 Beneventum
1210 2061 1347 2130 perrexit,
1364 2062 1393 2115 ia
1406 2077 1463 2133 qua
1474 2064 1611 2118 videlicet
1623 2065 1701 2119 idem
1714 2068 1833 2136 aposto·

114 2166 277 2223 eoclesiam
298 2179 370 2218 vere
386 2163 491 2232 ipsam,
515 2174 602 2231 quam
617 2156 779 2226 supradicti
803 2152 951 2224 pontificis
1003 2150 1078 2203 licus
1098 2149 1275 2219 praesidens,
1302 2151 1342 2202 ait
1364 2166 1369 2202 :
1393 2151 1482 2205 Nevit
1504 2152 1621 2206 dilectio
1642 2156 1750 2224 vestra,
1776 2156 1832 2208 ete.
1889 2210 1892 2215 .

113 2255 255 2311 homines
271 2254 307 2308 de
322 2250 567 2321 supertenebant,
578 2244 695 2316 ingredi
717 2241 950 2309 nullomodepo·
1002 2237 1096 2292 Multa
1112 2237 1246 2291 oratione
1261 2237 1467 2308 complectitur
1484 2241 1633 2294 adversus
1648 2240 1833 2312 Guibertum,

113 2345 247 2399 fuerunt.
264 2340 322 2395 Sed
337 2338 405 2411 quia
424 2336 557 2391 Guiberti
572 2332 782 2387 haeresiarchae
798 2329 951 2383 multitudo
1004 2325 1325 2398 quemanathernatizat
1335 2341 1341 2380 :
1352 2332 1410 2379 turn
1418 2329 1610 2398 conqueritur
1623 2328 1835 2384 adversusHu-

115 2430 319 2504 permaxima
340 2431 413 2494 erat,
437 2426 467 2479 bi
491 2425 542 2496 qui
564 2439 601 2478 ex
615 2425 698 2492 parte
721 2435 804 2490 papae
824 2416 953 2471 Victoris
1004 2413 1569 2487 ponantupdanensemetbichardum
1585 2415 1837 2471 abbatomMassi-

119 2519 441 2587 erant,ooatratantam
450 2513 579 2568 hostium
594 2525 712 2564 manum
728 2507 875 2562 obsistere
895 2520 954 2559 aon
1005 2503 1130 2558 liensem
1150 2502 1334 2558 desertores.
1359 2502 1498 2558 Declarat
1521 2506 1836 2560 excommunicatorum

119 2608 268 2673 valentes,
285 2606 314 2659 in
329 2599 632 2670 Transtiberim,lsive
645 2595 837 2651 incastellum
855 2594 955 2648 Sancti
1006 2591 1838 2665 consortiomitafnpiendnmesse,utdeheantfidelespe·

120 2695 232 2768 Angeli
247 2693 462 2749 discesserunt.
477 2690 544 2745 lam
561 2688 607 2741 die
623 2685 812 2740 mediantem
828 2681 956 2738 eeclesia
1008 2680 1184 2751 tiusahsqoe
1196 2682 1836 2763 sacramentisvirereetmori,quameernm

119 2785 241 2840 Sanctae
263 2782 363 2836 Marias
381 2782 410 2834 ia
425 2779 556 2833 turribus
574 2777 731 2831 Ravennae
755 2770 956 2826 heresiarcha
1008 2769 1207 2824 communione
1222 2769 1324 2840 pollui.
1344 2770 1455 2825 Exstat
1479 2770 1510 2824 in
1523 2778 1599 2826 tomo
1627 2772 1658 2825 II
1683 2771 1840 2844 Spicileyii

120 2872 250 2928 missam
274 2869 410 2924 cantavit.
433 2867 508 2920 Nam
534 2866 690 2933 utrumque
715 2860 861 2929 capanile,
886 2859 956 2928 igne
1009 2858 1174 2912 Acheriani
1188 2874 1255 2930 pap.
1274 2858 1338 2912 405
1354 2858 1840 2932 Hoponistupdunensisepistola

122 2965 152 3017 et
178 2960 259 3015 fumo
284 2957 451 3028 supposito,
473 2954 606 3022 ceperat;
638 2951 702 3005 sele
722 2950 818 3002 autem
837 2947 901 3018 ,jam
920 2945 956 2999 ad
1011 2947 1468 3017 adltfatlrildemcomitissam,in
1481 2965 1534 3020 qua
1546 2949 1840 3006 diluereconatorea

125 3063 270 3105 occasum
286 3048 437 3117 vergente,
461 3042 491 3095 hi
506 3041 596 3112 quiin
610 3038 738 3093 ecclesia
751 3038 891 3091 steterant
905 3050 957 3104 pa·
975 3059 998 3114 C
1012 3051 1074 3106 pore
1087 3035 1148 3090 sibi
1155 3035 1287 3090 liacinre
1297 3037 1433 3106 imposita
1445 3037 1572 3091 fuerant.
1586 3037 1709 3092 Multum
1723 3038 1842 3093 invehit

121 3138 184 3192 lam
197 3149 263 3189 eum
273 3132 364 3186 armis
377 3130 441 3185 suis
453 3126 679 3194 descendentes,
690 3125 805 3178 reversi
817 3126 895 3177 sunt.
909 3122 961 3205 lta,
1011 3125 1042 3178 in
1049 3124 1276 3178 Desideriumin
1288 3124 1411 3196 epistola
1420 3124 1516 3179 altera
1526 3125 1564 3179 ad
1579 3126 1709 3180 eamdcm
1719 3124 1841 3180 ittatliil·

119 3227 194 3293 heu,
219 3221 294 3294 proh
315 3216 417 3275 defert
442 3215 604 3287 apostolica
625 3217 653 3269 et
682 3211 861 3268 universalis
884 3213 961 3266 beati
1012 3213 1088 3281 clera,
1115 3229 1198 3284 quam
1220 3213 1304 3284 ano
1326 3212 1565 3267 flaviniacensis
1580 3214 1673 3269 abhas
1695 3215 1842 3286 intepram

125 3312 207 3369 Petri
221 3310 360 3378 eeclesia,
377 3324 412 3363 eo
428 3308 474 3362 die
490 3322 548 3376 quo
565 3305 632 3376 ejus
646 3304 795 3374 praecipue
814 3302 962 3356 festivitas
1012 3302 1142 3356 inseruit
1159 3303 1190 3355 in
1221 3301 1365 3356 Chronico
1391 3301 1579 3371 Virduneasi,
1599 3303 1675 3373 apud
1694 3302 1843 3359 Lahheam

125 3401 251 3469 exstitit,
277 3399 356 3455 omni
373 3401 432 3452 tam
455 3398 599 3449 nocturno
623 3408 711 3464 quam
740 3390 963 3445 diurnooffrcio
1014 3397 1089 3445 tome
1107 3390 1123 3443 1
1137 3389 1331 3445 Bibliothecae
1342 3406 1424 3445 norae
1438 3406 1506 3462 paq.
1519 3388 1650 3445 artesae
1665 3392 1718 3446 has
1733 3391 1843 3446 calum·

126 3490 234 3549 caruit.
248 3488 296 3543 Sic
306 3482 658 3542 Guibertihoeresiarchae
673 3497 745 3551 spes
756 3480 963 3548 frustrataest,
1014 3480 1080 3534 nias
1090 3479 1232 3550 orpunpit
1247 3479 1394 3533 unanimis
1408 3480 1586 3550 scriptoram
1601 3479 1690 3552 lupus
1704 3482 1764 3535 aevi
1776 3496 1844 3552 pra·

125 3580 224 3653 quiin
246 3575 447 3648 apestolorum
470 3571 653 3626 solemnitate
678 3569 789 3623 missas
803 3568 864 3622 illic
889 3566 966 3621 cele·
1018 3567 1846 3639 riorumconsensnsqnirnultislaodibosVrcteremcele·

128 3670 224 3725 brare
247 3663 410 3719 affectabat.
428 3661 528 3715 Altera
544 3660 590 3714 die
610 3660 647 3713 ab
672 3657 822 3712 haereticis
847 3657 966 3724 aposto·
1015 3657 1152 3711 brarunt.
1165 3657 1259 3711 Sioda
1270 3672 1304 3711 eo
1319 3656 1409 3711 hahet
1423 3657 1779 3729 chronepraphusnoster
1790 3672 1844 3712 ms.

128 3757 223 3811 licum
252 3753 342 3806 altare
371 3751 483 3817 lotum,
512 3751 540 3802 et
562 3748 656 3801 missa
679 3749 726 3800 est
766 3744 808 3798 ibi
836 3746 965 3814 peraeta.
1015 3745 1803 3818 Saronicosadannum1085.llildebranduspapa,qui
1819 3749 1847 3800 et

126 3845 182 3899 Die
213 3857 286 3895 vero
303 3839 439 3910 sequenti
464 3851 568 3891 omnes
596 3834 967 3905 adpropriasuntrever-
1016 3834 1180 3905 Gregorius
1196 3834 1344 3903 Vll,apud
1358 3834 1509 3888 Salernum
1524 3836 1803 3904 exulatusmoritur,
1820 3837 1849 3889 et

127 3933 166 4002 si,
185 3935 214 3987 et
244 3930 346 3984 eadem
364 3926 492 3982 ecelesia
519 3925 549 3978 ia
573 3923 713 3978 ditionem
737 3937 820 3992 papae
840 3920 968 3974 Victoris
1017 3922 1849 3992 ibidemiaecclesiasepelitur,cui,Northmannorumex

127 4021 229 4076 rediit.
262 4018 304 4072 llo
333 4017 434 4071 itidem
458 4017 604 4083 tempore,
631 4011 699 4065 dum
728 4010 845 4081 quidam
880 4023 968 4078 pere·
1018 4010 1848 4081 Apuliaothlatbildispotentissimaperltaliamfcminae

126 4108 209 4183 griai
232 4105 376 4161 erationis
391 4104 485 4176 gratia
506 4102 542 4156 ad
560 4102 680 4155 Beatum
703 4098 894 4152 Benedictum
913 4111 968 4150 ve·
1018 4102 1250 4169 cunctorumque
1274 4097 1421 4168 ejusmodi
1445 4104 1555 4153 sectam
1585 4101 1782 4154 aemulantium
1801 4115 1849 4154 as·

126 4199 240 4262 nireat,
262 4195 368 4250 obvius
393 4193 451 4247 illis
472 4191 591 4261 quidam
616 4189 661 4242 vir
686 4188 848 4243 eanonicus
872 4186 968 4239 factus
1020 4204 1124 4249 sensu.
1150 4186 1323 4241 Desiderius
1345 4187 1504 4241 cardinalis
1525 4189 1676 4242 Romanus
1706 4190 1734 4242 et
1756 4188 1850 4242 abbas

128 4288 177 4342 est
193 4299 284 4356 quem
292 4283 359 4353 quis
376 4285 458 4336 esset
472 4281 700 4348 interrogantes,
720 4278 836 4330 Petrum
850 4278 968 4344 apesto-
1020 4277 1225 4344 Cassineasis,
1243 4291 1332 4330 verus
1355 4275 1463 4330 Christi
1482 4275 1621 4344 famulus,
1638 4275 1706 4329 licet
1728 4274 1850 4330 multum

126 4376 194 4430 lum
214 4388 248 4428 se
273 4387 342 4426 esse
364 4369 527 4440 respondit.
552 4366 588 4420 Et
610 4366 652 4419 illi
679 4381 685 4419 :
710 4364 773 4430 Quo
796 4363 912 4418 rendist
934 4360 1109 4432 Etpoorde
1124 4367 1381 4436 simultetoerpere
1396 4366 1528 4419 renitens
1543 4363 1850 4429 substituitur,Victor

131 4467 259 4519 sanctus
275 4460 457 4530 Apostolus:
475 4456 555 4510 Vade
571 4455 607 4509 ad
626 4455 746 4508 fratrem
767 4452 968 4519 Benedictum,
1020 4459 1198 4513 nominatus.
1212 4455 1325 4510 Etenim
1342 4470 1407 4509 cum
1430 4454 1597 4508 infirmitate
1612 4454 1696 4525 gravi
1711 4452 1852 4507 laborans

133 4556 166 4607 ut
189 4565 258 4605 oum
273 4549 323 4603 ille
342 4547 493 4618 passienis
517 4560 590 4599 meae
612 4543 688 4599 diem
713 4541 880 4611 celebrem,
903 4556 970 4594 uam
1021 4547 1057 4600 ad
1081 4560 1229 4600 summum
1253 4542 1332 4597 hune
1352 4542 1465 4612 apicem
1485 4541 1607 4611 invitae,
1637 4541 1695 4596 ime
1718 4540 1852 4610 captivus

135 4642 242 4695 Romae
258 4637 426 4693 consistere
442 4650 501 4690 non
516 4633 609 4689 valae.
627 4631 724 4685 Variis
740 4631 818 4685 enim
832 4628 972 4699 procellis
1021 4634 1245 4704 proveheretur,
1257 4631 1397 4702 precihus
1407 4630 1532 4686 obtinuit
1546 4633 1577 4684 ut
1587 4629 1664 4685 infra
1675 4644 1733 4684 aen
1744 4629 1851 4684 multos

133 4728 272 4784 Ecclesia
291 4741 355 4780 mea
371 4720 653 4794 superuacaneum
670 4720 738 4773 dum
759 4717 900 4773 sffliribfls
916 4716 972 4770 Vil‘i
1022 4730 1086 4783 dios
1101 4726 1137 4780 ab
1149 4723 1270 4778 liaevite
1282 4718 1667 4775 tolleretur.Eadernferme
1678 4717 1768 4772 hahet
1788 4716 1852 4770 Tri·

136 4818 180 4872 illi
195 4812 385 4888 postmodum
400 4812 598 4877 reserassent,
616 4809 652 4863 ad
668 4807 892 4863 succedentium
906 4821 969 4860 me·
1023 4816 1151 4871 themius
1161 4813 1199 4868 ad
1208 4810 1356 4865 laudatum
1367 4806 1547 4863 annun11085
1556 4809 1586 4861 in
1594 4803 1853 4877 editioneSanpal-

138 4905 265 4960 moriam
283 4903 510 4968 constituerunt,
533 4899 655 4954 itatanti
679 4895 805 4965 apostoli
827 4895 973 4949 festivita·
1023 4905 1101 4960 191,ss
1109 4902 1250 4958 chronici
1258 4896 1725 4970 Ηίμςρῃρῑρῃςῑψῑοεθωῃῑιρῃ,
1733 4893 1854 4966 pontifi.

140 4999 198 5049 tem
215 4991 448 5047 sieutetl’atris
477 4988 638 5056 Benedicti,
660 5001 727 5040 cum
741 4983 973 5037 maximadevo-
1024 5009 1086 5048 cem
1107 4988 1387 5062 altisqooqoeloois
1406 4987 1518 5059 passim
1536 4985 1679 5040 celebrat.
1699 4984 1767 5050 Quia
1785 4995 1856 5038 rere

137 5083 217 5137 tione
233 5079 406 5136 solemniter
421 5077 584 5132 celebrare.
596 5075 699 5145 Capite
714 5072 851 5144 sequenti
861 5072 923 5142 apit
937 5071 975 5125 de
1021 5087 1088 5154 post
1112 5080 1275 5149 capuanam
1300 5077 1443 5148 synodum
1455 5081 1540 5147 qesta
1555 5073 1679 5143 fuerint,
1703 5088 1741 5128 cr
1762 5070 1858 5126 Petro

144 5171 239 5226 variis
256 5167 428 5223 tumultibus
454 5164 633 5220 aGuiherto
656 5180 689 5217 ac
714 5164 779 5233 ojus
800 5160 976 5233 sequacibus
1027 5169 1203 5225 cnronr'oom
1213 5171 1411 5237 prosequente
1427 5164 1584 5218 discamus.
1722 5143 1727 5158 ¹

140 5259 295 5322 excitatis,
307 5262 336 5312 et
352 5256 389 5310 de
405 5254 595 5310 coronatione
608 5251 743 5306 Henrici.
1063 5255 1219 5312 oderisius
1231 5252 1333 5308 abhas.
1348 5283 1382 5292 -
1393 5252 1425 5305 In
1441 5252 1544 5306 eodem
1556 5267 1628 5306 vero
1644 5249 1770 5306 concilio
1781 5250 1859 5305 idern

177 5347 377 5420 Expeditioin
388 5343 571 5398 Africam-
581 5339 856 5394 AEstaabatiaterea
864 5337 977 5409 ingenti
1026 5345 1158 5419 pontifex
1174 5342 1306 5414 graviter
1325 5341 1499 5410 infirmatus,
1513 5344 1581 5409 post
1595 5344 1692 5394 actum
1716 5353 1770 5409 per
1798 5342 1860 5392 tres

140 5435 294 5493 desiderio
313 5433 391 5488 idem
401 5433 503 5487 Victor
519 5429 709 5501 apostolicus,
720 5426 846 5499 qualiter
855 5426 977 5481 Sarace·
1027 5437 1092 5491 dies
1112 5432 1279 5498 concilium,
1296 5428 1471 5483 festinanter
1485 5428 1643 5482 Cassiaam
1657 5427 1859 5496 rediit,'atque

140 5539 250 5581 norum
264 5523 295 5577 ia
310 5520 410 5576 Africa
425 5517 667 5574 commorantium
682 5514 887 5583 coafunderet,
905 5528 976 5568 coa·
1028 5541 1095 5580 cum
1111 5521 1260 5594 episcopis
1276 5521 1304 5574 ct
1318 5516 1517 5572 cardinalibus
1533 5516 1632 5571 adhoc
1647 5514 1859 5571 monasterium

140 5614 274 5674 calcaret
286 5614 373 5684 atque
388 5610 555 5666 contereret
569 5605 779 5662 infidelitatem.
802 5602 897 5675 Unde,
910 5617 977 5658 eum
1028 5612 1208 5683 ascendens,
1224 5611 1253 5665 in
1269 5606 1428 5679 capitulam
1443 5605 1568 5662 fratrum
1578 5605 1693 5661 ecferri
1705 5602 1858 5675 pracepit,

991 5693 992 5696 '
1030 5708 1059 5763 et
1072 5701 1130 5762 sub
1140 5697 1366 5760 districtissimo
1382 5695 1566 5756 anathemate
1580 5692 1731 5752 merant
1744 5689 1859 5769 aequi·
