3900 6112
107 5662 150 5736 k

157 249 216 314 599

534 249 592 309 Ab
612 248 704 310 ΟΡΡ.
729 247 762 311 S.
786 245 974 308 ANSELMI
997 243 1201 308 LUCENSIS
1222 245 1490 311 APPENDICES

159 453 260 522 priora
276 450 339 505 siro
354 449 530 519 posteriora,
546 465 613 520 quae
628 449 657 503 in
672 448 870 503 huselmisnas
889 447 989 501 Colle·
1013 427 1033 481 Α
1048 446 1213 500 lrrauaceus
1235 461 1269 501 ac
1293 446 1550 519 elegantissimus,
1567 447 1675 516 medio,
1693 446 1735 501 uti
1751 443 1797 502 vid

82 598 84 603 ,
159 541 265 596 ationis
280 540 434 595 codicibus
451 539 648 608 reperiuntur,
666 538 694 591 iu
712 539 770 591 illis
794 539 881 592 etism
897 536 990 592 colle·

160 630 307 684 ctinnibus
323 630 439 682 exstuat
455 643 521 698 quae
537 642 572 681 ex
593 626 726 680 Ausetani
741 626 918 680 Collectione
936 625 989 679 de-

160 721 268 787 cerptae
285 721 354 771 sunt
369 717 424 783 (9.1.
435 716 519 780 Quod
534 732 594 786 pras
620 716 737 770 caeteris
760 731 796 769 ex
811 715 990 770 Collectione

160 821 247 876 quam
263 804 370 859 Boniao
385 804 523 859 Sutriuus
532 805 702 875 episcopuS,
711 808 739 858 et
750 804 780 859 S.
792 805 923 859 huselmi
935 822 986 858 ee·

161 910 254 960 sevus,
263 895 350 963 paulo
361 897 428 963 post
439 909 515 948 anno
529 891 597 947 1689
609 894 774 963 composuit
790 896 817 947 rt
831 893 990 948 Decretale

162 987 377 1054 seusyutagma
389 982 575 1036 decretorum
585 983 855 1037 ecclesiasticarum
865 985 991 1055 inserip-

163 1070 991 1142 sit,deinaxillisqunsGreporiuspresbyterctDeusde·

161 1159 202 1212 dit
218 1159 273 1227 (aa)
289 1159 539 1226 adornarunt,nec
555 1175 612 1213 nou
628 1175 664 1213 ex
680 1160 879 1215 Auselmiauis
890 1178 992 1217 excer-

161 1247 229 1316 ptis,
247 1247 582 1317 vindebonensinempe
592 1248 853 1316 etCassincusi,ac
865 1252 991 1322 denique

161 1335 441 1405 examplissimailla
451 1338 712 1407 elannbissaepius
722 1338 835 1392 tottilata
848 1356 992 1395 cationum

161 1423 340 1479 Collectione
355 1429 485 1495 apparet,
494 1442 560 1496 quaa
576 1427 645 1480 olim
657 1427 685 1480 in
697 1428 890 1483 celeberrima
901 1430 994 1484 socic-

160 1514 228 1567 tatis
244 1515 317 1568 lesu
332 1513 510 1568 bibliotheca
526 1514 651 1569 Parisiis
667 1517 814 1585 exstabat,
827 1533 904 1572 nunc
920 1534 991 1573 vero

161 1601 292 1656 Berelini
308 1602 336 1654 in
351 1603 509 1657 clarissimi
534 1603 667 1674 Savignii
692 1604 869 1660 bibliotheca
889 1623 992 1662 asser-

161 1694 255 1744 vatur.
273 1691 349 1744 Hinc
366 1690 504 1744 facillime
520 1691 584 1746 lteri
600 1692 693 1762 potuit
704 1696 734 1746 ut
745 1693 892 1764 ejusmodi
904 1696 992 1750 docu-

1048 537 1159 593 saeculn
1174 537 1347 593 duodecimo
1367 536 1565 606 conscriptus.
1586 535 1688 591 Codex
1707 550 1784 591 vero

1048 626 1116 682 1361
1132 630 1219 699 longe
1235 627 1433 697 prestantior,
1441 627 1469 678 et
1477 626 1550 679 mira
1560 624 1715 697 diligentia
1727 640 1797 680 exst

1049 717 1112 770 Nos
1127 718 1182 771 etsi
1199 717 1282 770 hisce
1297 715 1413 769 duobus
1429 714 1582 769 codicibus
1598 730 1660 784 pras
1683 713 1797 770 casterii

1049 802 1797 876 simus,nequaquamtameureliquosadireaeglexi

1050 895 1079 948 in
1094 894 1131 948 iis
1146 895 1310 964 praesertim
1326 909 1392 964 quse
1408 893 1444 946 ud
1455 892 1667 948 restituendam
1683 892 1796 963 capitul

1050 985 1168 1052 seriem,
1185 999 1271 1053 quam
1287 983 1317 1036 in
1333 982 1470 1036 omnibus
1485 981 1547 1036 lere
1569 981 1757 1037 Anselmiani
1781 995 1797 1036 0

1050 1072 1203 1127 codicibus
1224 1072 1368 1126 turbatam
1394 1086 1463 1125 esse
1479 1070 1744 1140 deprehendimus,
1770 1068 1797 1125 al

1050 1161 1194 1215 inservire
1211 1176 1300 1230 passe
1312 1159 1499 1215 videbantur.

1086 1250 1246 1304 Auselmus
1262 1265 1336 1318 opus
1352 1264 1439 1303 suum
1454 1249 1484 1302 in
1497 1246 1639 1303 tredecim
1654 1247 1754 1302 libros
1768 1244 1797 1301 di

1050 1354 1174 1408 quorum
1190 1337 1310 1408 singuli,
1332 1341 1417 1407 prout
1434 1352 1533 1391 rerum
1552 1336 1774 1391 tractandarum
1795 1356 1797 1383 ι

1050 1431 1178 1480 utentum
1194 1426 1403 1496 expostularet,
1419 1429 1480 1479 tum
1493 1425 1644 1497 majorem,
1658 1428 1721 1479 tum
1735 1423 1797 1478 min

1051 1513 1244 1582 capitulorum
1259 1528 1413 1567 numerum
1429 1513 1673 1582 complectuntur.
1691 1512 1782 1566 luvet

1051 1619 1116 1657 rum
1133 1602 1267 1656 rubricas
1283 1618 1341 1655 una
1356 1601 1797 1671 cumcupitulorumnumeroet

1050 1692 1221 1745 leriniorum
1238 1705 1326 1760 opere
1342 1690 1391 1744 hic
1406 1704 1572 1760 apponere:

161 1781 257 1833 menta
275 1794 311 1832 ex
327 1779 393 1833 istis
409 1779 646 1849 collectionibus,
663 1798 729 1852 quae
741 1798 843 1837 omnes
860 1800 926 1838 cum
936 1787 994 1838 Au·
1018 1779 1144 1852 ssliibl.
1158 1779 1334 1850 Deprimatu
1349 1784 1379 1833 et
1389 1778 1567 1834 excellentia
1577 1779 1715 1833 Romanae
1725 1776 1797 1832 Eccr

163 1866 305 1920 selmiano
329 1882 418 1937 opere
440 1869 596 1922 maximam
622 1870 842 1925 similitudinem
864 1872 992 1938 habent,

162 1953 398 2022 desumerentur,
414 1959 500 2026 atque
517 1957 670 2012 codicibus
686 1959 714 2012 iu
737 1960 845 2029 quibus
860 1961 993 2015 anselmi

163 2042 302 2098 Collectio
318 2043 551 2111 describebatur,
569 2044 816 2117 adjungerentur.

198 2131 255 2185 Sed
267 2131 329 2201 jam
347 2132 382 2186 de
394 2133 548 2187 codicibus
560 2149 633 2188 mss.
645 2135 844 2190 husetmianis
855 2137 994 2191 nonnulla

163 2220 286 2274 dicenda
301 2237 370 2275 esse
386 2221 532 2275 videntur.
552 2222 614 2277 Nos
631 2223 659 2276 in
676 2223 865 2279 elaborandis
880 2227 995 2280 nostris

163 2311 192 2362 in
208 2311 339 2364 Anselmi
356 2315 384 2365 et
399 2309 527 2365 Gratiani
544 2327 633 2380 opera
659 2313 919 2384 disquisitionibus
935 2318 994 2368 tum

166 2399 323 2455 Vaticanus
338 2402 399 2454 tum
409 2399 596 2471 Parisicnses
608 2401 726 2455 codices
739 2403 995 2472 inspeximusCo

165 2487 247 2542 dices
265 2488 449 2542 parisienses
466 2504 568 2557 parum
588 2492 637 2543 aut
660 2490 731 2544 nihil
758 2491 793 2544 ad
818 2508 880 2546 rem
897 2493 995 2547 lucere

165 2578 300 2645 possunt.
319 2577 425 2647 quippe
449 2578 498 2647 qui
520 2593 622 2631 omncs
645 2579 836 2648 recentiores
855 2585 893 2649 et,
909 2582 997 2650 prout

162 2663 225 2734 ‚jam
241 2664 380 2733 superius
396 2665 610 2734 attentavimus,
628 2683 665 2720 ex
677 2668 829 2722 codicibus
842 2670 995 2738 Romanis,

166 2751 378 2806 Barbariniano
394 2752 509 2808 scilieet
524 2759 551 2808 et
567 2755 707 2809 Vaticana
724 2771 793 2810 nam
803 2756 883 2823 1993,
892 2757 996 2827 paucis

167 2839 361 2910 solummodo,
378 2843 507 2912 quantit
525 2843 706 2899 Anselrnioni
728 2845 847 2899 codices
870 2843 995 2899 forsitan

167 2928 299 2982 Vaticani
322 2930 560 3000 suppeditarunt,
588 2931 727 3003 adJ'ectiS,
751 2933 892 3003 exscripti
915 2937 994 2988 sunt.

166 3014 267 3071 Codex
284 3015 443 3073 Vaticanus
458 3019 545 3073 modo
569 3020 686 3089 0110100,
711 3021 884 3076 chartaceus
910 3026 996 3093 atque

167 3105 277 3159 nullius
288 3107 385 3176 pretii,
394 3106 485 3178 jussu
497 3125 592 3164 sacrae
603 3112 848 3181 congregationis
857 3112 893 3166 de
902 3127 999 3166 emen·
1018 3141 1043 3203 ο

166 3193 284 3249 datione
299 3195 417 3250 llecreti
431 3195 561 3251 Gratiani
577 3200 767 3268 conscriptus
778 3202 833 3254 est.
843 3200 997 3254 Librarius

167 3284 997 3353 omnesoperisnasetmtantcorticesVatioanosadsuurn

167 3371 298 3426 codicem
310 3374 489 3428 exarandum
501 3375 685 3446 adhibuisse,
696 3378 782 3446 atque
793 3377 919 3447 capitula
931 3393 997 3447 quae

168 3475 245 3514 uaris
256 3477 317 3530 praa
326 3461 392 3516 aliis
402 3463 485 3531 plura
495 3463 625 3531 exhibet,
634 3465 663 3518 in
674 3480 761 3519 suum
773 3465 905 3520 codicem
916 3481 998 3520 rece·

166 3548 999 3622 pissevideturllujusmodieodicecorreetoresRomani

167 3652 230 3708 pras
245 3639 361 3693 caeteris
378 3639 424 3693 aa?
442 3644 520 3706 0001,
538 3640 614 3695 unde
630 3641 737 3694 lactum
756 3641 904 3695 eredimus
920 3642 998 3712 quod

167 3725 291 3797 plurima
301 3728 395 3797 capita
405 3743 472 3799 quaa
482 3732 620 3799 tanquam
630 3745 666 3783 ex
676 3730 810 3784 Anselmi
819 3729 999 3785 Collectione

167 3829 183 3867 a
199 3814 336 3870 Gratiano
352 3819 480 3870 mutuata
493 3816 627 3886 afferunt,
640 3819 669 3872 in
684 3819 823 3888 genuinis
839 3818 919 3874 illius
934 3834 1001 3889 ope·

168 3901 210 3955 ris
226 3902 379 3957 codicibus
394 3905 513 3959 minime
528 3907 724 3961 inveniantur.

203 3988 303 4046 Codex
319 3991 559 4061 Barberinisnns,
576 3997 626 4066 qui
643 3995 782 4051 Vaticano
800 4011 870 4050 mox
883 3995 999 4050 laudato

168 4078 336 4134 simillimus
348 4083 403 4151 est,
415 4086 527 4152 septem
543 4085 658 4152 priores
675 4084 875 4139 tantummodo
890 4084 1001 4140 Collec-

1158 1868 1249 1934 AliaS,
1259 1867 1302 1921 Be
1315 1873 1463 1938 potestate
1472 1874 1501 1922 et
1509 1867 1639 1938 primatu
1651 1862 1797 1937 apostolic

1158 1957 1215 2010 die.
1227 1955 1260 2011 C.
1275 1954 1319 2025 90,
1338 1955 1374 2009 al.
1392 1954 1436 2024 91,
1453 1957 1500 2010 vel
1515 1955 1559 2010 91.

1124 2047 1158 2101 ll.
1175 2045 1219 2100 lle
1235 2045 1376 2099 libertate
1399 2043 1615 2115 appellationis.
1639 2043 1733 2111 illias,
1752 2041 1795 2097 De

1159 2140 1237 2188 matu
1253 2133 1388 2188 ttomaara
1403 2132 1586 2188 Ecclesiaeet
1602 2132 1748 2187 libertate
1763 2146 1797 2202 ap

1159 2222 1259 2290 tionis,
1275 2221 1307 2276 C.
1324 2222 1367 2287 78,
1387 2222 1422 2276 al.
1439 2221 1483 2275 8l.
1500 2221 1606 2276 00189.

1125 2312 1172 2365 lll.
1191 2311 1234 2366 lle
1249 2310 1354 2365 ordine
1371 2310 1539 2377 accusandi,
1557 2306 1741 2364 testificandi
1756 2311 1797 2378 et,

1159 2400 1255 2454 candi.
1271 2399 1303 2453 C.
1321 2398 1381 2465 117,
1398 2398 1435 2452 al.
1454 2397 1514 2466 tet,
1532 2399 1577 2451 vel
1595 2396 1655 2462 191,
1673 2397 1718 2451 rel
1736 2395 1797 2451 131.

1123 2489 1170 2543 lV.
1187 2489 1231 2543 lle
1244 2487 1472 2559 privilepierum
1485 2486 1672 2541 arroteritate.
1683 2484 1715 2539 C.
1725 2486 1796 2554 55,e

1158 2581 1208 2631 ant
1222 2575 1265 2631 57.

1125 2666 1159 2720 t.
1177 2665 1220 2721 Dc
1236 2664 1475 2719 ordinationibus
1490 2662 1694 2730 ecelesiarum,
1712 2668 1742 2717 et
1753 2661 1790 2718 de

1153 2755 1225 2826 jure
1242 2770 1275 2808 ac
1290 2753 1368 2808 slata
1383 2753 1511 2807 illarum.
1529 2752 1621 2821 Atlas,
1638 2750 1683 2807 De
1696 2750 1797 2807 ordina

1160 2843 1269 2913 etjure
1289 2858 1323 2896 ac
1344 2847 1424 2895 statu
1444 2840 1648 2895 ecelesiarum.
1672 2838 1704 2894 C.
1723 2837 1797 2910 7t,a

1159 2932 1207 2987 vel
1220 2932 1264 2986 99.

1124 3021 1170 3076 Vl.
1197 3019 1240 3075 De
1262 3020 1417 3088 electione,
1443 3024 1473 3073 et
1490 3017 1680 3073 ordinatione
1704 3033 1738 3071 ac
1753 3015 1789 3072 de

1157 3113 1305 3181 potestate
1315 3108 1382 3162 sire
1397 3113 1477 3163 statu
1494 3107 1707 3178 episcoporum.
1720 3104 1752 3160 C.
1766 3103 1797 3162 20

1159 3196 1222 3265 903,
1239 3198 1285 3251 rel
1300 3195 1362 3251 207.

1124 3287 1183 3341 Vll.
1202 3286 1245 3340 lla
1264 3287 1322 3340 rita
1339 3291 1367 3339 et
1384 3285 1571 3340 ordinatione
1586 3281 1797 3338 clericoruml

1159 3375 1202 3430 De
1217 3375 1274 3428 rita
1284 3379 1313 3427 et
1324 3373 1511 3428 ordinatione
1518 3370 1797 3443 presbyterorum

1161 3479 1262 3519 norum
1281 3468 1310 3518 et
1328 3462 1509 3534 reliquorum
1534 3461 1679 3516 ordinum.
1703 3460 1736 3514 C.
1759 3458 1797 3514 20

1160 3551 1223 3621 909,
1240 3549 1365 3605 0111913.

1124 3642 1199 3695 Vlll.
1217 3639 1260 3694 lle
1276 3638 1378 3710 lapsis.
1396 3637 1428 3693 C.
1444 3638 1489 3693 39.

1124 3730 1174 3784 tx.
1192 3729 1235 3783 De
1250 3727 1460 3783 sacramentis.
1476 3726 1509 3781 C.
1524 3726 1569 3796 11,
1586 3726 1623 3791 01,
1640 3723 1685 3781 69.

1126 3819 1161 3872 x.
1178 3817 1222 3872 De
1237 3816 1394 3889 cerrjrrpiis.
1410 3815 1442 3870 C.
1459 3815 1504 3882 63,
1521 3815 1558 3869 al.
1575 3813 1619 3881 68,
1637 3814 1684 3868 vel
1699 3811 1744 3881 70,
1762 3827 1797 3868 au

1124 3907 1173 3962 xl.
1190 3905 1234 3961 De
1245 3905 1430 3977 paenitentia.
1448 3903 1480 3959 C.
1498 3902 1560 3972 itt,
1576 3903 1613 3957 al.
1631 3900 1694 3956 179,

1125 3994 1192 4049 Xll.
1208 3994 1252 4049 De
1267 3994 1578 4049 excommunicatione.
1595 3991 1627 4047 C.
1642 3989 1688 4044 rt.

1125 4083 1201 4138 Xlll.
1218 4082 1262 4138 lle
1280 4081 1410 4137 vindicta
1427 4086 1456 4136 et
1464 4078 1784 4154 persecutionejusta.

168 4167 258 4222 tionis
272 4168 365 4225 libros
381 4171 593 4241 complectitur,
612 4190 646 4228 ac
662 4190 763 4243 parum
788 4177 835 4228 aut
851 4173 912 4229 lere
927 4173 999 4228 nihil
1160 4171 1257 4241 0199,
1275 4169 1380 4224 00191.

168 4257 212 4310 rei
228 4259 339 4312 criticae
355 4259 524 4330 adjumento
541 4277 610 4316 esse
635 4263 741 4331 peterit
762 4279 800 4317 ex
814 4262 891 4335 quod
912 4262 1000 4316 nimis
1089 4259 1308 4315 Admethodum
1319 4259 1518 4330 quedspectat
1528 4255 1797 4328 quamhuselmus1

96 4354 105 4365 ⁵
169 4345 1001 4420 interpetatussit.DoctissimusSartius,ordinisCamsl-
1054 4365 1143 4419 opere
1159 4349 1343 4417 compilando
1359 4347 1502 4415 adhibuit,
1514 4346 1595 4400 illum
1607 4346 1643 4399 ab
1659 4347 1797 4399 antecesa

168 4433 303 4491 dulensis
319 4436 422 4504 decus,
439 4453 525 4508 quem
548 4438 584 4492 de
596 4439 677 4509 ,iuris
702 4440 799 4494 civilis
821 4444 849 4494 et
865 4438 1001 4494 canonici
1054 4438 1191 4509 vestigiis
1206 4437 1325 4492 minime
1342 4436 1511 4491 recessisse
1526 4432 1789 4504 deprehendimus.

168 4524 999 4596 antecessorumhistoriaoptimemeritumesseconstnt,
1054 4526 1354 4595 morumpontificum
1378 4523 1545 4579 decretales
1569 4522 1683 4576 litteras
1709 4521 1797 4576 modo

168 4611 336 4685 oper-iquod
345 4612 386 4666 De
393 4612 720 4686 elarisarehigymnasii
731 4616 1002 4686 Bononiensispro·
1056 4631 1137 4688 gras,
1154 4614 1240 4669 medo
1256 4615 1285 4667 in
1300 4617 1401 4684 partes
1412 4613 1578 4682 discerptas
1588 4609 1791 4680 compilationi

169 4701 543 4774 sessoribuspublicijtrris
555 4702 634 4771 lecit,
650 4707 816 4759 accuratam
827 4720 862 4759 ae
876 4704 1000 4776 diligen·
1056 4706 1123 4772 ruit,
1139 4703 1285 4774 inquibus
1302 4701 1480 4771 recipiendis
1496 4701 1594 4771 potius
1611 4696 1778 4752 Barchardi
1795 4697 1797 4703 ’

168 4794 227 4845 tem
242 4791 376 4862 ejusdam
393 4791 505 4846 codicis
522 4791 745 4847 illustrationem
760 4791 962 4864 inseruitffitl).
1055 4793 1207 4847 mutiensis
1230 4790 1396 4857 Decretum,
1421 4805 1508 4859 quam
1531 4787 1618 4841 aliam
1642 4785 1721 4840 illam
1743 4785 1797 4840 Ant

206 4880 308 4934 llestat
324 4882 354 4934 ut
377 4881 413 4935 de
429 4880 495 4935 aliis
519 4881 636 4936 duobus
660 4882 815 4937 codicibus
838 4880 997 4944 Vaticanis,
1056 4881 1218 4937 dedicatam
1231 4877 1440 4933 Collectionnm
1456 4876 1631 4931 adhibuisse
1647 4873 1794 4928 dicendus

170 4982 198 5020 n.
215 4965 412 5025 1669011361
428 4971 565 5042 signatis,
582 4986 675 5040 pauca
690 4970 834 5024 dicamus.
848 4969 1000 5026 Posterior
1091 4969 1209 5024 Minime
1224 4966 1429 5022 necessarium
1443 4965 1579 5020 ducimus
1595 4967 1626 5019 ut
1643 4962 1763 5017 modum
1787 4961 1797 5016 1

170 5069 293 5111 maneus
309 5062 400 5128 estet
414 5059 490 5115 libro
500 5059 655 5116 undecimo
667 5059 896 5129 earet.Uterque
912 5074 999 5114 mem·
1055 5058 1237 5130 explicemus
1252 5071 1311 5128 quo
1326 5053 1486 5111 Anselmus
1497 5051 1661 5108 Barchardi
1672 5051 1797 5106 Decreta

174 5233 253 5286 'uxta
264 5237 508 5291 consuetudinem
517 5237 662 5293 hactenus
670 5227 809 5305 habitam,
822 5238 867 5291 eis
876 5236 1000 5291 liberam
1055 5235 1117 5291 661.

168 5252 319 5358 licentiam
333 5307 507 5374 permittatis
522 5324 575 5378 per
596 5308 758 5379 apostoliea
781 5308 868 5362 vobis
887 5309 999 5376 scripta
1090 5302 1551 5375 (9819060010ἰί100011.,0.ιο,
1572 5315 1636 5370 cap.
1659 5298 1702 5367 tt,
1725 5311 1795 5368 pag.

171 5373 335 5428 mandando
351 5377 549 5446 praecipimus,
575 5381 632 5433 nisi
657 5378 732 5434 lorte
754 5377 999 5433 exeommunicati
1053 5375 1115 5432 656.

1089 5445 1300 5518 (99)1.00.011.
1317 5443 1361 5500 Cl.
1379 5440 1538 5511 01100195,
1556 5456 1658 5511 supra.

172 5444 368 5499 1001101901.
386 5445 482 5502 Later.
498 5465 559 5503 run
575 5449 653 5504 Maii.
672 5473 683 5497 n

208 5512 430 5585 (97)6011001011
449 5517 504 5572 loc.
521 5520 581 5588 cit,
598 5538 625 5589 p.
642 5536 681 5589 rr,
699 5537 762 5590 cap.
783 5516 827 5588 16,
845 5516 998 5590 003661-
